2048 3343
270 99 316 146 48
644 90 940 129 OPER1S

1004 86 1454 126 H15T0R1c1

270 180 299 202 ta
312 164 474 213 prophetia
488 162 531 197 est
546 162 583 197 de
597 162 671 195 ludae
685 161 1026 207 commodis&praer0—
1061 160 1144 195 tribu
1165 160 1238 195 Iuda
1258 161 1420 207 Principes
1444 160 1567 193 Othniel
1585 163 1618 196 δε
1636 161 1771 207 Abestm,
1795 167 1829 198 &

272 217 392 263 gatiws,
406 214 559 260 verbaque
573 210 907 259 sequentia‚legissator
921 209 959 243 de
973 221 1026 256 pe-

272 265 360 298 dibus
370 265 443 307 ejus,
453 260 617 296 necessario
631 259 768 295 efficiunt
781 258 982 307 praecedentia
992 257 1029 292 de

272 313 356 361 virg&
368 311 529 356 majestatis
542 315 572 346 &
586 311 706 357 imperii
721 309 847 356 intelligi
862 318 1010 355 oportere
1020 332 1031 347 ,

273 373 466 408 nequaquam
480 361 518 394 de
533 360 617 408 virg&
630 358 834 394 afflietionum
849 362 880 392 &
895 357 1003 392 erutis.

320 409 650 458 TertiumJudaeorum
664 415 823 455 κξ-ήψφόμπμ
831 406 875 441 est
882 431 892 446 ‚
906 405 1031 440 adhunc

275 459 357 493 diem
371 458 487 506 semper
500 456 669 493 remansisse
682 455 832 503 sceptrum
845 457 876 490 in
885 456 970 489 tribu
980 455 1031 499 Ju-

276 508 315 543 ἀὲ
327 533 337 548 ,
362 508 522 555 &semper
535 505 742 542 remansurum
760 505 796 539 ad
816 506 878 540 dies
892 502 1006 537 Mcffiae
1020 525 1030 540 ‚

1064 209 1180 258 semper
1187 209 1271 244 istius
1278 209 1377 244 tribfis
1385 209 1528 256 primaria
1537 208 1594 243 fuit
1601 211 1729 258 dignitas
1737 237 1747 252 ‚
1757 225 1828 247 nam

1066 259 1138 294 sicut
1152 259 1406 307 primogeniturae
1415 283 1425 298 ,
1442 257 1457 292 a
1474 261 1536 305 qua
1548 257 1643 305 lapsus
1650 259 1829 298 estReubem

1066 310 1176 356 duplex
1191 309 1298 356 portio
1314 300 1424 356 Iostpho
1437 332 1448 347 ,
1474 308 1516 342 ita
1529 307 1635 342 honor
1647 312 1678 344 δι
1691 311 1831 354 praeemi„

1067 359 1172 392 nentia
1185 358 1265 392 Iudae
1281 357 1319 391 ab
1333 358 1427 391 initio
1440 358 1649 404 competebat.
1679 361 1785 408 Qare
1799 360 1831 393 in

1068 406 1349 446 castrametatione,
1363 407 1395 439 in
1411 407 1518 453 templi
1531 405 1699 447 sacrificiis,
1719 409 1750 441 in
1766 405 1831 441 sor-

1069 455 1181 488 titione
1202 465 1289 488 terrae
1300 478 1310 494 ‚
1344 455 1376 488 in
1395 455 1484 489 bello
1502 466 1608 490 contra
1628 469 1830 491 communem

1069 502 1192 537 hostem
1212 503 1310 537 tribus
1331 504 1411 538 Iudae
1429 504 1529 550 prima
1542 502 1606 539 sors
1625 503 1742 552 semper
1755 507 1833 540 exti-

112 573 216 602 Nullum
224 575 263 598 ιιι-
279 569 349 591 nam
357 557 518 604 Babylone
531 557 547 592 ὲ
560 555 825 590 Nebncadnezam
839 552 930 598 usque
938 550 1032 597 capti·
1070 553 1124 593 tit;
1138 562 1272 586 attamen
1285 563 1355 586 ante
1368 553 1526 588 Davidem
1540 554 1662 600 Regem
1675 555 1793 589 nullum
1803 555 1832 589 ei

111 613 164 639 dass
184 610 265 650 Baby·
279 607 370 642 vitate
392 608 424 640 in
443 607 526 641 tribu
545 604 620 639 Iudai
639 610 670 640 δε
690 602 805 636 familia
824 599 965 634 (Davide-
990 597 1034 633 est
1072 600 1237 649 sceptrum,
1251 611 1301 635 aut
1314 599 1457 635 constans
1466 603 1663 649 principatus,
1679 603 1832 639 velaDeo

112 651 224 687 lonesce-
279 660 497 699 A'aenss-wm'effi
513 660 544 690 &
562 651 764 701 Qslygaqath
777 659 866 696 capnt
879 649 1032 696 captivita-
1071 651 1116 685 vel
1128 650 1167 686 ab
1179 650 1363 684 hominibus
1377 649 1423 685 est
1437 650 1608 686 concessus:
1626 651 1834 688 nihilominus

110 691 264 730 ptrnmfm't.

278 705 316 738 tis
330 705 383 752 qui
396 707 510 752 regiam
523 705 738 737 austorrtatem
751 700 782 732 in
795 711 904 733 omnes
917 698 1032 745 ubique

277 754 415 793 Iudaeos,
430 756 461 786 in
475 753 580 799 primis
598 749 766 785 Orientalis
782 747 974 794 dispersionis
982 759 1035 780 ex-

279 814 373 838 ercet.
406 801 498 847 Resp.
519 800 595 834 mira
607 798 651 833 est
664 798 728 832 haec
748 796 948 831 Mmmonidae.
960 799 992 830 &
1004 807 1033 828 a·

1071 699 1136 735 satis
1152 703 1183 735 δε
1203 699 1323 734 abunde
1347 698 1383 734 fit
1402 700 1439 735 ad
1459 700 1629 748 prophetiae
1647 702 1833 749 implemen-

1071 760 1137 783 tum
1150 773 1160 789 ,
1185 748 1272 796 quod
1289 750 1424 784 Davidis
1442 750 1549 785 diebus
1568 751 1605 786 ad
1625 751 1706 786 Iudae
1724 763 1832 786 manus

1072 796 1221 844 sceptrum
1235 797 1399 832 accesserit.

278 853 390 886 liorum
403 853 464 895 jam
477 849 589 897 vulgo,
599 847 780 896 Judaeorum
793 846 947 894 protervia
957 869 966 884 ,
981 845 1035 893 qui

279 899 440 946 impudens
452 899 515 933 hoc
525 897 719 933 mendacium
731 897 842 931 audent
856 895 916 929 sine
930 893 1036 928 fronte

280 948 440 984 affirmare.
467 952 572 998 Qam
592 946 699 981 falsum
719 945 763 980 est
781 946 812 979 in
825 955 896 979 toto
915 943 1036 978 secundi

278 999 387 1046 templi
400 1008 543 1045 tempore
557 997 707 1044 sceptrum
716 995 789 1028 Inda
802 993 970 1029 remansisse
977 994 1036 1026 Ba-

1121 846 1259 880 Secunda
1270 845 1434 882 difficultas
1449 847 1493 882 est
1505 873 1515 888 ‚
1540 860 1606 884 non
1625 849 1738 885 diutius
1757 850 1830 886 reti-
1843 871 1956 898 Ratis-mie

1073 895 1166 930 nuisse
1184 895 1293 930 Iudam
1313 893 1464 943 sceptrum
1477 896 1569 944 quarn
1589 899 1737 934 Zedekias
1756 901 1827 935 ulti·
1842 912 1904 938 luda
1912 915 1968 938 sce-

1073 958 1139 980 mus
1151 944 1378 980 Davidicorum
1386 946 1512 993 Regum
1525 947 1678 982 extinetus
1691 948 1735 983 est
1741 974 1751 989 ‚
1777 963 1828 984 an·
1838 959 1927 989 ptrum
1945 950 1995 988 1³⁰st

1073 996 1118 1029 nis
1133 1006 1197 1028 non
1209 995 1285 1029 totis
1299 995 1474 1042 quingentis
1485 1019 1494 1032 ‚
1512 1006 1656 1042 ternpore
1668 1009 1769 1032 autem
1777 1009 1828 1033 to-
1842 991 1983 1019 Zeclekmm.

123 2094 158 2117 Co
164 2090 268 2117 rnmmzis·

123 2130 243 2165 [ememus

124 2170 156 2205 ‘st
164 2180 236 2197 vera.

133 2922 239 2949 Nullum

127 2961 249 2997 ficplrum

134 3010 161 3026 m
186 3002 248 3027 Inda

135 3048 191 3066 ame
208 3045 262 3067 DJ-

136 3080 229 3108 tardem.

280 1049 413 1094 bylone,
427 1052 458 1082 &
470 1047 518 1083 vel
531 1047 690 1081 minimam
704 1045 736 1079 in
751 1044 866 1079 liberos
882 1040 1035 1077 Hieroso-

280 1098 368 1142 lymis
383 1096 509 1144 Judaeos
531 1097 665 1143 captivos
689 1094 898 1140 Babylonicos
918 1091 1036 1137 jurisdi-

281 1147 423 1181 astionem
436 1145 617 1180 exercuisse?
631 1146 673 1179 Et
686 1143 762 1178 vero
775 1156 811 1177 an
824 1142 978 1177 hodierno
986 1141 1035 1175 die

280 1196 330 1230 vel
349 1195 524 1229 Turcarum
542 1195 589 1229 vel
613 1192 767 1228 Persarum
792 1195 963 1239 Imperator
983 1190 1036 1223 ulli

277 1243 387 1293 Judaeo
400 1245 534 1292 Regiam
546 1245 577 1278 in
593 1243 720 1291 Judaeos
733 1240 790 1275 suae
802 1241 928 1276 ditionis
943 1249 1033 1286 pote-

281 1294 389 1328 statem
403 1293 552 1339 permittit
565 1297 577 1326 ?
597 1292 714 1327 Credat
726 1291 788 1324 hoc
802 1291 917 1324 ludaeus
929 1289 1033 1335 apella.

282 1343 380 1378 Certe
393 1355 460 1390 quae
472 1343 503 1376 in
516 1341 570 1376 suo
582 1341 742 1375 Itinerario
758 1341 922 1387 [Benjctmin
937 1337 1038 1371 Tule-

283 1391 382 1426 densis
394 1401 491 1426 narrat
503 1392 541 1426 de
554 1391 630 1425 statu
643 1389 816 1424 Iudaeorum
829 1387 883 1422 sub
897 1385 1038 1433 Caliphis

284 1440 512 1477 Mahumetanis
532 1453 586 1488 per
604 1440 696 1473 multa
714 1436 822 1472 fabulis
844 1437 982 1485 proxima
995 1436 1038 1470 vi-

286 1491 405 1525 dentur.
434 1493 515 1537 Qae
525 1489 599 1525 vero
613 1490 650 1523 de
663 1489 802 1534 Principe
810 1486 921 1521 domus
934 1488 1039 1521 Davi-

289 1540 332 1573 dis
346 1543 377 1573 &
390 1541 454 1584 ejus
468 1540 567 1587 gloria
580 1538 673 1572 habet
684 1561 694 1577 ,
720 1538 825 1570 omnia
844 1535 909 1569 sunt
926 1535 1039 1570 ludicra

289 1593 320 1624 &
333 1589 459 1635 puerilia
470 1613 481 1628 ‚
506 1601 563 1623 nec
582 1588 747 1635 quicquam
767 1583 987 1632 jurisdifflonis
1008 1585 1038 1618 in

289 1636 466 1685 cujusquam
478 1638 569 1673 vitam
581 1646 632 1671 aut
644 1649 753 1671 necem
766 1638 935 1684 important
948 1660 958 1676 ,
986 1647 1040 1669 ne-

289 1688 363 1722 dum
378 1698 411 1722 ut
422 1688 636 1722 austeritatem
649 1685 818 1734 supremam
831 1696 880 1721 aut
893 1686 1042 1733 sceptrum

292 1737 472 1785 significent.
503 1738 652 1786 Denique
671 1737 742 1772 licet
759 1736 891 1773 maxime
905 1735 1042 1782 Regium

292 1791 324 1823 δὲ
337 1787 436 1822 multo
449 1787 678 1823 illustriffimum
690 1786 866 1821 dominium
879 1786 980 1833 quivis
992 1787 1042 1818 Iu-

292 1837 372 1871 daeus
385 1837 552 1884 possideret
572 1836 753 1884 Babylone,
778 1847 828 1870 aut
849 1835 936 1869 ullibi
949 1845 1043 1868 tetra-

291 1898 361 1920 rum
374 1897 456 1920 extra
475 1887 672 1919 Chamwaeam
686 1910 696 1925 ,
722 1885 799 1920 nihil
817 1885 880 1919 hoc
892 1885 928 1919 ad
947 1883 1045 1917 lacobz·

291 1934 545 1969 benedic'tionem
559 1933 705 1982 spe-staret
714 1958 722 1971 ,
735 1947 802 1983 quae
814 1945 880 1969 tota
895 1936 972 1969 intra
983 1945 1044 1969 ter-

288 1996 328 2018 rae
342 1984 492 2031 promissa:
503 1986 653 2019 terminos
666 1985 821 2032 completa
832 1983 891 2020 fuit
898 1999 908 2028 ;
922 1995 954 2020 ut
961 1981 1045 2019 ϊεᾶὶέ

291 2031 408 2078 sumus
421 2047 458 2069 ex
470 2034 666 2068 Maimonide
678 2044 776 2070 notat.

337 2084 445 2118 Tertia
458 2082 601 2119 sententia
613 2097 705 2131 quam
718 2088 749 2119 &
758 2097 816 2119 nos
830 2084 1045 2132 amplectimur

291 2134 465 2167 communis
479 2133 522 2168 est
534 2145 670 2168 veterum
682 2134 872 2173 ludaeorum,
894 2134 1042 2168 Christia-

289 2193 401 2215 norum
413 2186 552 2221 Parrum,
565 2186 596 2217 δε
609 2183 829 2231 plerorumque
836 2184 1043 2218 doEtorumin

288 2229 425 2264 Ecclefifi
437 2240 497 2264 tam
508 2230 752 2265 Protestantium
760 2233 851 2278 quam
860 2232 1044 2265 Pontificio-

287 2291 374 2313 rum:
386 2279 464 2313 hanc
476 2279 688 2327 Spanhemtus,
703 2283 853 2323 Qvettas,
870 2282 901 2313 δέ
915 2279 1042 2325 aliipro-

288 2328 349 2364 lixe
361 2337 499 2367 tuentur,
518 2328 705 2374 completam
719 2328 829 2362 scilicet
842 2325 927 2361 fuisse
946 2325 1043 2360 Iazcobi

289 2376 484 2423 prophetiam
497 2377 569 2411 cum
588 2376 716 2411 Herodes
729 2379 865 2425 Magnus
887 2376 903 2410 a
922 2377 1041 2410 Roma·

290 2427 337 2460 nis
350 2426 523 2460 Iudaeorum
537 2427 685 2474 Regnum
698 2426 822 2473 adeptus
836 2425 879 2460 est
891 2450 900 2465 ,
926 2437 992 2460 tum
1012 2438 1042 2459 e·-

290 2476 354 2509 nim
367 2475 483 2510 receffit
501 2474 652 2523 sceptrum
667 2475 683 2510 a
701 2476 775 2511 Iuda
790 2500 800 2516 ‚
826 2476 917 2522 eique
935 2477 1042 2522 jugum

291 2537 466 2559 extraneum
478 2524 657 2572 impositum
670 2524 714 2559 est
726 2550 735 2565 ‚
748 2530 781 2560 &
793 2525 891 2559 nullus
906 2525 944 2558 de
955 2524 1043 2558 semi-

291 2587 329 2608 ne
349 2577 412 2619 ejus
435 2574 590 2622 legissator
609 2574 770 2611 remansit,
801 2574 985 2621 Synedrium
1004 2574 1042 2608 ab

291 2624 406 2658 Herode
417 2624 456 2658 de
469 2624 574 2658 medio
585 2624 735 2658 sublatum
743 2623 803 2663 est,
819 2636 876 2658 nec
889 2623 986 2658 ullum
995 2627 1044 2658 Iu-

292 2673 360 2707 daeis
380 2673 521 2707 remitum
535 2672 579 2707 est
592 2674 743 2718 judicium
756 2673 793 2707 de
808 2672 986 2720 cujusquam
999 2673 1044 2707 ob

291 2721 424 2768 quodvis
439 2723 554 2757 crimen
568 2723 640 2758 vitfi.

352 2771 430 2819 Q&
443 2772 539 2820 magis
552 2772 726 2805 communis
741 2770 807 2805 haec
819 2768 884 2807 fere
902 2772 1043 2805 omnium

292 2818 541 2855 Christianorum
559 2817 703 2855 sententia
716 2831 833 2866 pateat,
851 2821 945 2857 varias
966 2821 1045 2855 circa

294 2879 360 2901 eam
375 2868 584 2910 difficultates,
599 2869 804 2904 movebimus.

341 2918 453 2953 Prima.
461 2920 591 2953 Nullum
599 2918 655 2954 fuit
669 2916 828 2966 sceptrum,
845 2919 943 2952 nullus
956 2919 1045 2965 legis-

297 2965 378 2999 lator
398 2968 428 3000 in
445 2968 527 3003 tribu
547 2969 626 3002 Iudae
647 2979 716 3002 ante
737 2967 797 3002 sera
818 2967 914 3002 secula
939 2968 1046 3013 diebus

298 3015 439 3050 Davidis.
464 3016 558 3064 Resp.
581 3016 681 3051 Iacobi
693 3017 850 3051 oraculum
864 3015 996 3065 expresse
1004 3015 1047 3050 est

299 3062 337 3097 de
353 3062 423 3096 seris
436 3064 550 3102 seculis,
563 3068 677 3101 ultimis
686 3067 795 3101 scilicet
803 3067 921 3104 diebus,
935 3079 1047 3114 nequa-

299 3124 390 3158 quam
415 3125 489 3160 ergo
508 3114 607 3150 statim
626 3121 658 3152 δε
677 3115 781 3151 seculis
799 3117 906 3164 primis
927 3116 1047 3163 impleri

299 3160 413 3196 debuit:
421 3160 525 3197 dicbus
534 3165 657 3211 quidem
666 3166 804 3201 Indicum
812 3166 874 3203 duo
881 3164 1004 3201 fuerunt
1012 3178 1048 3201 ex

1072 1056 1106 1078 to
1121 1043 1243 1079 secundi
1255 1045 1362 1090 templi
1374 1044 1546 1091 supremam
1559 1045 1590 1078 in
1603 1047 1723 1081 Iudaeos
1739 1059 1831 1094 pote-

1073 1094 1180 1128 statem
1194 1093 1376 1128 exercebant
1389 1093 1557 1129 Pontifices
1570 1096 1706 1135 Levitae,
1728 1096 1831 1132 saltem

1073 1144 1109 1177 ad
1122 1143 1248 1178 Herodis
1268 1141 1361 1190 usque
1374 1144 1530 1191 Regnum.
1562 1142 1656 1192 Resp.
1686 1147 1833 1194 Suprema

1078 1192 1269 1227 Pontificum
1282 1191 1414 1239 potestas
1426 1204 1494 1227 ante
1502 1193 1566 1227 dies
1573 1194 1833 1234 Maccahaeorum,

1074 1240 1176 1275 saltem
1183 1252 1252 1276 ante
1260 1242 1322 1276 dies
1332 1242 1522 1276 eAlexandri
1529 1245 1643 1292 Magni
1649 1246 1735 1279 nullo
1743 1259 1833 1280 com-

1075 1291 1174 1325 modo
1187 1302 1372 1338 argumento
1386 1291 1558 1338 probatur,
1582 1294 1622 1327 ita
1636 1304 1669 1328 ut
1682 1292 1831 1342 sceptrum

1075 1341 1193 1388 regium
1206 1341 1237 1374 in
1244 1340 1474 1387 manibusJudae
1482 1342 1582 1375 multo
1589 1342 1701 1377 diutius
1710 1357 1830 1379 reman-

1074 1388 1143 1424 serit
1158 1390 1250 1437 quam
1264 1390 1343 1437 apud
1356 1390 1443 1424 aliam
1457 1390 1548 1425 ullam
1560 1391 1690 1427 tribum.
1704 1396 1832 1428 Praeter-

1074 1438 1109 1474 ea
1127 1440 1285 1474 oraculum
1305 1437 1469 1485 expressam
1491 1441 1631 1474 continet
1645 1442 1831 1487 disjumfflo-

1074 1501 1163 1529 nem,
1182 1500 1248 1523 non
1262 1487 1368 1521 debuit
1380 1485 1530 1533 sceptrum
1542 1485 1659 1536 semper
1674 1503 1832 1529 remanere

1074 1538 1106 1571 in
1116 1537 1215 1585 Judfi,
1247 1534 1297 1570 sed
1309 1536 1380 1584 post
1395 1546 1535 1570 remotos
1548 1539 1671 1585 Reges,
1695 1539 1832 1587 Legissa-

1075 1599 1174 1626 tores,
1189 1588 1315 1625 Duces,
1329 1589 1361 1620 δε
1375 1586 1505 1620 minoris
1517 1588 1662 1634 potentiae
1675 1589 1832 1637 Principes

1076 1648 1160 1672 erant
1174 1634 1329 1670 successuri
1344 1649 1352 1669 ε
1376 1636 1431 1684 qui
1443 1636 1589 1683 quamdiu
1602 1638 1633 1672 in
1646 1636 1763 1673 summa
1777 1652 1830 1674 au-

1078 1688 1220 1722 &oritate
1233 1685 1460 1734 perseverarunt
1471 1698 1537 1720 non
1550 1685 1594 1721 est
1606 1698 1740 1723 certum:
1754 1701 1831 1736 prae-

1077 1735 1163 1772 fuisse
1175 1737 1301 1785 quidem
1309 1735 1448 1772 videntur
1460 1749 1495 1771 ex
1503 1736 1602 1772 domo
1614 1739 1748 1773 Davtdis
1760 1740 1834 1773 Du-

1078 1801 1126 1822 ces
1139 1788 1248 1822 diebus
1262 1786 1470 1827 eylsalachiae,
1485 1787 1702 1823 &ultimorum
1717 1791 1757 1824 V.
1766 1790 1835 1823 Te-

1078 1837 1218 1872 stamenti
1231 1836 1423 1886 scriptorum.
1447 1838 1501 1872 De
1526 1835 1631 1872 seculis
1651 1839 1769 1885 aliquot
1783 1838 1833 1872 in-

1079 1886 1275 1936 sequentibus
1298 1887 1374 1921 nihil
1393 1885 1544 1921 habemus
1568 1897 1675 1935 praeter
1687 1890 1833 1935 Apocry-

1079 1938 1214 1986 phorum
1223 1962 1233 1978 ,
1247 1942 1278 1973 &
1289 1936 1497 1971 humanorum
1511 1934 1695 1983 scriptorum
1708 1949 1835 1977 eorum-t

1080 2002 1140 2037 que
1165 2000 1334 2036 paucorum
1352 1986 1521 2021 admodum
1544 1985 1735 2027 testimonia,
1767 1998 1835 2034 quae

1080 2052 1144 2073 non
1154 2049 1304 2086 generant
1316 2035 1410 2071 fidem
1423 2036 1582 2071 Divinam.

1126 2088 1234 2122 Tertia
1248 2086 1420 2122 difficultas.
1428 2088 1545 2119 Annon
1553 2085 1667 2120 reccffit
1681 2084 1829 2130 sceptrum
1842 2092 1912 2118 Mal}
1920 2095 1996 2119 Baro-

1842 2141 1901 2159 mm
1922 2135 1996 2159 Mac-

1832 2171 1926 2199 ·cabazos
1930 2175 1997 2209 ponit

1079 2138 1187 2186 aJudsst
1197 2138 1268 2172 cum
1281 2135 1448 2171 Maccabaei
1462 2136 1616 2181 Principes
1629 2146 1663 2167 ex
1676 2132 1758 2167 tribu
1771 2135 1828 2167 Le-

1078 2193 1114 2222 vi
1127 2186 1296 2233 supremam
1315 2185 1510 2229 Regiamque
1527 2182 1710 2228 potestatem
1729 2182 1759 2215 in
1773 2183 1831 2229 Ju-
1849 2213 1852 2217 .

1079 2238 1161 2269 daeos
1175 2233 1382 2267 exercebant?
1406 2230 1459 2264 Ad
1476 2231 1680 2277 gravissimum
1700 2232 1762 2266 hoc
1775 2232 1832 2266 du-
1844 2252 1885 2279 da·

1079 2283 1165 2316 bium
1181 2281 1255 2315 varii
1269 2281 1346 2316 varia
1359 2277 1557 2325 respondent.
1582 2281 1706 2320 Primo,
1726 2281 1833 2315 volunt

1078 2332 1203 2378 quidam
1216 2329 1410 2363 Maccabaeos
1422 2325 1509 2362 fuisse
1517 2331 1622 2364 revera
1634 2329 1672 2364 de
1687 2329 1769 2364 tribu
1779 2332 1837 2378 Ju-

1079 2381 1134 2419 da,
1161 2379 1253 2426 idque
1266 2391 1302 2413 ex
1315 2390 1426 2426 genere
1440 2387 1577 2424 paterno.
1603 2381 1638 2412 In
1650 2378 1706 2413 hac
1721 2378 1839 2414 senten-

1079 2429 1120 2464 tifi
1135 2427 1192 2463 fuit
1206 2441 1271 2462 non
1287 2426 1406 2462 tantum
1423 2426 1631 2461 Genebmrdus
1644 2453 1654 2468 ,
1685 2426 1734 2472 sed
1748 2430 1841 2463 etiam

1079 2480 1231 2513 Batonius
1238 2502 1248 2518 ,
1263 2478 1393 2512 eandem
1407 2476 1462 2511 fibi
1475 2488 1612 2513 mentem
1621 2476 1705 2512 fuisse
1714 2479 1746 2512 in
1756 2479 1844 2526 prio-

1082 2529 1165 2563 ribus
1181 2528 1348 2563 Annalium
1369 2526 1494 2561 suorum
1510 2526 1699 2562 editionibus
1714 2527 1846 2574 profite-

1081 2591 1145 2616 tur,
1167 2576 1220 2612 etsi
1233 2578 1264 2611 in
1279 2576 1504 2622 posterioribus
1517 2588 1586 2611 eam
1601 2577 1788 2612 retractat-it:
1803 2577 1846 2611 Et

1081 2626 1149 2664 sane
1162 2625 1362 2675 putidissimus
1378 2624 1423 2659 est
1438 2624 1488 2659 hic
1502 2638 1608 2665 error,
1632 2638 1702 2661 nam
1717 2627 1747 2661 in
1762 2626 1846 2660 libro

1082 2676 1330 2711 Maccahaeorum
1337 2675 1509 2722 prim0,qui
1518 2675 1659 2710 Baronio
1667 2675 1711 2710 est
1718 2676 1846 2711 authen-

1082 2728 1141 2761 tica
1154 2725 1324 2771 Scriptura,v
1334 2724 1538 2760 eWattathiae
1551 2737 1646 2773 genus
1658 2722 1844 2760 disertissime

1083 2776 1119 2809 ad
1132 2774 1319 2809 sacetdotem
1330 2773 1428 2808 Ioarib
1441 2777 1472 2808 &
1487 2774 1696 2809 Patriarcham
1705 2776 1785 2805 Levi
1795 2785 1844 2806 re-

1062 2857 1064 2870 }
1083 2823 1188 2859 fertur.
1217 2825 1447 2871 Argumentum
1468 2823 1579 2870 prioris
1598 2821 1682 2856 istius
1702 2820 1758 2855 suae
1771 2820 1845 2856 fidei

1084 2887 1148 2908 non
1173 2873 1325 2908 revocavit
1341 2874 1511 2910 Batonius,
1535 2882 1593 2904 nec
1605 2869 1682 2903 ullus
1706 2870 1846 2905 Pontifi-

1084 2924 1148 2956 cius
1161 2925 1227 2967 jure
1240 2933 1382 2955 revocare
1397 2919 1515 2967 potest,
1540 2931 1611 2952 nam
1622 2919 1655 2952 in
1669 2919 1843 2955 authenticss

1085 2970 1153 3018 ipsis
1166 2968 1318 3016 Scriptura
1331 2966 1503 3004 1.Maccab.
1515 2979 1541 3013 ς.
1552 2972 1573 3002 6
1575 2980 1601 3013 ς.
1617 2968 1845 3004 Maccabaeivo-

1087 3030 1191 3055 cantur
1202 3019 1259 3055 viri
1268 3017 1367 3066 Judae.
1393 3017 1464 3051 Nos
1479 3016 1605 3064 quidem
1618 3015 1706 3054 facil&
1717 3016 1845 3064 respon-

1088 3070 1207 3108 demus,
1215 3078 1331 3102 textum
1338 3066 1482 3101 Latinum
1489 3076 1668 3113 corruptum
1678 3067 1727 3103 hic
1734 3066 1804 3107 effe,
1812 3068 1844 3101 in

1087 3120 1206 3154 Graecis
1219 3115 1444 3157 enimffhabetur
1466 3121 1515 3158 Καὶ
1540 3122 1551 3148 ὁ
1574 3119 1631 3160 asyle
1649 3121 1722 3152 ιέὲὶις
1740 3123 1759 3150 e
1777 3122 1796 3149 ei
1812 3123 1845 3149 α·-

1088 3173 1172 3211 δὶλφᾱι
1189 3173 1274 3205 duri,
1294 3169 1391 3208 &vir
1405 3167 1494 3201 ludas
1505 3177 1541 3199 ac
1545 3165 1661 3211 fratres
1672 3168 1734 3214 ejus
1739 3179 1750 3205 ;
1763 3167 1842 3200 Ver-

1721 3213 1760 3248 ba
1772 3225 1839 3261 quac

1842 2222 1869 2238 m
1878 2212 1946 2239 tribu
1954 2217 1996 2240 lu-
