2048 3343
32 345 136 372 letanias

32 392 86 412 erat
103 385 182 421 gemi-

31 434 83 452 nus,

444 119 521 145 ετ
579 107 955 145 CHRoNor.

986 117 1212 145 ocrcr
1269 108 1405 146 L113.
1464 108 1521 146 ΙΙ.

1715 122 1748 161 55

197 178 297 214 solum
310 190 368 225 pro
382 179 460 219 una;
485 179 573 226 quod
591 178 612 213 si
629 178 768 213 excludas
787 177 957 226 Joſs‘phum,
992 178 1060 211 tatis
1068 178 1200 212 rationes
1210 178 1379 226 plerunque
1387 178 1745 227 suntimpeiscrutabiles,

196 228 316 262 additio
330 231 443 261 Μανία
462 229 580 263 nullum
594 229 626 263 in
638 240 771 263 numero
784 229 954 260 incremen-

197 289 263 312 tum
279 273 359 312 facit.

243 326 324 361 Duae
337 327 400 361 aliae
413 325 581 360 solutiones
593 322 760 371 supersunt,
775 334 906 370 quarum
918 334 954 356 u-

195 386 302 425 traque
315 377 430 410 multos
440 375 534 409 habet
544 372 721 408 defensores
732 384 794 407 tam
807 372 953 420 antiquo-

196 439 264 460 rum
277 424 370 473 quam
393 424 603 458 recentiorum
622 423 654 456 in
675 424 804 470 utrique
816 420 953 456 Ecclesia

196 486 263 509 tum
277 472 442 509 Pontifici&
454 484 520 508 tum
537 472 774 507 Protestantium
788 486 797 513 ;
825 482 952 519 utraque

195 524 289 558 nobis
303 524 422 558 videtur
440 523 631 569 conjicienda
648 522 680 555 in
699 534 806 558 unam,
832 534 904 555 nam
917 534 952 554 u-

196 585 302 620 traque
317 574 349 607 iu
362 568 457 607 unum
471 577 502 609 &
516 573 599 607 idem
612 571 727 606 recidit.
754 573 868 604 Hieron
886 584 951 610 mo,

196 622 546 671 Ambrofio,Augustino,
560 621 734 671 Epiphanio,
744 620 846 668 Chryfh
870 632 948 659 omo,

196 677 228 707 &
240 673 304 706 aliis
317 675 457 708 Patruin:
471 670 607 717 Calvino,
617 671 952 710 Chemnici0‚‘Beu‚Pi-

189 722 302 766 ftatori
308 747 315 759 ‚
333 726 473 761 Gomaro,
481 724 506 754 S
521 721 668 759 anhemio,
677 723 790 759 Graio,
800 722 828 753 G
829 720 949 755 aalma,

195 775 320 811 Bucero,
328 776 359 806 &
368 772 432 805 aliis
444 733 639 805 nossrorum:
654 768 772 804 Glossae
779 768 951 808 ordinariae,

195 823 328 867 Lyram,
343 819 495 865 Abulenfi,
511 819 643 868 Janfinio
652 843 659 856 ,
676 819 870 854 Mala'onam,
885 820 951 850 ‘Ba-

195 869 298 910 radio,
325 874 357 905 &
381 870 446 904 aliis
471 868 711 905 Pontificiorum
729 869 847 904 videtur
864 867 951 915 quod

194 916 250 953 sub
263 932 328 953 uno
337 919 476 967 Jeconiae
489 920 618 953 nomine
632 918 698 952 duae
711 916 847 965 personae
860 917 950 950 intel-

194 968 324 1016 ligendae
338 968 412 1008 sint,
427 979 513 1015 pater
525 966 636 1002 scilicet
648 966 815 1016 Jehojan
827 970 858 1001 &
871 964 951 1000 filius

195 1017 363 1064 Ichojachin
371 1043 380 1057 ,
395 1019 473 1052 inter
485 1029 565 1065 quos
578 1018 648 1052 licet
659 1016 744 1051 τεᾶὲ
756 1019 953 1063 Hieronymus

196 1067 337 1103 observet
350 1068 480 1115 aliquam
494 1068 526 1101 in
533 1067 641 1101 ultima
653 1064 763 1113 syllaba
776 1067 903 1100 duarum
915 1064 951 1098 li-

195 1129 330 1152 terarum
337 1115 540 1151 differentiam
548 1141 558 1155 ,
578 1115 649 1150 cum
656 1126 740 1162 pater
747 1113 952 1160 scribaturper

195 1169 225 1200 Κ
237 1171 268 1202 &
281 1170 320 1201 M
333 1166 411 1200 filius
424 1178 479 1214 per
496 1167 565 1201 CH
580 1169 612 1199 &
623 1165 673 1202 N,
689 1176 792 1199 tamen
805 1164 836 1196 in
848 1161 951 1196 tradu-

195 1217 302 1251 Ctione
310 1216 520 1249 Hebraeorum
533 1215 569 1249 ad
577 1215 688 1249 Graeca
696 1218 726 1249 δι
734 1213 842 1247 Latina
849 1212 950 1248 mult&

195 1268 296 1309 major
307 1264 477 1299 differentia
487 1265 519 1298 in
533 1264 712 1298 nominibus
718 1261 852 1311 propriis
865 1261 950 1296 ordi-

194 1314 280 1348 nario
293 1311 483 1348 absorbetur.
554 1320 557 1324 “
647 1317 651 1319 ’

240 1364 334 1398 Multi
347 1374 451 1398 autem
464 1363 515 1396 alii
527 1362 597 1409 post
609 1361 828 1410 Epiphaniam,
847 1359 951 1395 uthaec

192 1412 359 1448 obscuritas
372 1412 569 1447 illustraretur
582 1437 593 1452 ‚
615 1414 762 1459 putarunt
776 1410 951 1445 addendum

191 1461 324 1509 expresse
337 1473 456 1509 patrem
469 1462 649 1509 Iehojakf'm,
664 1464 694 1495 δι
703 1461 817 1495 addidit
824 1459 950 1509 quidem

190 1524 227 1545 ex
241 1513 369 1559 antiquo
382 1508 586 1558 manuscripto
606 1514 702 1544 Graeco
716 1509 871 1554 ’Qberms
885 1511 949 1542 Ste-

187 1560 314 1609 phanus.
351 1563 442 1596 ‘Beza
455 1585 465 1601 ,
486 1561 577 1595 etiam
591 1560 621 1593 in
634 1559 790 1606 prioribus
803 1558 950 1593 editioni-

190 1612 248 1644 bus
261 1608 379 1644 suarum
387 1621 530 1645 notarum
536 1633 545 1647 ‚
570 1614 601 1644 &
607 1608 752 1653 Pifiator‚
767 1610 842 1642 item
849 1607 949 1642 Biblia

189 1660 360 1707 Anglicana
373 1667 490 1700 vetera,
508 1660 601 1694 etiam
615 1659 752 1699 Gallica,
773 1662 804 1693 &
818 1658 873 1692 alia
886 1657 946 1692 bo-

188 1712 229 1745 na
255 1722 326 1744 cum
352 1710 532 1744 Maldonast
549 1710 745 1757 aliorumque
763 1707 946 1743 Pontificio-

188 1761 372 1807 rumgratia.
397 1761 543 1794 Attamen
557 1756 715 1804 calvinus,
728 1761 812 1793 Beza
819 1769 947 1806 quoque

188 1809 220 1842 in
234 1810 372 1844 editione
383 1808 434 1843 sua
447 1809 554 1844 ultima
566 1833 577 1848 ,
609 1812 640 1843 δι
654 1808 823 1856 Anglicana
841 1820 922 1842 nova
934 1831 944 1846 ,

188 1870 223 1892 ac
236 1861 339 1892 Iunius
352 1871 386 1893 ac
404 1859 454 1892 alii
472 1858 610 1905 plerique
621 1882 631 1898 ,
659 1870 726 1892 non
737 1857 946 1892 existimarunt

188 1908 394 1942 commodum
408 1909 575 1955 quicquam
589 1909 621 1941 in
634 1917 718 1941 textu
730 1918 864 1947 mutare,
877 1907 946 1941 licet

188 1955 275 2003 supra
288 1958 405 1991 di&am
418 1959 589 1992 leffionem
599 1957 732 2003 (Ioakff'm
738 1958 844 2004 genuit
852 1957 948 2004 Jeco-

188 2007 288 2052 niam)
304 2008 334 2040 in
354 2009 491 2054 margine
505 2006 706 2054 apponebant
725 2007 836 2041 Graeca
849 2019 946 2054 nupe-

188 2068 220 2088 ra
233 2055 457 2091 Londinensia:
482 2069 571 2104 parva
590 2057 732 2104 inquam,
759 2069 824 2091 non
837 2068 946 2103 magna

186 2105 361 2152 polyglotta
372 2129 381 2141 ,
413 2119 481 2152 quae
499 2118 601 2153 neque
619 2106 651 2139 in
669 2106 787 2141 Graeco
806 2108 946 2141 atticano

190 2154 454 2198 (Alexandrinum
480 2156 635 2201 exemplar
658 2166 740 2190 caret
772 2156 877 2190 multis
913 2156 945 2189 in

188 2204 342 2251 principio
354 2203 498 2237 Matthaei
508 2204 676 2250 capitibus)
691 2217 793 2252 neque
808 2206 943 2251 Syriaco,

188 2263 290 2299 neque
302 2253 457 2289 Arabico,
489 2265 591 2301 neque
604 2252 743 2292 Perfice,
775 2266 877 2299 neque
888 2255 943 2286 ΑΞ-

188 2299 331 2347 thiopico
350 2303 517 2347 quicquam
532 2302 549 2335 a
567 2301 676 2335 nostro
688 2303 813 2349 vulgato
830 2301 881 2336 hic
893 2313 945 2335 va-

191 2349 287 2382 riant:
310 2349 525 2383 Nihilominus
539 2361 650 2383 omnes
664 2350 783 2395 priores
799 2353 945 2383 Iecom'am

991 239 1061 260 cum
1075 228 1112 261 ab
1126 227 1191 273 ipso
1204 228 1312 260 nullibi
1325 229 1504 264 revelantur.
1537 230 1622 264 Hinc
1639 228 1747 265 fortas-

989 273 1023 307 sis
1041 276 1085 309 est
1098 276 1184 323 quod
1196 276 1344 320 Piscator,
1366 278 1616 326 Carrvvstffnu,
1643 283 1674 314 &
1687 281 1746 318 alii.

988 323 1100 358 nullam
1114 326 1163 359 hic
1177 323 1316 360 censeant
1329 319 1529 371 quaestioncffi
1545 329 1745 366 movendam.

1035 374 1192 414 Secundo,
1206 385 1240 408 ut
1252 385 1340 408 notat
1355 374 1574 422 Chrysistamm,
1588 381 1618 411 &
1633 377 1746 424 postu-

986 419 1050 455 lum
1077 423 1236 459 Calvinus,
1263 424 1374 471 aliique
1393 424 1480 459 multi
1506 425 1537 457 in
1556 426 1660 461 locum
1680 438 1743 462 tam

988 469 1194 505 Protestantes
1207 471 1301 519 quam
1315 473 1470 507 Pontificii
1479 497 1488 512 ‚
1514 473 1553 507 ab
1566 474 1741 510 Almzlmmo

986 519 1022 554 ad
1036 519 1196 555 Christum
1209 532 1271 555 tres
1289 519 1413 555 fuerunt
1432 522 1562 570 insignes
1581 524 1741 571 Reip.Ju-

986 569 1076 604 daicae
1089 571 1291 605 mutationes:
1310 571 1430 605 vivebat
1441 573 1572 618 populus
1585 572 1623 606 ab
1637 573 1742 606 Abra-

985 618 1073 652 hamo
1091 620 1128 654 ad
1147 620 1309 653 Davidem
1329 619 1383 655 sub
1401 621 1642 655 extraordinario
1650 623 1741 669 Judi-

986 681 1056 702 cum
1071 668 1309 715 gubernamine;
1323 670 1471 704 {Davtde
1483 671 1519 705 ad
1532 672 1738 718 captivitatem

985 717 1208 764 Babylonicam
1232 717 1286 753 sub
1311 720 1468 754 ordinario
1487 722 1613 768 Regum
1630 734 1639 761 ;
1666 721 1738 756 inde

984 767 1021 801 ad
1034 767 1194 802 Christum
1208 765 1261 802 sub
1273 768 1400 804 infirmo
1412 770 1582 816 principatu
1596 771 1737 810 Ducum,

985 817 1188 854 Pontificum,
1214 823 1246 853 &
1259 819 1398 852 aliorum.
1430 819 1493 853 Sub
1507 820 1678 863 judicibus,
1703 831 1737 854 ut

987 867 1072 902 recte*
1086 878 1173 901 notat
1187 870 1324 916 firmus,
1339 867 1377 902 ab
1390 866 1568 901 Abrahamo
1580 869 1616 902 ad
1631 872 1738 903 Davi-

984 916 1050 949 dem
1062 915 1180 950 inclusis
1193 918 1332 951 terminis
1350 917 1448 964 prima'i
1473 916 1576 952 fronte
1588 930 1738 964 quatuor-

984 965 1086 1000 decim
1109 966 1323 1013 generationes
1347 967 1550 1001 occurrebant
1563 991 1572 1006 ‚
1598 965 1652 1001 sub
1675 979 1741 1002 ter-

983 1015 1029 1049 tio
1043 1016 1135 1049 etiam
1153 1014 1296 1049 alecomd
1315 1015 1351 1050 ad
1365 1015 1525 1050 Christum
1538 1017 1670 1050 totidem
1684 1030 1739 1064 ap-

984 1064 1151 1112 parebant:
1177 1065 1209 1098 in
1228 1063 1361 1098 secundo
1374 1089 1384 1104 ,
1417 1065 1489 1098 licet
1508 1066 1608 1112 plures
1625 1065 1735 1106 essent,

984 1125 1087 1147 tamen
1100 1114 1137 1148 ad
1150 1114 1309 1148 memoriae
1322 1115 1458 1148 levamen
1472 1114 1618 1149 secundus
1628 1114 1663 1149 ad
1675 1116 1737 1162 pri-

983 1175 1069 1197 mum
1083 1166 1114 1197 &
1126 1163 1253 1197 tertium
1266 1161 1479 1197 conformatus
1493 1163 1549 1197 est.

1030 1211 1154 1246 Tertio.
1180 1215 1243 1246 Pro
1256 1225 1346 1246 more
1360 1210 1467 1252 seculi,
1488 1215 1628 1261 Ortgenes
1642 1216 1673 1247 ὃ(
1687 1213 1738 1247 alii

982 1274 1019 1295 ex
1032 1262 1172 1296 Patribus
1194 1261 1336 1309 mysteria
1352 1262 1513 1310 allegorica
1531 1263 1562 1295 in
1581 1261 1661 1296 hisce
1679 1276 1738 1297 nu-

983 1311 1076 1345 meris
1090 1311 1190 1345 rimati
1203 1309 1269 1345 sunt
1281 1325 1288 1346 :
1300 1309 1408 1345 Glosl'a
1416 1311 1584 1350 ordinaria,
1598 1316 1629 1346 &
1640 1315 1738 1359 Lyra-

982 1373 1037 1393 nus
1049 1360 1149 1408 aliqua
1161 1361 1199 1395 de
1211 1358 1265 1395 suo
1277 1361 1475 1396 addiderunt,
1492 1365 1523 1396 &
1536 1360 1688 1406 Abulenfis
1699 1362 1737 1395 de

985 1409 1038 1444 suo
1046 1433 1057 1449 ‚
1073 1422 1140 1457 quae
1151 1411 1304 1444 Salmeron
1315 1422 1456 1456 repetens
1465 1435 1474 1450 ,
1488 1415 1521 1445 &
1534 1423 1569 1444 ex
1583 1409 1636 1444 suo
1644 1413 1737 1445 etiam

983 1472 1064 1506 penu
1077 1471 1155 1495 nova
1166 1461 1319 1495 veteribus
1332 1459 1476 1505 adjiciens
1489 1472 1598 1494 omnes
1613 1460 1740 1507 phanta-

984 1509 1075 1543 sticos
1089 1509 1262 1546 decretorie
1276 1510 1462 1556 pronunciat
1475 1534 1484 1549 ‚
1510 1509 1563 1557 qui
1576 1510 1688 1545 nolunt
1705 1510 1738 1543 in

982 1558 1062 1594 hisce
1083 1556 1293 1607 phantasmatis
1311 1569 1344 1592 ut
1368 1557 1470 1593 solidis
1489 1559 1664 1594 veritatibus
1687 1571 1738 1592 ac-

981 1607 1145 1656 quiescere.
1153 1607 1351 1641 Maldonatus
1358 1608 1505 1643 omnibus
1519 1607 1689 1655 superaddit
1701 1621 1739 1643 ex

981 1659 1104 1693 medico
1119 1656 1173 1692 suo
1183 1658 1396 1706 promptuario
1403 1658 1544 1705 politicas
1551 1656 1639 1692 crises
1646 1683 1654 1692 .
1663 1658 1695 1692 Si
1707 1659 1740 1694 in

981 1706 1131 1755 ejusmodi
1145 1709 1236 1756 nugis
1249 1708 1454 1742 examinandis
1468 1708 1615 1743 vellemus
1623 1708 1739 1743 immo-

980 1759 1054 1796 rari,
1068 1757 1167 1792 bonas
1182 1759 1240 1793 otii
1254 1757 1346 1792 horas
1359 1758 1437 1792 male
1451 1757 1659 1805 perderemus.

1148 1857 1452 1896 QuAEsTlo
1501 1858 1571 1885 vn.

979 1916 1138 1969 Qomoa'o
1151 1918 1344 1966 Euangelifi‘ae
1355 1916 1552 1954 Matthaeus
1566 1929 1589 1952 1.
1598 1929 1640 1952 12.
1654 1921 1693 1957 ὠ·
1701 1928 1739 1964 13.

1059 1970 1159 2001 Lucas
1168 1980 1193 2013 3.
1202 1980 1251 2014 27.
1269 1979 1339 2000 cum
1352 1968 1553 2015 1.‘Paralz'p.3.
1564 1969 1659 2013 17.18.

1165 2020 1205 2056 όν
1218 2029 1266 2060 19.
1282 2016 1521 2060 conciliandtfint
1534 2020 1550 2048 ?

1056 2106 1206 2141 Revitatis
1220 2104 1308 2140 causzi
1320 2105 1375 2139 tria
1388 2105 1438 2139 hic
1451 2102 1517 2139 satis
1536 2104 1636 2152 gravia
1648 2104 1741 2139 dubia

981 2113 1047 2195 B
1059 2157 1089 2190 in
1097 2168 1193 2190 unum
1201 2165 1290 2202 caput
1297 2155 1510 2199 conjiciemus.
1521 2154 1741 2203 Primum.Qi

979 2208 1017 2241 ab
1026 2204 1229 2253 Euangelistis
1238 2203 1404 2238 Zorobabel
1408 2203 1487 2238 filius
1493 2203 1659 2237 Salathielis
1666 2217 1741 2237 con-

979 2255 1130 2292 stituatur,
1143 2254 1215 2288 curn
1227 2254 1266 2286 ab
1279 2254 1407 2286 αυὲὶοτε
1420 2252 1680 2300 Paralipomenon
1693 2252 1740 2287 di-

979 2315 1062 2338 catur
1071 2301 1151 2336 filius
1159 2302 1269 2336 Pedasae
1276 2305 1293 2334 ?
1307 2302 1462 2337 secundo.
1485 2303 1553 2352 Qi
1566 2302 1582 2337 a
1594 2303 1740 2335 Matthaeo

978 2350 1166 2384 zorobabelis
1178 2350 1259 2384 filius
1271 2350 1415 2385 statuatur
1432 2350 1548 2387 Alnusl,
1561 2351 1577 2384 εἰ
1588 2349 1676 2385 Lucri
1688 2363 1739 2385 ve-

979 2400 1015 2434 ro
1029 2400 1131 2444 Rhefiz,
1145 2397 1194 2433 sed
1206 2399 1243 2432 ab
1256 2399 1384 2433 auftore
1392 2398 1649 2446 Paralipomenon
1663 2401 1739 2431 Ade-

189 2398 329 2444 priorem
350 2410 409 2433 ver.
418 2410 456 2432 11.
480 2398 518 2432 de
531 2409 614 2445 patre
627 2399 864 2446 interpretantur
875 2423 885 2438 ‚
913 2401 945 2432 δι

188 2446 397 2494 posteriorem
412 2459 487 2483 vers.
496 2459 535 2492 13.
548 2449 585 2482 de
599 2446 665 2481 filio
677 2472 688 2487 ‚
715 2449 755 2482 ita
768 2459 801 2481 ut
813 2445 867 2481 sub
880 2459 945 2482 uno
970 2450 1091 2494 sullam,
1105 2452 1136 2484 δε
1145 2448 1219 2484 Alii,
1233 2447 1296 2481 alto
1309 2459 1371 2482 tam
1383 2447 1421 2483 de
1433 2447 1542 2481 Abtud
1552 2448 1644 2495 quam
1661 2448 1739 2481 Rhe-

187 2497 316 2531 nomine
329 2508 413 2544 pater
425 2496 544 2531 claudat
556 2496 829 2532 Teffaradecadem
840 2494 944 2531 secun-
960 2499 1007 2543 ·sa
1020 2498 1161 2533 silentio?
1178 2497 1303 2531 Tertio·
1322 2500 1374 2530 An
1383 2510 1458 2531 unus
1471 2499 1629 2536 Salamara,
1644 2510 1738 2531 unus-

188 2545 259 2579 dam
271 2571 280 2586 ‚
294 2550 323 2582 δι
337 2545 419 2580 filius
432 2547 557 2594 incipiat
569 2548 708 2586 tertiam,
731 2546 795 2580 hoc
806 2547 900 2594 pacto
908 2560 946 2581 o-
961 2540 965 2597 f
978 2561 1040 2596 que
1059 2545 1226 2581 zorobabel
1241 2545 1375 2580 habendi
1388 2571 1399 2586 ,
1423 2559 1460 2580 an
1479 2546 1552 2581 vero
1573 2545 1738 2581 necessario

188 2607 276 2631 mnes
290 2607 350 2630 tres
363 2594 616 2631 Teffaradecadas
629 2594 792 2631 faciuntilli
805 2596 946 2643 comple-
979 2599 1043 2633 duo
1053 2608 1115 2632 tarn
1128 2594 1295 2630 Salathieles
1308 2594 1401 2643 quam
1414 2595 1604 2629 Zorobabelcs
1622 2595 1738 2631 consti-

3 2675 5 2695 ἶ
187 2656 242 2678 tas.
268 2646 452 2693 Utcunque,
467 2643 635 2680 solutiones
647 2644 735 2680 hasce
744 2646 946 2681 mallenicum
980 2647 1096 2682 tuendi.

2 2702 5 2742 ᾖ
187 2697 316 2735 Emere,
343 2696 454 2742 cuique
468 2693 567 2730 facere
579 2695 766 2736 arbitrariam,
792 2696 840 2731 vel
854 2696 946 2730 etiam
1079 2695 1141 2730 uod
1160 2695 1197 2729 ad
1215 2695 1351 2743 primum
1364 2720 1374 2735 ‚
1400 2694 1467 2729 sunt
1481 2696 1534 2743 qui
1552 2696 1583 2730 id
1602 2695 1736 2729 omnino
1751 2710 1822 2733 Num
1831 2710 1901 2734 sm.

187 2756 279 2778 unam
292 2744 501 2791 eandemque,
515 2745 717 2793 potiusquam
725 2758 797 2780 cum
810 2744 946 2780 Abnlen-
978 2746 1157 2785 transiliunt,
1165 2743 1214 2779 seu
1228 2758 1264 2779 ex
1276 2745 1487 2793 incogitantia,
1497 2744 1545 2779 seu
1560 2745 1630 2793 quia
1643 2745 1734 2779 nimis
1750 2745 1900 2784 tlmlfuem

184 2794 213 2838 fi
221 2806 269 2827 eas
283 2794 418 2828 dividere
437 2795 469 2827 in
487 2794 559 2828 duas
571 2795 737 2828 contrarias
750 2818 760 2833 ,
786 2795 865 2828 hanc
877 2799 945 2828 Au·
979 2797 1060 2835 leve,
1085 2794 1135 2829 seu
1148 2795 1219 2841 quia
1232 2795 1324 2829 nimis
1337 2807 1425 2842 grave
1439 2794 1568 2828 dubium
1581 2794 1654 2828 illud
1668 2819 1678 2834 ‚
1701 2805 1735 2829 ut
1743 2785 1813 2820 filius
1834 2791 1878 2814 Pe.

259 2846 262 2850 .
337 2844 342 2849 .
473 2847 476 2851 .
729 2844 735 2850 .
774 2843 780 2849 .
921 2845 928 2850 .
959 2832 964 2872 Ι
1040 2846 1048 2857 x
1266 2845 1272 2850 .
1337 2846 1341 2850 .
1448 2843 1458 2854 x
1558 2847 1561 2850 .
1683 2857 1697 2863 ν
1749 2827 1807 2862 daia
1828 2837 1862 2854 an

184 2842 312 2890 gusiano,
335 2843 417 2877 illam
430 2845 625 2891 Hzeronymo,
643 2854 676 2878 ut
690 2855 796 2891 primis
808 2844 944 2878 aurftori-
980 2843 1054 2891 saepe
1067 2844 1118 2883 fit,
1139 2843 1196 2877 fint
1208 2843 1359 2879 arbitrati:
1378 2856 1460 2878 certe
1474 2841 1626 2888 Cal-mnus,
1639 2847 1732 2880 Bata,
1742 2866 1836 2904 frater.

3 2951 6 2989 s
27 2947 97 2972 Ratio
105 2946 179 2984 :saffia-

3 2991 6 3010 1
27 2985 128 3012 radera-

4 3024 7 3059 }
28 3024 93 3052 dum.

192 2892 250 2925 bus
262 2890 456 2927 adscribente.

239 2940 384 2974 Dubium
398 2941 561 2988 posterius,
570 2945 639 2978 Cur
647 2940 843 2991 Euangelista
850 2941 945 2977 Chri-

192 2989 229 3023 sti
237 2991 368 3033 majores
375 2991 406 3024 in
413 3002 473 3025 tres
479 2992 730 3028 Teffaradecadas
739 2990 844 3040 potius
851 2991 944 3040 quam

191 3039 268 3072 alios
281 3051 428 3074 numeros
453 3043 607 3085 conjecit,
631 3043 733 3091 paucis
753 3041 942 3090 perstringe-

190 3101 269 3122 mus.
294 3088 401 3122 Primo
411 3113 418 3125 ‚
430 3090 511 3124 nulla
524 3089 573 3124 hic
585 3094 672 3127 anxia
684 3090 892 3139 disquisitione
905 3104 942 3125 o-

190 3150 247 3184 pus
259 3135 321 3177 est,
344 3149 400 3171 nec
420 3139 532 3185 quaevis
545 3140 602 3174 alia
615 3141 770 3188 responsio
783 3139 943 3176 necessaria

190 3200 283 3235 quam
291 3186 379 3236 quod
385 3186 424 3223 sic
432 3184 567 3225 visumsit
574 3190 698 3239 Spiritui
709 3194 742 3228 S.
755 3194 820 3239 ejus
833 3191 943 3230 volun-

978 2892 1166 2933 Hamona'us,
1180 2894 1425 2933 ιΜαΙάοηιιιω,
1440 2897 1470 2928 &
1483 2895 1603 2930 Effius,
1617 2893 1670 2927 etsi
1682 2906 1734 2927 an-

977 2944 1038 2977 xias
1057 2943 1230 2978 multorum
1249 2943 1306 2977 hac
1324 2943 1361 2977 de
1376 2956 1408 2978 re
1422 2943 1636 2990 disputationes
1652 2944 1735 2991 lege-

978 2994 1049 3033 rint,
1058 2994 1089 3027 in
1102 2991 1159 3027 suis
1169 3004 1271 3029 tamen
1285 2993 1321 3027 ad
1334 2993 1421 3027 locos
1429 3006 1488 3040 prae
1497 2992 1638 3026 manibus
1648 3005 1738 3027 com-

978 3042 1145 3081 mentariiS,
1158 3043 1233 3076 nihil
1247 3043 1412 3090 quicquam
1426 3042 1463 3076 de
1477 3041 1540 3076 hoc
1554 3042 1651 3077 dubio
1664 3055 1737 3076 mo—

977 3092 1112 3126 vendum
1125 3091 1314 3126 censuerunt.
1328 3092 1531 3139 Qidubium
1545 3102 1743 3139 proponunt3

978 3142 1010 3175 in
1028 3140 1181 3175 solutione
1200 3152 1261 3175 tres
1279 3141 1414 3176 diversos
1428 3142 1562 3176 tramites
1575 3141 1712 3176 insistunt
1728 3155 1736 3175 :

977 3191 1069 3240 primi
1086 3190 1165 3226 duos
1178 3190 1342 3227 distinctos
1360 3189 1551 3227 Zorobabeles
1569 3189 1669 3272 salterp
1683 3201 1737 3224 vo-

1666 3248 1735 3273 mlta
