2048 3343
51 755 192 784 Zelotarum

51 794 86 829 ό·
101 794 202 832 ficario-

37 829 109 862 ⁸rum
117 836 200 862 maxi-

52 873 202 912 mafortitu-

55 914 93 942 do.

57 1989 141 2014 rames
149 1987 186 2014 di.

59 2024 157 2062 riffima.

456 137 532 162 ET
590 123 963 162 CHRoNoL

214 198 270 233 diis
289 197 427 245 legiones
441 195 535 231 castra
552 206 738 230 metarentur
751 192 851 241 Judaei
863 203 965 226 erum-

211 258 317 294 pentes
330 246 515 290 disjecerunt
526 258 597 279 cum
605 244 699 278 multa
706 244 786 277 caede
793 250 965 287 operantes,

212 308 270 330 nec
288 293 342 329 nisi
356 294 426 342 post
445 296 630 341 pertinacem
643 303 777 338 pugnam
795 291 873 322 intra
884 299 965 321 moe-

212 346 261 379 nia
283 343 430 391 compulsi
450 342 524 377 sunt.
561 340 678 374 Tribus
698 339 793 373 muris
812 336 884 370 urbs
904 345 966 369 erat

212 394 401 431 circundata,
420 391 490 426 cum
504 389 603 424 rnulto
617 399 726 435 aggere
739 390 770 421 &
784 386 911 419 arietum
925 384 967 417 la-

213 443 292 477 bore
305 443 421 488 primus
434 444 464 475 δι
478 438 623 473 secundus
637 433 730 470 eslent
741 436 819 481 capti
830 459 839 474 ,
854 434 908 482 qui
921 433 965 466 in-

214 503 258 526 tra
277 491 401 526 tertium
417 499 501 523 erant
517 496 710 533 erumpentes
730 482 848 518 furioso
869 493 966 517 certa-

213 542 295 575 mine
309 540 444 573 viCtores
457 551 492 572 ex
501 536 575 571 urbe
582 536 618 570 ad
625 533 717 569 castra
729 531 875 581 persecuti
888 530 963 571 sunt,

213 590 263 624 sed
282 590 349 623 Titi
368 587 540 622 hortatibus
555 597 645 632 atque
667 583 810 630 exemplo
832 582 967 616 animatae

214 639 351 686 legiones
366 637 520 671 redierunt
533 635 568 669 ad
582 634 706 668 tertium
719 644 858 668 murum,
878 631 968 677 eique

215 688 369 722 machinas
383 691 413 721 &
429 698 553 735 aggeres
566 684 773 717 admoverunt.

278 736 396 771 Obseffi
411 737 532 770 interim
547 732 585 767 ab
599 730 747 765 intestinis
760 728 892 764 caedibus
905 739 970 761 non

217 786 418 825 abstinebant,
432 787 502 818 licet
513 781 589 816 foris
603 779 757 815 duriffimo
771 778 854 812 bello
867 776 964 824 preffi.

218 837 284 870 Die
310 834 458 870 Paschatis
478 831 597 880 populo
616 827 790 863 sacrificanti
808 825 971 860 immiscuit

216 884 339 933 Joannes
351 897 386 918 ex
397 882 568 917 suislicariis
581 879 750 927 permultos
760 889 840 910 arma
850 874 906 920 ‘sub
919 887 970 910 ve-

217 934 260 968 ste
281 935 411 968 celantes
425 957 434 972 ,
462 931 494 965 hi
513 931 699 964 Eleazarum
718 925 840 973 ejusque
855 924 971 958 asseclas

217 984 393 1018 invadentes
406 980 597 1027 diffipzirunt,
623 976 791 1023 templique
803 975 898 1008 totius
914 973 970 1006 do-

218 1034 338 1068 minum
352 1031 492 1080 Joannem
506 1027 715 1075 praestiterunt.
748 1025 896 1058 Eleazari
908 1033 969 1056 ter—

219 1083 262 1118 tia
278 1093 360 1129 parte
376 1079 500 1114 subacta
515 1076 738 1124 frequentiores
751 1071 836 1107 fuere
848 1071 969 1120 Joanm's

219 1144 328 1179 pugnae
335 1143 405 1164 cum
412 1132 529 1162 Simone
536 1140 545 1167 3
559 1135 690 1159 attamen
703 1135 773 1157 cum
782 1123 827 1157 vel
837 1120 968 1168 populus

218 1180 390 1228 spoliandus
402 1178 447 1212 vel
461 1175 597 1211 Romani
611 1173 775 1219 repellendi
793 1170 872 1217 quasi
886 1169 968 1215 pasti

219 1230 352 1264 inducias
366 1230 444 1262 inter
462 1224 491 1259 se
506 1222 746 1259 concordabant.
770 1220 852 1255 Mira
869 1216 928 1252 fuit
942 1219 967 1251 i-

218 1278 337 1313 storum
362 1278 393 1311 in
411 1274 515 1309 hostes
528 1272 682 1308 fortitudo
694 1282 784 1318 atque
797 1267 942 1303 industria
956 1291 966 1307 ‚

219 1328 274 1361 nisi
287 1328 386 1371 major
399 1326 430 1359 in
443 1323 510 1358 suos
525 1322 623 1357 fuisset
641 1320 798 1355 crudelitas
813 1322 844 1353 &
858 1316 945 1351 furor
960 1331 967 1351 ι

219 1388 410 1423 unaquaeque
427 1384 560 1421 quatuor
583 1372 743 1418 legionum
762 1367 970 1403 construxerat

219 1426 340 1461 summo
359 1436 428 1459 cum
440 1424 546 1457 labore
559 1433 654 1455 unum
673 1430 815 1467 aggerem
829 1441 839 1457 ,
862 1416 970 1464 lignaa

219 1474 419 1522 nonagesimo
438 1472 535 1507 stadio
554 1480 774 1518 comportans:
797 1479 921 1515 aggeres
934 1465 971 1500 ad

219 1527 344 1560 tertium
363 1534 485 1557 murum
505 1521 649 1555 admotos
669 1519 757 1552 omni
775 1517 805 1551 vi
818 1526 925 1550 contra
939 1528 971 1550 e-

220 1583 396 1620 rumpentes
409 1569 618 1609 defensabant,
642 1566 844 1602 nihilominus
856 1568 972 1598 loannes

220 1628 253 1659 &
265 1626 366 1656 Simon
377 1633 486 1655 omnes
499 1617 844 1667 quatuorincenderunt,
859 1615 971 1649 &arie-

220 1684 265 1708 tes
279 1674 356 1706 intra
368 1683 489 1704 murum
503 1671 539 1704 ad
552 1667 579 1702 se
591 1669 756 1714 raptarunt.
780 1663 907 1698 Dubius
920 1663 973 1697 ali-

220 1721 356 1770 quandiu
377 1722 468 1754 Titm
481 1732 546 1767 quo
563 1718 658 1766 paiste
672 1715 859 1750 indomitum
872 1711 974 1747 obses-

220 1771 324 1806 sorum
336 1768 474 1804 furorem
489 1767 654 1816 frangeret,
681 1765 769 1799 omni
782 1775 926 1812 aggerum
938 1762 973 1796 ad

219 1820 349 1855 stadium
357 1818 555 1854 centesimum
568 1817 694 1851 materia
706 1812 974 1861 absumpt3,t0tius

220 1868 370 1905 exercitiis
380 1868 521 1903 manibus
528 1868 619 1902 tridui
630 1864 726 1913 spatio
733 1876 825 1899 muro
832 1874 902 1898 cum
911 1872 974 1897 tur-

219 1920 303 1954 ribus
317 1919 425 1953 urbem
440 1917 683 1952 circumvallavit.

285 1972 368 2002 Intus
381 1967 596 2002 dominabatur
609 1963 703 1999 fames
717 1988 727 2004 ,
747 1961 880 1998 seditiosi
892 1963 974 1997 enim

222 2017 302 2052 inter
320 2016 348 2052 se
366 2027 534 2065 pugnantes
552 2015 710 2063 publicum
732 2026 827 2048 omne
839 2011 974 2047 frumen-

221 2078 288 2102 tum
301 2067 513 2105 incenderant,
539 2065 624 2113 quod
638 2065 789 2112 reliquum
803 2073 881 2102 erat,
901 2074 973 2096 cen-

220 2128 291 2152 tena
309 2116 426 2163 aliquot
446 2116 538 2150 millia
557 2115 593 2149 ad
612 2114 726 2148 bellum
739 2114 853 2147 inutilis
866 2112 974 2159 populi

222 2164 466 2212 consumpserant
481 2178 490 2204 3
517 2165 557 2197 ita
575 2164 717 2211 quotidie
730 2175 846 2210 magnae
859 2174 894 2195 ex
910 2163 974 2195 ine-

994 130 1218 158 ocxcr
1276 118 1411 156 L113.
1470 115 1526 154 ΙΙ.

1719 131 1758 166 17

1003 203 1056 224 vos
1070 201 1197 238 aggeres
1210 188 1246 222 ad
1261 189 1384 222 tertium
1398 200 1519 222 murum
1533 185 1756 221 suffodiendum
1770 192 1919 218 zmdemca-

1004 238 1153 273 immenso
1166 250 1236 273 cum
1249 237 1355 270 labore
1370 240 1455 269 Titus
1467 236 1608 283 applicat,
1621 233 1669 269 secl
1680 237 1756 270 aric-
1766 233 1835 268 PlW
1852 230 1917 257 urbs.

1002 287 1083 321 tibus
1098 288 1178 322 muri
1186 299 1251 321 nou
1265 284 1425 324 cedebant,
1434 297 1556 331 reperto
1569 295 1670 318 tamen
1682 297 1757 332 pro-

1002 347 1040 381 pe
1061 337 1230 370 Antoniam
1250 334 1392 369 cuniculo
1412 345 1466 378 per
1479 346 1571 379 quem
1590 337 1708 367 Ioannes
1720 333 1758 368 ad

1002 384 1120 431 priores
1134 396 1259 430 aggeres
1272 382 1442 416 exurendos
1457 382 1535 415 viam
1553 380 1665 416 fecerat
1679 407 1688 422 ‚
1710 380 1757 415 fa-

1003 431 1060 467 cile
1082 444 1186 466 murus
1206 443 1308 478 captus
1328 431 1393 465 est:
1419 428 1466 463 sed
1486 440 1608 476 quartus
1622 430 1720 464 statim
1740 430 1756 465 a

1003 485 1108 515 Ioanne
1120 479 1283 516 aedificatus
1296 491 1373 519 erat,
1393 479 1443 512 hic
1456 479 1546 512 etiam
1559 477 1628 524 post
1640 479 1757 525 aliquot

1005 531 1122 565 dierum
1141 529 1260 563 labores
1281 533 1312 563 &
1331 528 1417 562 duras
1439 540 1553 574 pugnas
1566 537 1730 573 occupatus
1742 551 1752 566 ,

1004 592 1062 614 nec
1074 591 1177 614 tamen
1188 580 1290 626 operis
1303 577 1372 611 finis
1387 600 1395 613 ‚
1421 588 1490 610 nam
1504 577 1597 622 captis
1611 576 1758 609 omnibus

1005 630 1098 663 muris
1107 636 1125 668 ,‘
1136 632 1166 663 &
1180 640 1234 675 per
1246 627 1390 661 Antoniae
1403 627 1492 659 turris
1505 626 1607 658 ruinas
1619 626 1759 670 compla-

1004 679 1071 712 natti
1085 678 1121 712 ad
1134 688 1238 711 totum
1250 676 1415 710 exercitum
1428 675 1492 713 via,
1508 672 1652 720 novisque
1666 675 1757 708 etiam

1004 727 1165 775 aggeribus
1178 725 1299 773 positis,
1319 723 1549 771 pertinacissima
1559 723 1677 769 aliquot
1690 723 1757 756 edi-

1005 788 1033 810 ta
1046 775 1111 811 sunt
1124 776 1297 814 certamina,
1316 776 1347 807 in
1361 774 1471 821 quibus
1482 775 1600 806 Joannes
1612 776 1643 806 δι
1656 773 1758 805 Simon

1004 837 1104 860 totam
1125 827 1344 860 Romanorum
1366 824 1462 856 aciem
1482 819 1700 860 sustinuerunt,
1724 825 1758 856 &

1005 874 1114 923 magna
1134 875 1276 920 utrinque
1294 872 1378 906 clade
1395 871 1592 918 repulerunt3
1624 867 1672 903 sed
1685 882 1756 904 cum

1003 925 1111 971 templi
1131 922 1290 957 exterioris
1304 921 1440 968 porticus
1459 917 1669 953 seditiosorum
1685 919 1757 966 qui-

1004 974 1072 1006 dam
1091 969 1291 1006 incendissent
1301 994 1311 1009 ,
1340 974 1370 1004 &
1386 970 1418 1002 in
1435 967 1580 1002 desertam
1601 968 1757 1014 porticum

1004 1022 1119 1056 multos
1137 1022 1357 1055 Romanorum
1371 1015 1563 1051 succedentes
1576 1015 1719 1051 submisso
1731 1018 1757 1050 i-

1002 1083 1062 1118 gne
1079 1068 1245 1105 miserrime
1259 1064 1505 1113 consumpsissent
1519 1090 1528 1105 ‚
1552 1076 1619 1099 tum
1632 1066 1756 1112 reliquae

1003 1133 1114 1154 omnes
1122 1119 1258 1167 porticus
1265 1118 1281 1152 a
1288 1116 1440 1151 Romanis
1448 1112 1573 1149 incensae
1582 1114 1656 1148 sunt:
1668 1115 1756 1160 quin-

1002 1170 1095 1203 etiam
1105 1170 1135 1202 in
1145 1168 1291 1203 acerrima
1298 1166 1401 1213 pugna
1407 1165 1530 1211 quidam
1543 1165 1630 1197 miles
1639 1164 1671 1196 in
1679 1174 1757 1197 tem-

1002 1219 1043 1265 pli
1062 1216 1224 1252 fenestram
1242 1228 1362 1250 auream
1381 1211 1537 1248 incensum
1549 1214 1665 1261 lignum
1679 1224 1757 1246 con-

1000 1269 1083 1313 jecit,
1099 1280 1134 1302 ex
1149 1279 1229 1315 quo,
1242 1265 1408 1299 relu&ante
1422 1273 1570 1311 quantum
1583 1262 1684 1308 potuit
1699 1263 1757 1294 Ti-
1771 1264 1912 1292 lncendnur

1770 1306 1855 1332 mvito
1868 1308 1920 1330 Ttto

1769 1344 1893 1383 templum.

1001 1328 1045 1357 to,
1064 1317 1177 1351 domus
1194 1314 1414 1362 conflagravit,
1436 1324 1502 1347 tum
1522 1311 1597 1347 vero
1617 1309 1696 1345 faeta
1713 1309 1757 1344 cst

1003 1367 1144 1401 omnium
1161 1375 1282 1400 aetatum
1302 1360 1472 1411 promiscua
1498 1362 1594 1396 caedes
1607 1385 1618 1401 ‚
1642 1364 1674 1395 &
1691 1370 1758 1394 tota

1003 1416 1107 1463 templi
1115 1428 1180 1450 area
1187 1412 1378 1449 cadaveribus
1387 1416 1417 1446 &
1425 1410 1565 1458 sanguine
1577 1410 1690 1457 repleta
1697 1408 1741 1443 est
1751 1423 1760 1450 ς

1004 1469 1123 1499 loannes
1133 1476 1235 1499 tamen
1250 1467 1281 1498 &
1293 1466 1395 1495 Simon
1408 1461 1478 1495 cu'm
1487 1461 1665 1494 Zelotarum
1679 1462 1709 1493 δι
1722 1457 1760 1492 s1-

1005 1516 1158 1550 cariorum
1179 1513 1314 1560 reliquiis
1329 1513 1475 1546 Romana
1494 1510 1557 1543 acie
1570 1508 1714 1556 perrupta
1727 1508 1759 1541 in

1006 1564 1191 1612 superiorem
1219 1563 1374 1596 civitatem
1396 1557 1559 1596 evaserunt.
1603 1559 1694 1591 Hanc
1713 1556 1759 1590 illi

1006 1625 1111 1649 contra
1123 1615 1288 1648 Romanos
1302 1608 1502 1645 defenderunt
1515 1633 1525 1648 ,
1549 1609 1650 1642 donec
1666 1606 1758 1640 novis

1006 1664 1138 1699 admotis
1150 1661 1309 1710 aggeribus
1322 1659 1531 1705 machinisque
1537 1657 1633 1691 territi
1640 1655 1761 1689 cecide-

1007 1725 1076 1748 runt
1087 1714 1207 1752 animis,
1221 1715 1252 1746 &
1265 1711 1296 1743 in
1310 1709 1421 1744 cloacis
1437 1721 1470 1742 ac
1482 1707 1593 1754 cryptis
1610 1705 1761 1739 subterra-

1007 1764 1071 1798 neis
1085 1760 1114 1797 se
1126 1761 1313 1796 abdiderunt.
1335 1758 1435 1793 Omni
1448 1768 1520 1792 tunc
1530 1756 1651 1790 civitate
1658 1754 1762 1789 νίἃο-

1007 1826 1054 1847 res
1067 1812 1160 1860 potiti
1179 1809 1311 1845 caedibus
1325 1813 1355 1844 δι
1369 1807 1479 1855 rapinis
1495 1805 1533 1840 ad
1544 1803 1763 1840 crudelissimo-

1007 1876 1075 1898 rum
1088 1867 1119 1897 δε
1130 1859 1365 1895 avariffimorum
1380 1856 1543 1891 satietatem
1565 1851 1763 1889 indulserunt.

1009 1911 1192 1948 Obfidionis
1215 1919 1356 1956 tempore
1372 1905 1537 1955 ‘perierunt
1560 1905 1597 1938 ad
1620 1901 1764 1937 undecies

1008 1972 1136 1998 centena
1152 1959 1248 1994 millia
1262 1982 1272 1998 ,
1298 1967 1458 2004 captorum
1471 1964 1573 1989 autem
1586 1953 1639 2001 qui
1652 1951 1701 1987 vel
1712 1962 1766 1986 ve·-

1009 2011 1131 2046 nisrunt
1146 2009 1194 2045 vel
1207 2009 1237 2042 in
1251 2005 1425 2054 spectaculis
1438 2005 1453 2038 a
1472 2003 1576 2038 bestiis
1589 2012 1639 2036 aut
1651 2000 1765 2034 mutuis

1009 2059 1183 2097 vulneribus
1196 2057 1294 2091 necati
1305 2054 1370 2090 sunt
1377 2054 1543 2101 nonaginta
1553 2052 1690 2099 quinque
1697 2048 1765 2082 mil-

1011 2113 1049 2146 lia
1064 2125 1072 2145 :
1096 2109 1143 2143 his
1155 2107 1177 2142 si
1190 2106 1278 2141 addas
1290 2116 1437 2139 numeros
1458 2100 1603 2136 caesorum
1615 2101 1646 2133 in
1659 2097 1765 2132 ultima

1011 2161 1067 2195 hac
1085 2158 1256 2193 rebellione
1274 2155 1291 2189 a
1308 2153 1418 2202 loftpho
1438 2149 1545 2187 diserte
1564 2150 1761 2186 nominatos,

1774 2137 1808 2163 Eo
1816 2135 1874 2162 hedo
1885 2142 1928 2172 pe-

1773 2186 1837 2202 rtere
1843 2175 1929 2203 ludan-

1013 2208 1140 2244 excedet
1161 2205 1276 2241 summa
1287 2204 1390 2238 totalis
1404 2212 1508 2249 quater
1521 2200 1621 2234 decies
1636 2208 1764 2232 centena
1776 2225 1834 2242 mm
1848 2214 1926 2251 supra

1012 2259 1105 2292 millia
1121 2266 1229 2302 praeter
1244 2255 1408 2287 maximam
1427 2249 1654 2284 multitudinem
1667 2244 1765 2280 infau-
1776 2262 1867 2292 quater
1884 2254 1928 2280 de-

1013 2306 1063 2341 stae
1075 2316 1142 2339 tum
1155 2304 1235 2337 illius
1249 2303 1347 2350 gentis
1360 2301 1475 2347 ubique
1488 2297 1653 2346 perditam,
1679 2297 1765 2339 cujus
1776 2296 1822 2321 cies
1844 2301 1927 2338 <0⁷22-

1013 2354 1172 2390 distinctus
1195 2364 1340 2386 numerus
1364 2362 1429 2383 non
1452 2348 1641 2395 exprimitur.
1687 2341 1766 2378 Nus-
1776 2343 1810 2361 ⁷¹¹³
1817 2333 1905 2361 nuum.

223 2216 274 2250 dia
287 2215 474 2249 morentium
488 2213 584 2247 strues
596 2225 627 2246 in
639 2211 736 2246 stratis
747 2210 977 2258 conspicieban-

226 2275 292 2303 tur,
318 2277 450 2311 cumque
462 2263 595 2299 viventes
609 2260 765 2308 sepulturae
778 2270 976 2293 mortuorum

226 2325 291 2346 non
304 2311 472 2346 sufficerent
478 2336 488 2351 ,
503 2324 541 2345 ne
553 2309 788 2357 putrescentium
800 2308 977 2343 cadaverum

227 2360 323 2395 sanies
341 2371 454 2395 crearet
471 2358 588 2406 pestem
608 2357 691 2405 supra
710 2357 872 2391 sexcenties
894 2356 977 2390 mille

228 2410 266 2444 de
280 2409 436 2443 moenibus
448 2409 479 2442 in
493 2407 639 2452 subjeffiis
652 2407 740 2442 valles
753 2405 888 2453 projetffi
902 2402 977 2438 sunt.

227 2458 350 2493 Avcbat
363 2457 493 2505 populus
512 2457 667 2491 Romanis
681 2456 791 2489 urbem
804 2454 879 2488 tradi
894 2477 905 2493 ,
930 2451 978 2487 sed

226 2506 438 2542 seditiosorum
459 2505 627 2540 obstinatio
642 2505 730 2538 nullis
743 2516 843 2551 neque
855 2500 912 2536 suis
925 2515 978 2536 ne-

227 2570 288 2605 que
307 2556 434 2590 aliorum
454 2553 579 2590 miseriis
598 2553 803 2589 movebatur:
827 2551 848 2586 si
861 2551 928 2599 quis
943 2551 980 2585 de

227 2618 301 2653 pace
315 2606 454 2640 voculam
469 2604 611 2644 mutiffet,
621 2603 720 2638 statim
733 2612 765 2636 ut
772 2602 980 2636 traditorcon-

227 2654 423 2695 fodiebatur,
448 2655 596 2688 omnibus
614 2653 699 2687 horis
718 2649 981 2699 perfringebantur

227 2705 306 2739 aedes
321 2705 358 2739 ad
373 2704 560 2738 cibariorum
573 2701 766 2740 scrutinium,
789 2699 981 2747 abripiebant

227 2755 339 2788 milites
353 2767 388 2787 ex
403 2750 469 2800 ipso
477 2765 532 2787 ore
539 2750 768 2787 comedentium
781 2748 981 2798 quicquidin-

228 2803 390 2837 veniebant
411 2801 552 2836 esculenti
567 2815 574 2835 :
601 2801 653 2847 qui
666 2800 702 2833 ad
716 2801 879 2833 Romanos
894 2797 981 2844 elapsi

230 2850 297 2885 sunt
311 2851 454 2899 permulti
469 2852 542 2885 cibo
556 2848 677 2896 sumpto
691 2848 902 2881 moriebantur
914 2869 924 2884 ‚
950 2850 981 2880 &

232 2902 303 2946 quia
319 2901 437 2948 aliquos
456 2913 563 2934 aurum
587 2899 603 2934 a
627 2898 803 2932 ficariorum
822 2894 981 2942 rapacitate

232 2948 404 2983 servandum
419 2961 486 2984 ante
499 2949 603 2998 fugam
617 2961 652 2983 ex
666 2947 741 2981 urbe
755 2945 914 2980 audierunt
927 2944 981 2978 de-

231 2997 347 3045 glutisse
360 3000 513 3038 Rommi,
531 3011 622 3046 quam
635 2996 757 3045 plurimi
769 2993 929 3041 transfugae
942 2993 980 3027 ab

231 3060 321 3083 avaro
335 3048 428 3081 milite
441 3049 605 3082 exenterati
620 3045 685 3081 sunt
697 3071 706 3087 ,
733 3049 763 3081 &
778 3045 816 3078 ab
829 3044 891 3077 hoc
904 3041 980 3076 faci-

231 3109 308 3179 nolre
327 3096 463 3144 legiones
476 3097 525 3131 vix
538 3097 605 3130 ullis
622 3099 713 3130 Titm
727 3095 818 3130 minis
831 3091 979 3127 cohibere

230 3159 268 3183 va
283 3158 336 3180 uit.
365 3172 368 3175 -

278 3198 324 3231 Ut
335 3195 459 3231 tandem
466 3193 696 3231 obsidionifmis
703 3194 913 3242 imponeretur
920 3203 978 3226 no·
1017 3199 1130 3236 magno
1139 3199 1209 3222 cum
1221 3185 1326 3222 labore
1339 3194 1434 3232 capta,
1447 3181 1611 3217 Maffadam
1623 3193 1687 3215 non
1697 3191 1772 3227 pro-

1014 2416 1105 2451 quam
1118 2404 1218 2445 major
1230 2402 1312 2439 auri,
1336 2398 1469 2445 argenti,
1496 2404 1686 2442 gemmarum
1699 2416 1709 2430 ,
1735 2395 1768 2425 &

1014 2450 1228 2500 pretiosiffimae
1240 2448 1328 2484 vestis
1342 2447 1430 2492 copia
1443 2446 1458 2479 a
1479 2443 1632 2479 Romanis
1646 2442 1769 2474 inventa

1015 2501 1058 2536 est
1071 2501 1162 2548 quam
1176 2497 1412 2542 Hierosolymis,
1427 2495 1498 2528 urbs
1511 2504 1576 2527 tota
1587 2489 1717 2524 flammis
1731 2489 1770 2523 ab

1016 2549 1132 2597 sumpta
1145 2548 1206 2587 est,
1231 2547 1252 2580 s1
1266 2546 1345 2580 muri
1359 2555 1475 2590 partem
1488 2547 1518 2577 &
1531 2552 1590 2574 tres
1604 2550 1700 2573 turres
1717 2550 1770 2571 ex-

1017 2600 1124 2647 cipias,
1139 2609 1212 2645 quas
1227 2597 1318 2629 ‘Titus
1331 2592 1498 2640 posteritati
1512 2587 1706 2636 inspiciendas
1721 2599 1771 2620 re-

1016 2649 1128 2696 liquit,
1154 2657 1187 2680 ut
1199 2645 1268 2679 inde
1283 2641 1408 2690 priscam
1422 2642 1546 2688 integrae
1565 2637 1692 2673 civitatis
1704 2648 1769 2671 ma-

1017 2696 1229 2746 gnificentiam
1243 2694 1411 2739 colligeret.

1059 2748 1196 2794 Joannes
1206 2748 1236 2779 &
1247 2743 1356 2777 Simon
1369 2742 1401 2774 in
1415 2738 1560 2774 cuniculis
1574 2734 1653 2770 fame
1666 2734 1768 2770 domi-
1781 2738 1924 2774 capiuntur

1016 2797 1055 2833 ti,
1075 2794 1228 2829 Romanis
1241 2792 1268 2827 se
1281 2791 1468 2826 tradiderunt
1481 2802 1489 2822 :
1505 2789 1640 2835 Joannes
1653 2785 1689 2819 ad
1701 2781 1880 2844 per-1832?
1895 2777 1930 2810 &-

1017 2855 1107 2891 petua
1118 2842 1236 2877 vincula
1248 2842 1403 2876 damnatus
1416 2864 1426 2879 ,
1453 2842 1485 2872 &
1498 2838 1605 2871 Simon
1619 2835 1650 2868 in
1662 2835 1771 2868 trium-

1017 2893 1082 2941 pho
1090 2893 1202 2926 Romae
1215 2891 1324 2924 dufims
1338 2891 1369 2923 in
1381 2899 1499 2923 carcere
1513 2884 1709 2931 strangulatus
1718 2882 1772 2917 est.

1065 2944 1246 2989 Supererant
1254 2939 1350 2974 adhuc
1362 2939 1417 2973 tria
1430 2935 1562 2973 castella,
1578 2933 1767 2972 Herodioni,

1017 3053 1097 3075 mam
1114 3040 1187 3073 Tito
1201 3040 1327 3072 Caecilius
1342 3035 1444 3079 ‘Bassus
1459 3046 1532 3069 mox
1545 3031 1680 3079 subegit:
1703 3033 1773 3065 He-

1015 3089 1130 3123 rodion
1151 3089 1267 3135 accepit
1287 3086 1446 3121 deditione
1460 3108 1469 3123 ‚
1495 3081 1665 3117 Machaerus
1678 3093 1728 3115 arx
1741 3081 1773 3114 in

1016 3137 1173 3172 celfiffirno
1194 3134 1263 3170 saxo
1282 3138 1363 3180 juxta
1382 3135 1479 3167 lacum
1501 3130 1690 3178 Asphaltiten
1707 3142 1773 3164 non

1433 3236 1484 3267 Cc
1724 3226 1771 3261 cul

1783 2925 1915 2964 Reliquum

1784 2966 1858 2992 ludu
1877 2963 1932 2992 nbi-

1016 2989 1207 3029 Machaerus,
1232 2994 1263 3025 &
1277 2988 1408 3023 Massada
1424 3001 1432 3020 ;
1452 2984 1505 3019 ista
1518 2981 1688 3017 discedente
1701 2983 1771 3016 Ro-
1780 3007 1859 3042 gitur.
