2048 3343
9 2299 10 2303 „
0 2193 10 2292 ⁴5:33.
5 2138 9 2150 -

45 1317 132 1346 Etiam
142 1316 178 1343 ad

525 148 957 187 Ep1srot1c

210 221 319 265 latensis
332 230 400 254 tuus
413 220 444 254 in
460 219 517 255 hac
530 219 591 268 ipsa
605 232 698 269 quam
711 220 752 254 ab
768 232 808 254 eo
822 217 910 253 affers
922 231 969 252 ra-

209 272 299 305 tione
315 283 454 305 errorem
466 270 549 304 hunc
557 271 619 304 vult
626 283 662 304 ex
674 267 836 317 Augustini
848 266 968 302 senten-

209 321 251 354 tia
266 320 377 360 fluere,
392 318 440 354 sed
454 320 546 367 quam
557 318 628 354 vere
641 318 704 352 hoc
716 316 837 356 afferat,
850 316 969 352 videbi-

211 382 280 403 mus
293 371 325 403 in
339 369 459 402 ratione
471 369 523 402 tua
534 369 653 415 quarta,
666 366 720 399 ubi
732 365 836 412 aperte
849 365 880 399 id
893 362 969 412 pro-

209 418 345 452 bandum
364 415 504 464 suscipis>
529 415 644 450 interca
657 414 775 448 habeto
789 414 884 450 breve
896 416 968 447 Au-

205 468 323 516 gustini
337 464 513 513 responsum
527 466 563 499 ad
580 465 659 499 hanc
674 464 875 504 calumniam,
894 463 968 498 dum

212 529 249 550 ex
269 529 325 550 ore
344 515 459 564 Jultani
475 515 610 550 haeretici
629 513 782 561 Pelagiani
800 513 909 548 flueret
932 512 970 547 ad

212 566 403 611 Bomfizcium
417 565 469 600 lib.
485 579 513 599 ι.
526 577 592 612 cap.
607 576 632 611 ς.
655 566 788 599 Peccato
800 562 872 596 Adae
891 562 968 596 libe-

212 628 279 649 rum
294 616 453 650 arbitrium
466 615 503 649 dc
515 613 653 648 hominis
666 611 896 660 naturfiperiisse
904 624 970 646 uon

212 665 343 699 dicimus
354 689 364 704 ,
388 662 436 698 sed
455 665 492 699 ad
506 663 694 710 peccandum
707 662 806 697 valere
819 663 850 695 in
863 661 969 695 homi-

213 715 304 748 nibus
318 713 443 748 subditis
458 713 619 753 Diabolo,
638 713 675 747 ad
687 711 769 746 bene
789 722 891 745 autem
904 712 971 758 pie-

213 777 273 810 que
285 764 448 798 vivendum
461 775 526 796 non
539 763 637 796 valere
649 786 659 801 ‚
685 760 740 794 nisi
754 759 815 808 ipsa
827 761 969 795 voluntas

212 813 350 847 hominis
364 813 429 846 Dei
441 812 537 859 gratia
550 809 781 845 fueritliberata.
801 811 912 844 Fateor
920 812 968 842 A-

212 866 382 909 mmmmm,
396 865 426 895 &
439 862 514 894 alios
523 860 593 908 post
606 860 778 900 Boethium,
793 859 863 894 cum
871 859 970 894 hos&

212 913 289 945 alios
315 912 426 945 stoiccc
446 911 597 944 do&rinae
614 922 735 944 errores
754 906 946 955 exploserunt
958 932 968 947 ‚

211 959 323 1009 absque
331 959 472 1006 scrupulo
480 960 613 994 divinam
620 959 844 1006 providentiam
850 956 968 992 fatino-

211 1011 296 1044 mine
309 1010 471 1059 appellare:
491 1006 540 1044 sed
555 1021 713 1056 nunquam
727 1008 920 1056 Augustinus
931 1006 968 1040 ad

212 1059 296 1094 istius
309 1060 446 1094 nominis
455 1070 523 1093 utut
533 1059 652 1106 purgati
661 1070 801 1091 amorem
808 1057 911 1102 potuit
917 1056 968 1090 ad-

211 1111 291 1144 duci.
316 1108 484 1143 Causarum
498 1109 632 1155 (inquit)
648 1107 790 1141 ordinem
798 1105 850 1140 fati
863 1105 968 1140 nomi-

212 1172 250 1193 ne
265 1159 413 1206 appellare
425 1170 483 1192 nos
494 1157 715 1196 abhorremus,
727 1154 879 1204 praecipue
892 1166 966 1201 pro-

211 1221 278 1256 pter
287 1209 472 1242 vocabulum
486 1207 572 1255 quod
586 1219 652 1241 non
665 1207 698 1241 in
715 1206 822 1239 revera
837 1200 967 1237 consue-

210 1259 251 1294 vit
264 1259 405 1305 intelligi.

258 1308 366 1341 Tertia
379 1319 428 1341 tua
441 1306 530 1340 ratio,
555 1308 740 1352 Sequeretur
760 1302 907 1350 (inquis)
928 1314 966 1336 ex

45 1358 150 1383 tertiam
165 1357 194 1383 “2
208 1357 344 1392 absoluta
363 1355 626 1404 praedestinatione
642 1352 803 1389 Christum
822 1364 887 1385 non
907 1349 965 1385 effe

44 1404 139 1424 morte-

45 1435 144 1462 chrisa
150 1432 195 1472 prb

44 1475 166 1503 ommbus.

207 1418 366 1440 mortuum
383 1417 442 1452 pro
461 1403 620 1437 omnibus.
653 1401 748 1449 Resp.
779 1402 876 1435 Ratio
901 1400 981 1435 haec‘

208 1456 296 1490 tertia
309 1467 380 1494 curn
398 1452 529 1487 secunda
542 1452 637 1499 priori
648 1451 834 1499 jungebatur
847 1450 863 1484 εὶ
883 1450 965 1485 Pela—

208 1505 304 1553 gianis
314 1529 324 1543 ‚
338 1515 369 1537 ut
380 1502 482 1536 videre
495 1500 539 1535 est
551 1501 693 1549 Augstib.
702 1514 734 1546 4.
747 1511 855 1534 contra
868 1498 965 1548 Julia-

209 1567 283 1588 num
298 1566 362 1600 cap.
373 1554 400 1586 8.
415 1552 474 1585 Sed
486 1561 518 1584 ut
532 1549 608 1583 mihi
624 1550 759 1588 videtur,
772 1562 838 1583 non
852 1548 966 1596 spectat

208 1604 245 1638 ad
256 1602 392 1636 nostram
407 1600 525 1634 Thesin
533 1624 543 1639 ‚
556 1612 627 1633 nam
639 1599 711 1638 dato
725 1597 889 1634 Christum
904 1611 963 1647 pro

207 1652 355 1687 omnibus
368 1662 425 1685 tuo
440 1648 521 1684 sensu
537 1661 697 1683 mortuum
709 1673 718 1688 ‚
731 1661 797 1682 non
809 1658 913 1683 tamen
925 1646 968 1683 se-

207 1703 313 1750 quitur
324 1713 435 1735 omnes
448 1699 522 1733 istos
535 1711 593 1746 pro
607 1698 720 1746 quibus
728 1696 871 1733 Christus
879 1709 965 1732 mor-

207 1763 277 1786 tuus
291 1750 335 1786 est
353 1749 561 1785 consideratos
578 1745 664 1783 fuisse
682 1758 752 1782 ante
771 1746 967 1795 praedestina-

206 1803 340 1840 tionem,
349 1811 382 1834 ut
394 1799 538 1834 fideles&
545 1796 780 1846 perseverantes,
791 1797 906 1832 nullam
917 1796 967 1832 hic

206 1851 300 1887 video
318 1848 445 1898 sequelae
464 1848 682 1897 apparentiam.
715 1848 795 1882 Fieri
814 1846 916 1895 potest
933 1857 966 1882 ut

206 1899 373 1936 subtilioris
386 1900 510 1944 alicujus
523 1898 694 1946 argumenti
706 1897 831 1933 vinculo
851 1907 966 1945 pertra-

207 1951 282 1985 here
295 1949 386 1996 poffis
398 1950 429 1982 in
447 1948 648 1996 quaestionem
661 1960 723 1995 prae
736 1947 877 1982 manibus
889 1959 966 1982 con-

207 2000 423 2035 siderationem
443 2000 506 2032 loci
522 2011 615 2046 quem
634 1997 728 2032 habet
747 2009 833 2032 mors
849 1996 967 2032 Christi

208 2050 241 2084 in
255 2049 382 2083 decreto
396 2047 688 2096 praedestinationis,
701 2060 776 2082 num
786 2047 965 2095 concipien-

208 2099 245 2132 da
265 2097 298 2131 sit
317 2109 350 2132 ut
369 2097 453 2132 causa
471 2099 654 2131 antecedens
675 2110 712 2131 an
732 2107 765 2132 ut
784 2095 967 2144 subsequens

210 2146 358 2182 effetfhim
377 2161 384 2180 z
405 2146 454 2180 scd
470 2146 632 2193 disputatio
646 2147 696 2181 hic
709 2147 725 2181 εὶ
738 2158 769 2181 te
782 2147 941 2180 nominata
956 2170 966 2186 ‚

210 2208 312 2231 utrum
323 2194 465 2230 Christus
479 2208 620 2230 mortuus
635 2196 669 2230 fit
681 2209 741 2243 pro
756 2196 904 2230 omnibus
913 2195 968 2230 ab-

212 2245 309 2280 solute*
318 2257 354 2278 an
363 2257 434 2278 cum
442 2245 542 2292 aliqua
556 2244 768 2285 restriffione,
785 2258 851 2279 non
863 2244 970 2292 potest

209 2296 246 2329 ad
257 2293 354 2328 thesin
365 2294 500 2327 nostram
512 2292 688 2338 praesentem
701 2293 846 2340 pertrahi,
858 2292 971 2339 absque

210 2345 282 2379 ciim
295 2342 537 2389 impertinentia,
550 2351 616 2373 tum
629 2342 667 2373 vi.
680 2343 757 2373 Hoc
770 2339 898 2385 profero
906 2353 972 2373 non

209 2395 316 2428 animo
324 2391 493 2426 declinandi
507 2391 612 2423 duram
624 2388 711 2422 istam
719 2386 971 2435 disputationem3

210 2456 282 2477 nam
292 2454 362 2476 cum
375 2442 406 2474 in
419 2440 475 2474 hac
488 2443 519 2474 &
534 2439 626 2472 etiam
638 2435 778 2485 sequenti
790 2437 909 2471 ratione
918 2436 972 2470 de-

212 2492 367 2528 claraveris
379 2488 483 2537 aperte
495 2499 578 2522 tuam
593 2486 773 2521 sententiam
786 2499 857 2521 cum
869 2487 971 2535 Spala-

212 2543 284 2587 tcnfi
294 2546 325 2576 &
338 2539 530 2574 Armtntam's
541 2549 602 2572 tam
615 2538 647 2571 in
661 2535 794 2572 secundo
807 2536 901 2584 quam
909 2546 971 2569 ter-

213 2593 261 2626 tio
274 2603 384 2625 eorum
399 2589 528 2623 articulo
546 2578 636 2635 plene
649 2587 816 2621 convenire
829 2611 839 2626 ‚
866 2584 921 2619 ista
936 2597 972 2618 0-

214 2641 315 2680 mnia,
328 2641 405 2674 Deo
413 2639 512 2674 dante,
526 2637 618 2686 quam
625 2637 709 2672 voles
718 2634 784 2679 fuse
791 2646 894 2669 tecum
903 2647 972 2682 per-

215 2690 348 2738 pendam
358 2713 368 2728 ,
380 2688 428 2723 sed
441 2701 505 2722 non
520 2689 619 2735 (puto
628 2692 644 2733 )
659 2690 719 2731 jam
732 2685 856 2733 expedit
867 2683 973 2719 secun-

216 2740 291 2774 dum
305 2739 391 2772 illum
403 2742 434 2772 &
450 2738 576 2772 tertium
588 2739 844 2769 Arminianorum
861 2734 972 2768 articu-

215 2790 281 2823 lum
294 2801 364 2822 cum
378 2788 480 2835 primo
488 2799 569 2820 nunc
576 2798 636 2832 prae
644 2786 784 2819 manibus
791 2781 974 2819 commisce-

218 2852 262 2873 re.
289 2841 325 2872 In
343 2836 499 2884 praesentia
516 2835 592 2870 mihi
608 2832 674 2868 satis
688 2835 785 2881 placet
797 2834 974 2868 communis

217 2887 378 2936 Atggustc'ni
395 2884 550 2933 responsio
565 2896 658 2931 quam
676 2883 725 2918 ille
741 2883 905 2930 Pelagianis
924 2883 975 2916 dat

218 2939 293 2972 dum
306 2947 415 2985 urgent
433 2934 682 2970 universalitatem
696 2933 948 2968 enunciationum
961 2956 971 2972 ‚

219 2986 363 3021 Christus
375 2996 515 3020 mortuus
523 2983 565 3019 cst
573 2996 631 3031 pro
638 2983 785 3017 omnibus
793 3007 802 3019 ‚
815 2983 904 3016 Deus
912 2982 976 3016 vult

220 3049 330 3070 omnes
344 3035 487 3068 homines
503 3033 598 3068 salvos
618 3032 708 3073 fieri3
736 3031 910 3067 universalia
928 3032 977 3064 illa

219 3084 416 3131 intelligenda
426 3096 495 3117 curn
504 3083 708 3123 restriffione3
717 3079 826 3116 scilicet
833 3093 890 3127 pro
899 3080 975 3113 mul-

220 3136 257 3169 tis
266 3136 297 3167 in
305 3134 446 3167 omnium
453 3132 618 3166 hominum
627 3144 748 3180 genere,
763 3130 813 3164 hic
820 3131 903 3164 enim
910 3142 977 3177 per-

221 3184 296 3230 saepe
315 3182 357 3217 cst
373 3181 461 3229 ipsius
475 3182 635 3228 Scriptura?
646 3180 887 3215 commentarius
902 3204 912 3218 ,
939 3192 977 3213 o-

221 3246 311 3268 mnes
319 3231 407 3281 positi
415 3245 473 3279 pro
485 3232 604 3271 multis,
617 3230 881 3278 quemadmodum
889 3229 977 3264 intel-

987 146 1501 186 ACOLLATIO.
1718 164 1767 202 ¹33

1001 219 1104 266 ligitur
1116 219 1204 267 quod
1217 218 1336 253 dictum
1351 218 1396 253 est
1410 244 1420 259 ,
1445 232 1500 266 per
1515 221 1605 255 unius
1618 221 1764 266 justifica-

1001 269 1122 302 tionem
1137 270 1168 302 in
1183 280 1293 302 omnes
1307 267 1449 302 homines
1462 268 1498 302 ad
1510 269 1763 314 justificationem

1001 317 1076 353 vitae‚
1089 317 1130 351 ita
1137 317 1255 352 di&um
1264 315 1308 351 est
1318 327 1350 350 ut
1357 317 1561 365 intelligantur
1569 333 1678 355 omnes
1687 333 1764 368 prae-

1002 364 1141 400 destinati
1156 391 1167 406 ‚
1192 366 1262 413 quia
1274 378 1370 400 omne
1385 378 1480 413 genus
1499 367 1664 404 hominum
1679 372 1710 404 in
1727 372 1764 404 iis

1002 412 1058 446 est.
1083 415 1134 447 Sic
1149 415 1223 448 alibi
1238 415 1365 462 exponit
1373 416 1393 462 J
1397 428 1445 449 oa.
1456 428 1497 449 η.
1508 429 1551 462 32-
1570 421 1604 452 Si
1615 421 1764 453 exaltatus

996 462 1086 508 fuero
1098 460 1118 494 ιὶ
1130 462 1213 495 terre?
1225 476 1322 499 omnes
1333 464 1456 498 traham
1463 465 1506 498 ad
1515 468 1658 516 meipsum
1666 493 1674 505 ‚
1689 473 1720 504 ὅ(
1729 469 1765 502 il-

1002 511 1055 546 lud
1070 513 1163 546 Lucae
1180 523 1229 547 11.
1245 514 1419 546 ‘Decimam
1432 527 1516 548 omne
1529 518 1589 549 olus
1599 542 1609 556 ‚
1629 518 1682 552 ubi
1697 530 1764 552 non

1004 559 1048 595 est
1061 560 1294 608 intelligendum
1308 561 1364 595 nifi
1377 574 1472 597 omne
1485 565 1553 599 olus
1568 568 1655 613 quod
1668 566 1764 602 habe-

1003 610 1077 644 bant
1085 635 1095 650 ,
1109 623 1212 658 neque
1224 611 1307 644 enim
1317 623 1414 645 omne
1423 612 1491 646 olus
1499 615 1585 660 quod
1596 627 1659 650 erat
1671 617 1702 649 in
1711 627 1764 650 to-

1003 670 1039 694 to
1061 670 1210 694 terrarum
1230 659 1314 694 orbe,
1329 661 1536 698 decimabant.
1575 665 1626 699 Sic
1644 665 1765 700 dietum

1001 708 1136 742 omnibus
1144 719 1199 758 per
1207 713 1307 742 omnia
1316 711 1416 759 placeo
1424 735 1432 746 ‚
1443 712 1490 745 i.e.
1499 713 1586 746 omni
1595 713 1764 750 hominurn

1003 759 1108 806 generi
1130 757 1218 806 quod
1245 758 1363 793 Christi
1387 761 1596 808 congregabat
1617 763 1762 798 Ecclesia.

1001 809 1079 842 Non
1092 806 1137 842 est
1155 808 1260 854 itaque
1276 808 1479 843 dubitandum
1502 812 1653 846 voluntati
1671 814 1762 852 Dei,

1001 858 1055 904 qui
1068 859 1099 891 in
1114 857 1191 891 caelo
1207 860 1239 891 &
1253 857 1285 890 in
1297 859 1379 893 terra
1391 860 1496 893 omnia
1509 873 1700 909 quaecunque
1707 875 1765 896 vo-

1000 907 1074 946 luit,
1090 903 1165 940 fecit
1174 919 1183 946 ;
1196 906 1345 941 humanas
1358 908 1529 943 voluntates
1543 922 1608 943 non
1622 911 1706 957 poffe
1713 924 1763 946 re·-

1000 955 1101 990 sistere
1111 954 1177 1003 quo
1192 955 1293 990 minus
1308 953 1399 991 faciat
1413 958 1500 1005 quod
1514 959 1575 993 vult
1587 984 1597 999 ,
1620 961 1763 1007 quando-

1001 1005 1127 1053 quidem
1139 1004 1178 1038 de
1191 1004 1260 1051 ipsis
1279 1004 1445 1040 hominum
1453 1007 1660 1043 voluntatibus
1674 1010 1762 1057 quod

999 1055 1077 1091 vult,
1092 1052 1164 1088 cum
1172 1052 1323 1089 vultfacit.
1351 1058 1394 1089 Ita
1401 1055 1578 1100 objeffioni
1587 1057 1637 1092 hic
1647 1071 1704 1094 tuae
1713 1072 1764 1094 re-

1001 1103 1128 1151 spondet
1141 1102 1214 1137 dum
1227 1116 1295 1137 eam
1308 1103 1429 1139 afferret
1439 1106 1599 1152 Julianus3
1624 1107 1674 1142 sed
1686 1109 1762 1144 dum

999 1152 1352 1187 monachiAdrumetim
1364 1154 1450 1188 illum
1463 1168 1626 1203 pergerent
1639 1147 1760 1205 urgere,

998 1200 1177 1249 responsum
1190 1200 1276 1236 suum
1291 1202 1454 1249 amplificat
1467 1205 1506 1239 de
1519 1207 1762 1253 correptione&

999 1252 1095 1299 gratia
1110 1263 1173 1298 cap.
1189 1262 1237 1297 14.
1252 1251 1375 1286 Omnes
1391 1253 1407 1297 <
1415 1253 1517 1300 inquit
1524 1259 1543 1298 )
1563 1255 1708 1290 homines
1721 1269 1762 1291 o-

998 1313 1070 1334 mne
1082 1300 1247 1334 hominum
1260 1313 1356 1348 genus
1372 1301 1570 1351 intelligimus
1581 1329 1590 1344 ‚
1603 1317 1658 1352 per
1672 1305 1761 1353 quas:-

998 1362 1121 1397 cunque
1135 1348 1320 1383 differentias
1340 1349 1538 1387 distributum
1553 1377 1564 1393 ,
1590 1366 1677 1398 reges
1697 1356 1761 1402 pri-

998 1410 1102 1439 vatos,
1120 1398 1244 1432 nobiles
1259 1399 1432 1446 ignobiles,
1446 1399 1589 1437 sublimes
1607 1394 1739 1439 Humiles
1750 1429 1761 1445 ,

998 1449 1113 1483 ἀοὲὶοε
1120 1448 1282 1485 indoctos,
1299 1449 1410 1495 integri
1417 1452 1559 1498 corporis
1569 1452 1685 1487 debiles
1693 1477 1701 1490 ‚
1715 1455 1763 1487 in-

998 1496 1144 1546 geniosos
1159 1497 1349 1532 tardicordis
1360 1497 1476 1536 fatuos,
1495 1501 1604 1535 divites
1613 1515 1763 1550 pauperes

1000 1548 1191 1596 mediocres,
1211 1559 1309 1581 mares
1325 1544 1488 1589 foeminas,
1507 1548 1637 1607 infantis
1650 1565 1764 1599 pueros

999 1595 1206 1632 adolescentes
1215 1598 1352 1640 juvenes,
1361 1595 1494 1632 seniores
1506 1598 1603 1641 seneS,
1615 1613 1646 1635 in
1660 1602 1766 1636 omni-

999 1648 1057 1681 bus
1070 1647 1200 1694 linguis,
1217 1646 1250 1679 in
1265 1645 1406 1681 moribus
1418 1649 1583 1690 omnibus,
1603 1651 1635 1685 in
1648 1651 1764 1686 artibus

999 1696 1169 1733 omnibus,
1186 1696 1219 1730 in
1234 1694 1471 1743 profeffionibus
1486 1698 1652 1737 omnibus,
1666 1701 1698 1734 in
1706 1713 1764 1736 vo-

998 1747 1150 1781 luntatum
1173 1749 1206 1780 &
1236 1745 1492 1782 conscientiarum
1515 1749 1653 1785 varietati
1671 1751 1764 1786 innu-

999 1796 1140 1831 merabili
1152 1794 1340 1830 constitutos
1351 1821 1361 1836 ‚
1377 1799 1409 1831 &
1417 1796 1439 1831 sl
1447 1797 1522 1846 quid
1530 1798 1611 1834 aliud
1619 1799 1765 1835 differen-

997 1847 1108 1881 tiarum
1121 1844 1165 1881 est
1180 1845 1212 1880 in
1233 1844 1414 1881 hominibus
1427 1871 1438 1887 ,
1465 1849 1667 1895 omnipotens
1687 1850 1764 1886 velle

998 1897 1199 1931 inaniternon
1211 1894 1315 1942 potest
1328 1896 1540 1945 quodcunque
1547 1899 1691 1933 voluerit.
1711 1900 1766 1935 0-

998 1959 1084 1981 mnes
1094 1958 1152 1994 pro
1160 1944 1274 1993 quibus
1286 1944 1431 1980 Christus
1443 1958 1586 1982 mortuus
1598 1948 1643 1983 est
1657 1960 1764 1983 exten-

998 1997 1071 2031 dere
1084 1997 1121 2031 ad
1134 1994 1268 2043 singulos
1282 1995 1314 2029 in
1327 1995 1466 2030 humano
1485 2009 1599 2044 genere
1612 2023 1622 2037 ,
1648 1997 1763 2046 absque

1001 2046 1185 2091 exceptione
1199 2045 1444 2081 ulliusindividui
1456 2045 1593 2080 hominis
1609 2049 1763 2095 (prouttu

1000 2096 1051 2130 hic
1065 2093 1163 2141 facis)
1184 2095 1317 2129 multum
1332 2094 1465 2129 detrahit
1482 2095 1519 2130 de
1532 2097 1642 2131 virtute
1654 2097 1764 2144 passio—

1001 2146 1048 2179 nis
1061 2144 1179 2180 Christi
1188 2157 1255 2192 quae
1264 2143 1428 2178 estinfiniti
1441 2145 1551 2191 pretii,
1564 2157 1631 2180 non
1645 2145 1764 2180 tantum

1003 2194 1088 2229 istius
1103 2193 1239 2229 fru&um
1252 2193 1408 2241 suspendet
1418 2194 1456 2228 ab
1470 2194 1609 2228 humano
1622 2197 1765 2230 volunta-

1002 2245 1042 2278 tis
1052 2244 1198 2283 arbitrio,
1212 2256 1244 2278 re
1258 2244 1353 2278 totius
1368 2244 1475 2277 mundi
1488 2245 1597 2290 procul
1610 2246 1698 2278 omni
1708 2245 1766 2279 du-

1003 2293 1059 2326 bio
1067 2293 1277 2331 incertiffimii,
1292 2291 1493 2339 fragilissima,
1508 2295 1765 2330 &maximecon-

1004 2341 1151 2386 tingenti;
1169 2338 1218 2374 sed
1237 2341 1327 2375 etiam
1342 2340 1419 2374 nihil
1436 2341 1515 2375 aliud
1528 2343 1617 2388 pretii
1631 2345 1742 2377 valoris
1755 2367 1763 2378 ‚

1005 2391 1036 2421 δε
1050 2386 1192 2421 efficaciae
1205 2389 1236 2420 in
1249 2400 1353 2421 morte
1362 2388 1480 2423 Christi
1492 2391 1582 2435 ponit
1595 2391 1688 2437 quim
1697 2404 1764 2438 quae

1005 2435 1108 2484 potest
1126 2435 1291 2470 consistere
1304 2449 1375 2470 cum
1390 2440 1503 2472 aeternft
1521 2438 1716 2474 damnatione
1729 2453 1765 2474 0-

1005 2486 1124 2519 mnium
1132 2490 1163 2520 &
1171 2485 1358 2534 singulorum
1368 2498 1425 2533 pro
1434 2487 1546 2534 quibus
1554 2500 1696 2523 mortuus
1707 2489 1763 2529 est,

1005 2539 1037 2570 &
1049 2548 1130 2583 quos
1145 2535 1215 2570 vere
1228 2534 1372 2570 Christus
1384 2537 1562 2571 intendebat
1574 2537 1624 2573 sua
1637 2550 1738 2573 morte
1747 2538 1764 2573 ἒι

1006 2584 1214 2619 damnationis
1232 2583 1353 2620 miseri&
1372 2584 1513 2622 liberare.
1547 2587 1694 2622 Praeterea
1710 2600 1764 2635 per

1005 2633 1197 2669 necessariam
1205 2633 1456 2682 consequentiam
1464 2659 1474 2674 ,
1491 2646 1524 2669 ut
1530 2645 1599 2669 tuus
1610 2638 1764 2684 Spalaten-

997 2685 1036 2730 fis
1047 2681 1174 2725 fatetur,
1191 2685 1338 2731 importat
1347 2684 1495 2718 aetualcm
1503 2687 1764 2721 communicatio-

1006 2746 1078 2768 nem
1094 2735 1197 2783 gratiae
1210 2735 1246 2769 ad
1258 2732 1383 2768 salutem
1399 2732 1577 2769 sufficientes
1589 2759 1597 2771 ‚
1623 2739 1655 2770 &
1668 2749 1736 2783 quae
1747 2736 1765 2771 εἰ

1007 2794 1092 2830 parte
1107 2784 1172 2819 Dei
1184 2783 1290 2819 dantis*
1301 2797 1366 2818 non
1383 2784 1516 2818 omnino
1531 2783 1632 2819 differt
1647 2786 1765 2833 agrati&

1008 2830 1335 2869 salutiferamfficaci:
1353 2833 1419 2867 imo
1434 2833 1449 2867 ὲ
1463 2834 1558 2881 gratia
1572 2833 1688 2869 efficaci
1700 2836 1767 2869 nul-

1010 2882 1043 2915 lo
1056 2883 1155 2916 modo
1168 2882 1270 2923 differ-,t
1283 2882 1337 2917 nisi
1350 2882 1412 2917 hoc
1420 2895 1485 2917 uno
1495 2907 1504 2922 ,
1518 2883 1604 2930 quod
1618 2885 1701 2918 adius
1708 2884 1768 2918 hu-

1001 2932 1091 2965 ·mani
1108 2932 1229 2967 arbitrii
1247 2933 1295 2966 isti
1310 2931 1479 2967 assentiatur
1497 2936 1529 2967 &
1545 2931 1598 2967 suo
1618 2932 1767 2976 assensui-

1011 2981 1086 3017 stam
1100 2980 1189 3016 faciat
1202 2981 1358 3017 efficacem
1367 3007 1375 3021 ‚
1390 2995 1456 3029 quae
1465 2980 1484 3014 si
1499 2981 1638 3017 dissensus
1651 2983 1767 3018 arbitrii

1011 3031 1049 3064 ab
1069 3033 1106 3066 ei
1125 3029 1224 3066 fuisset
1245 3033 1323 3066 intra
1337 3033 1448 3066 limites
1464 3032 1566 3077 gratim
1589 3033 1626 3066 ad
1644 3031 1768 3067 salutem

1011 3079 1187 3114 sufficientis
1195 3080 1344 3114 mansisset
1353 3105 1362 3120 ‚
1377 3079 1425 3113 sed
1435 3092 1499 3113 non
1510 3079 1663 3116 salutiferae
1671 3080 1781 3116 solum·

1010 3129 1055 3163 ob
1067 3128 1159 3164 istum
1172 3129 1331 3164 dissensum
1343 3144 1350 3163 :
1362 3130 1440 3162 ratio
1457 3131 1631 3177 (inquam)
1652 3133 1768 3166 tuaim-

1011 3190 1111 3226 portat
1124 3180 1323 3213 collationem
1330 3177 1505 3222 hujusmodi
1514 3181 1615 3225 gratia:
1622 3189 1687 3214 non
1695 3194 1769 3215 mo-

1012 3228 1054 3264 do
1063 3229 1328 3277 omnibusJudaeis
1338 3253 1348 3269 ‚
1359 3228 1474 3262 Turcis
1483 3253 1492 3268 ,
1507 3233 1538 3263 δε
1547 3230 1701 3269 Erhnicis,
1716 3230 1770 3275 qui

1353 3280 1421 3320 ‘Rr
1446 3290 1459 3323 3
1698 3278 1770 3326 90st
