2048 3343
106 208 230 243 Nonper·

56 254 63 262 ’
109 248 217 274 mirmur

103 289 195 315 Diana

107 328 194 364 templo

100 367 175 404 suum
183 378 226 395 no-

108 420 165 437 men
173 411 213 436 in-

101 450 217 488 scribere.

110 546 237 581 Difficilis

110 598 162 614 cum
173 588 232 613 Me-

110 638 193 654 mnone
201 627 236 656 lu-

111 669 161 696 aa.

121 1632 256 1665 Hyemavit

121 1666 236 1702 izi-Cam.

127 2020 213 2059 AEropi
223 2020 261 2047 in-

121 2061 200 2098 fidias
209 2072 259 2087 ex-

125 2102 228 2140 ptfiatur

129 2143 264 2170 Parmenio.

131 2422 234 2454 Occupat

127 2468 208 2497 parvo
215 2469 254 2484 ne-

127 2501 195 2538 gotio
205 2510 250 2525 ⁴in-

128 2542 225 2578 gusttssb
234 2557 240 2561 -

134 2580 271 2608 mMCIitite

130 2628 223 2658 portae·-

274 2829 280 2835 t
295 2799 403 2832 cunda
417 2798 480 2832 fuit
496 2796 610 2833 Cilicia
623 2809 677 2843 per
687 2796 831 2843 geminas
850 2806 961 2842 portas
980 2807 988 2828 :
1006 2795 1039 2826 in

270 128 339 173 136
621 123 934 161 Orrnrs

263 209 388 232 nomen
402 195 680 243 consequeretur,
698 194 860 242 templum
877 194 960 230 illud
977 195 1010 227 in

264 250 387 281 cineres
398 246 568 292 redegerat
587 271 596 287 ,
623 247 658 280 id
669 247 754 279 cives
765 256 922 293 magnam
938 256 1011 290 par-

264 307 330 331 tem
349 295 616 335 restauraverant,
628 293 751 329 obtulit
766 294 927 328 Alexander
939 305 1013 339 per-

264 346 426 381 fcc‘kutum
448 342 477 379 se
498 346 611 379 omnia
632 343 724 391 supra
736 343 903 390 pristinum
915 344 1011 376 niso-

265 406 345 432 rem,
356 393 457 428 modo
470 406 593 428 nomen
607 393 699 426 suum
713 393 807 439 operi
821 402 1013 437 paterentur

266 443 413 485 inscribi·,
425 443 656 478 conditionem
667 441 758 475 istam
778 441 906 488 Ephesii
919 452 1013 487 repu-

268 492 405 528 difirunt.

316 540 444 589 Epheso
461 540 609 589 ptoceffit
627 538 784 574 Miletum
805 536 873 584 quo
897 532 1014 568 confu-

266 602 357 637 gerat
369 597 502 625 Memnon
518 607 529 626 .-
553 587 841 625 laboriosissimam
854 586 948 627 hujus
959 596 1016 617 ur-

267 642 318 674 bis
334 640 541 675 obsidionem
561 638 703 675 faciebat
722 638 878 671 Memnonis
899 635 1016 672 virtus,

267 687 320 724 sed
334 691 487 724 Alexandri
499 691 563 722 vim
578 690 623 721 nil
636 686 735 719 valuit
748 684 911 719 sustinere.
925 681 1017 716 Cum

268 738 428 773 machinae
445 738 566 771 bellicae
591 731 783 778 disjeciffent
796 745 909 767 mutos
922 757 932 771 ,
950 738 1014 765 Me-

268 800 355 822 mnon
370 789 472 820 milite
491 784 627 817 navibus
646 782 804 830 impolito
823 779 1018 824 Halicarnas-

262 837 328 883 fitm
344 838 448 870 Cariae
468 833 553 881 fugit
565 861 572 872 ‚
594 834 772 879 insequitur
786 830 946 866 Alexander
957 828 1016 862 de-

268 883 338 918 dita
353 885 492 922 Mileto,-
511 882 585 928 post
602 881 823 929 longinquam
846 884 879 914 &
904 879 1017 912 duram

269 932 502 968 obsidionem,
518 932 749 978 Halicarnafficm
770 940 901 976 captam
926 927 1016 961 dele-

267 983 333 1023 vit,
356 982 410 1016 sed
424 993 531 1015 arcem
548 979 788 1014 munitionibus
807 978 870 1012 luis
885 978 1020 1011 circun-

269 1032 403 1071 datam,
427 1030 545 1064 necesse
565 1029 680 1064 habuit
698 1030 890 1075 relinquere.
931 1026 1019 1059 Hinc

270 1087 406 1116 Memnon
432 1092 507 1113 cum
541 1078 663 1113 Persica
690 1076 779 1112 classe
807 1075 1021 1111 contenderat

273 1129 382 1164 Chion
401 1154 410 1169 ,
436 1128 524 1162 illam
553 1132 586 1163 ὃ(
605 1128 683 1161 alias
704 1128 822 1161 multas
841 1123 1020 1159 Insulatum

275 1178 461 1224 Cycladum
474 1191 576 1226 parvo
593 1178 731 1225 negotio
745 1178 831 1223 capit
850 1191 859 1216 ,·
890 1173 968 1208 inde
987 1173 1020 1206 in

274 1228 515 1262 Macedoniam
527 1226 662 1273 patabat
677 1228 822 1269 trajicere
834 1252 841 1264 ‚
852 1224 909 1258 ubi
918 1224 1022 1256 ratio-

273 1288 330 1310 nes
352 1289 469 1311 omnes
489 1275 750 1310 Alexandrivalde
763 1271 1023 1309 conturbaturus

272 1325 448 1360 videbatur
468 1354 475 1365 ‚
504 1324 600 1370 hujus
611 1324 747 1371 quidem
759 1324 856 1357 unius
867 1323 1023 1355 virtutem

272 1373 366 1422 supra
384 1387 501 1408 omncs
520 1374 602 1408 alios
623 1376 781 1408 mortales
798 1371 855 1405 etsi
873 1380 943 1402 non
957 1381 1025 1402 me-

274 1424 389 1458 tuebat
401 1428 493 1466 (nam
505 1425 585 1458 nihil
597 1424 775 1470 quicquam
790 1431 938 1466 unquam
952 1431 1025 1452 me-

275 1475 357 1516 tuit)
377 1472 555 1521 suspeffilmm
583 1484 694 1508 tamen
720 1470 834 1505 habuit
853 1469 1024 1507 Alexander,

276 1521 392 1556 verum
415 1525 448 1556 in
469 1520 535 1568 ipso
556 1533 683 1555 conatu
703 1522 815 1555 divina
827 1530 945 1552 manus
963 1524 1027 1552 Me-

276 1584 407 1606 mnonem
417 1573 456 1606 de
469 1571 583 1605 medio
596 1570 732 1604 sustulit.

328 1622 493 1663 Hyemem
508 1622 588 1666 prim
596 1633 645 1653 am
657 1621 723 1666 egit
737 1620 902 1658 Alexander
913 1620 946 1651 in
960 1617 1027 1650 Ca-

277 1670 321 1704 ria
332 1674 365 1704 δε
380 1669 496 1704 P1fidia
506 1696 515 1709 ,
527 1668 684 1703 facultate
695 1667 767 1702 data
781 1665 1027 1703 Macedonibus

277 1722 464 1766 quicunque
476 1731 579 1766 nuper
588 1717 743 1753 duxissent
755 1717 1026 1758 uxores,redeun-

279 1770 313 1802 di
334 1769 472 1802 domum
495 1769 535 1802 ad
556 1766 738 1802 invisendas
758 1764 900 1800 familias
920 1789 929 1802 ‚
953 1778 1028 1799 cnm

280 1817 443 1851 mandatis
453 1829 487 1851 ut
500 1819 608 1864 primo
618 1829 692 1852 vete
703 1817 879 1849 alacriores
890 1816 1030 1849 redirent

282 1865 325 1900 ad
338 1867 456 1900 castra:
478 1866 542 1913 ipse
553 1869 684 1900 interim
697 1878 764 1898 non
778 1862 914 1898 cessabat
925 1875 1029 1904 arces,

284 1914 382 1949 urbes
394 1942 402 1955 ,
419 1920 453 1950 &
472 1916 654 1964 provincias
668 1916 703 1948 in
721 1913 809 1948 suam
826 1915 975 1962 redigere
986 1913 1034 1948 di-

286 1975 426 2000 tionem.

334 2016 425 2048 Dum
436 2013 486 2048 hic
498 2013 573 2049 essct
585 2040 594 2052 ‚
611 2015 707 2048 certis
725 2013 887 2061 comperit
905 2011 1035 2046 indiciis

289 2065 468 2105 Alexander,
480 2065 664 2110 cAEropnm‘I
675 2062 870 2097 heffalotum
884 2064 1035 2109 equitum

287 2110 475 2158 praefec'rum
488 2115 578 2147 Dario
589 2113 677 2146 suam
690 2114 787 2146 vitam
799 2114 946 2160 paCtunu
962 2123 1036 2158 pre-

289 2162 336 2192 tio
349 2163 438 2207 regni
455 2162 664 2194 Macedonici
683 2164 819 2196 &mille
839 2160 1035 2195 talentorum

288 2211 368 2244 auri.
404 2208 490 2243 Cum
501 2209 660 2256 expiscata
670 2207 774 2242 fuiss'et
785 2209 906 2242 facinus
917 2213 1038 2242 Parme-

289 2257 378 2292 nionie
389 2257 567 2306 diligentia,
579 2261 647 2300 ejus
661 2259 759 2290 etiam
772 2256 871 2302 oper&
881 2259 1037 2301 eAiropum

289 2307 356 2342 fine
382 2308 515 2355 strepitu
546 2303 823 2353 comprehensum
848 2305 882 2337 in
908 2303 1036 2338 vincula

290 2367 444 2398 conjecit.

338 2407 452 2440 Primo
472 2418 545 2440 vere
564 2402 639 2439 cum
661 2406 770 2439 Darius
786 2415 856 2437 turn
878 2404 1038 2438 Alexander

289 2466 414 2500 quanto
425 2455 578 2490 valebant
590 2454 713 2489 robore
726 2452 886 2500 parabant
898 2463 1036 2486 concut-

291 2516 368 2538 rere.
395 2507 499 2538 Darius
511 2518 547 2538 ex
569 2503 787 2549 superioribus
804 2501 944 2535 maxime
958 2514 1038 2547 pto-

291 2554 406 2586 vinciis
428 2551 519 2600 supra
535 2552 710 2586 sexcenties
733 2551 822 2586 mille
836 2551 1037 2585 bellatorum

291 2604 324 2635 in
336 2602 589 2649 Mesopotamiae
599 2602 720 2646 campis
732 2600 889 2634 lustravit.
912 2602 1040 2634 Alexan-

291 2653 339 2685 der
349 2651 446 2686 ctiam
466 2653 558 2684 variis
579 2662 646 2683 tam
657 2662 693 2682 ex
705 2650 833 2684 Graecia
847 2647 946 2694 quam
963 2647 1039 2681 Asia

292 2700 474 2734 delectibus
491 2698 635 2732 militum
654 2698 921 2736 habitis‚Darlnm
933 2697 1039 2730 versus

293 2749 460 2782 movebar.
496 2751 533 2782 In
554 2745 710 2793 Assyriam
726 2747 916 2793 properanti
932 2756 1040 2778 trans-

293 2848 385 2881 aditu
399 2848 538 2893 angustae
556 2846 740 2880 admodum
753 2856 843 2879 erant
855 2843 933 2890 pylae
957 2857 965 2878 ε
994 2843 1040 2876 ibi

294 2909 394 2941 pauca
407 2896 503 2930 millia
523 2895 732 2929 infirmorum
750 2893 893 2926 militum
913 2895 943 2926 in
960 2905 1039 2938 prae-

294 2950 397 2991 ruptis
419 2945 498 2979 saxis
520 2943 728 2979 confidentia
744 2968 754 2983 ,
783 2941 856 2976 solis
876 2942 1042 2989 lapidibus

294 3002 405 3027 totum
421 2995 761 3038 Alexandriexetcitum
773 2990 926 3026 valebant
937 2990 1042 3024 exclu-

298 3043 384 3075 dere.
412 3046 500 3076 Dum
513 3043 793 3090 appropinquaret
803 3041 851 3073 isti
863 3052 965 3086 portae
976 3039 1042 3086 ipse

299 3093 465 3128 Alexander,
476 3092 643 3139 assumptis
653 3091 758 3125 secum
770 3090 941 3136 sagittariis
954 3094 987 3123 δέ
998 3088 1040 3121 le-

299 3143 383 3173 viter
394 3141 535 3177 armatis,
549 3141 657 3174 media
669 3141 768 3174 nocte
782 3139 936 3173 custodes
948 3140 1042 3171 inva-

302 3188 356 3230 fit,
373 3187 406 3221 hi
418 3197 452 3221 ut
463 3185 604 3233 primum
616 3190 763 3225 audivere
774 3189 960 3236 ptaeseutcm
971 3188 1042 3221 Re-

997 120 1470 158 Hls'ronic1

1062 206 1153 242 gem,
1173 194 1278 227 statim
1295 192 1615 240 ‹liffngetuntmetu‚
1635 203 1762 241 apertas
1776 195 1810 228 δε

1063 243 1166 277 nudas
1177 243 1338 290 angustias
1353 243 1426 276 laeto
1439 242 1532 277 valde
1545 244 1701 278 Alexandro
1714 243 1812 277 telin-

1063 303 1212 338 quentes.
1240 293 1326 325 Hinc
1339 291 1451 339 magn&⁴
1475 289 1812 336 festinationeTarsum

1062 340 1245 380 advolavit,
1259 350 1294 373 ut
1306 340 1420 374 urbem
1434 340 1474 373 ab
1487 342 1679 386 igne-,quem
1694 340 1812 385 Arsanes

1064 391 1197 435 satrapa
1210 388 1579 427 accenderat.11bcraret.
1609 389 1729 435 Tarfizm
1742 401 1811 422 me-
1831 389 1952 428 Cydniacl

1064 438 1151 471 diam
1170 436 1255 470 secat
1274 439 1380 482 Cydnus
1399 437 1694 485 limpidiffimarum
1710 441 1742 472 δέ
1755 436 1811 471 fri·
1830 431 1932 478 Tarsum

1064 485 1300 535 gidiffimarum
1327 499 1485 533 aquarum
1512 486 1630 520 fluvius
1657 501 1665 521 ι
1702 487 1812 534 magni
1824 474 1916 520 fr¹5>⁷⁰s‘
1996 511 1997 514 η

1066 547 1135 570 tum
1149 538 1180 569 in
1195 534 1310 570 Cilicia
1321 537 1404 571 Solis
1417 536 1520 573 aestus,
1530 534 1812 570 Alexanderlabore
1828 521 1974 582 {3:¹5}ssss
1989 549 2001 566 a.

1068 582 1354 626 &sudorelaffus,
1371 596 1445 619 toto
1466 583 1667 631 inspeffilante
1677 585 1814 618 exercitu
1834 597 1966 634 hpfost.

1067 633 1222 681 depositis
1234 635 1328 668 armis
1341 633 1543 679 vestibusque
1563 656 1572 669 ‚
1599 631 1628 666 se
1642 632 1769 667 nudum
1781 633 1814 666 in
1835 645 1941 664 cumane

1070 684 1229 729 Cydnum
1242 685 1400 728 conjecit,
1412 683 1517 717 statim
1530 680 1704 730 obriguere
1714 683 1816 720 nervi,
1832 675 1976 722 paucisdie-
2002 715 2004 717 ,

1068 731 1245 779 tantusque
1257 734 1437 780 derepente
1458 732 1571 778 stupor
1593 743 1713 765 omnes
1730 742 1815 765 artus
1835 717 1876 764 ¹⁷¹¹?
1890 716 1967 744 ’Ἓξ-ὴ·

1068 783 1243 827 occupavit
1256 806 1266 822 ,
1279 792 1312 815 ut
1323 781 1519 815 semianimis
1530 791 1731 828 mortuoque
1741 792 1820 828 pro-
1833 765 1918 787 ‘mm‘

1070 831 1175 863 ximus
1195 854 1203 865 ,
1228 829 1401 863 satellitum
1424 831 1575 865 manibus
1589 831 1621 863 in
1634 831 1818 864 tentorium

1070 889 1243 925 correptus
1254 876 1303 911 fit.
1321 879 1535 925 Trepidatum
1550 879 1655 913 statim
1668 881 1702 912 in
1714 878 1822 914 castris

1071 927 1160 974 quasi
1186 924 1353 974 expiifillet
1374 950 1383 966 ‚
1408 927 1457 961 vel
1485 928 1590 960 statim
1618 930 1826 975 expiraturus

1072 975 1177 1011 fuisset
1191 977 1355 1010 Alexander
1373 993 1381 1010 ε
1402 987 1438 1010 ut
1450 974 1591 1023 primum
1606 977 1754 1010 exanimi
1769 977 1826 1012 de-

1073 1026 1179 1072 liquio
1193 1023 1300 1059 sensus
1313 1026 1435 1072 recepit
1448 1051 1457 1065 ‚
1478 1037 1601 1073 magno
1624 1037 1746 1073 angore
1760 1036 1829 1059 tor-

1073 1074 1249 1122 quebatur,
1264 1077 1371 1109 Darius
1383 1076 1554 1109 adventare
1567 1074 1735 1110 ferebatur
1745 1085 1830 1122 pau-

1074 1136 1191 1157 corum
1204 1124 1328 1157 dierum
1342 1122 1447 1171 spatio
1464 1150 1473 1164 ,
1489 1122 1585 1170 ipsius
1606 1123 1742 1158 morbus
1759 1135 1828 1157 non

1075 1173 1183 1207 modo
1204 1171 1344 1207 difficilis
1360 1198 1370 1212 ,
1401 1171 1455 1207 sed
1470 1174 1643 1207 diuturnus
1657 1172 1674 1206 d
1687 1173 1828 1207 medicis

1075 1221 1323 1270 praedicabatur.
1353 1222 1562 1257 Imbecillitas
1582 1223 1705 1256 militiae
1718 1224 1748 1256 in
1763 1223 1833 1268 pti-

1077 1273 1138 1305 mis
1164 1283 1282 1318 pugnae
1303 1270 1473 1305 laboribus
1495 1270 1634 1306 faciebat
1653 1274 1828 1317 imparem,

1077 1324 1142 1366 ejus
1163 1324 1257 1354 unius
1270 1319 1413 1356 absentia
1426 1323 1604 1355 exercitum
1616 1320 1763 1354 hostibus
1773 1333 1831 1354 ex-

1077 1369 1221 1417 ponebat
1240 1370 1355 1416 praedae
1377 1395 1386 1407 ‚
1413 1370 1478 1416 ipse
1495 1372 1584 1404 enim
1607 1369 1741 1403 suorum
1754 1368 1831 1402 vert}

1077 1418 1139 1454 fuit
1150 1418 1289 1466 spiritus,
1299 1418 1315 1453 a
1327 1432 1396 1465 quo
1412 1432 1529 1453 omnes
1541 1421 1572 1452 in
1582 1431 1689 1466 pugna
1699 1419 1830 1452 animos

1077 1468 1206 1503 haurire
1218 1468 1427 1502 videbantur.
1443 1470 1479 1501 In
1490 1467 1659 1513 desperato
1675 1467 1740 1500 hoc
1753 1467 1830 1500 aestu

1079 1520 1218 1564 Plnlippus
1232 1526 1376 1557 Acarnan,
1387 1518 1590 1551 medicorum
1601 1515 1702 1563 ipsius
1719 1515 1735 1548 a
1749 1527 1836 1563 pue-

1077 1579 1116 1601 ro
1132 1568 1306 1614 primarius
1317 1592 1326 1608 ,
1343 1566 1599 1614 praesentaneum
1615 1563 1714 1599 offert
1725 1576 1835 1598 teme-

1079 1617 1190 1650 dium:
1215 1618 1322 1649 caeteri
1335 1629 1451 1651 omnes
1465 1616 1581 1650 medici
1591 1616 1651 1648 viti
1664 1615 1834 1647 temerita-

1078 1677 1144 1700 tem
1167 1664 1344 1699 abhortere
1367 1690 1377 1705 ,
1413 1664 1568 1699 Parmenio
1588 1675 1642 1708 per
1661 1662 1831 1710 epistolam

1081 1716 1161 1761 Regi
1187 1712 1367 1761 significate
1387 1739 1397 1755 ,
1424 1724 1553 1748 caveret
1580 1711 1674 1746 fibi&
1697 1714 1834 1759 Philippo,

1080 1761 1275 1810 competisse
1290 1765 1375 1798 enim
1390 1763 1419 1797 sc·
1431 1766 1555 1798 Darium
1567 1762 1617 1795 isti
1637 1761 1723 1795 suam
1736 1761 1835 1795 soro-

1080 1826 1145 1847 rem
1162 1816 1195 1845 in
1208 1824 1343 1847 uxorem
1359 1837 1368 1852 ,
1391 1817 1424 1847 &
1440 1814 1528 1848 mille
1540 1812 1660 1846 talenta
1673 1808 1836 1858 pepegisse

1082 1864 1222 1910 pretium
1247 1864 1365 1896 mortis
1389 1861 1556 1896 Alexandri.
1603 1859 1833 1894 Nihilominus

1084 1914 1243 1947 Alexander
1261 1924 1299 1945 ex
1313 1913 1434 1959 Plnlzppi
1448 1909 1598 1945 manibus
1609 1912 1770 1955 poculum
1784 1906 1837 1941 su-

1084 1965 1225 2001 mens,&
1238 1963 1362 2008 Philippo
1376 1960 1600 1994 Parmenionis
1613 1958 1719 1991 literas
1730 1958 1839 2004 legen-

1084 2011 1139 2046 das
1153 2012 1296 2050 tradens,
1312 2009 1415 2044 hanfit
1429 2008 1642 2047 medicinam,
1653 2006 1718 2041 hoc
1733 2007 1837 2052 magis

1085 2059 1191 2095 secure}
1221 2059 1316 2106 qnod
1347 2060 1535 2107 indignanti
1564 2069 1630 2091 non
1660 2066 1835 2104 perterrito

1086 2110 1188 2144 oculo
1200 2112 1359 2156 Philippum
1370 2108 1558 2144 observaret
1573 2106 1753 2140 calumnias
1764 2115 1839 2148 pet-

1084 2161 1203 2207 legere.
1241 2159 1292 2192 Ut
1312 2157 1538 2203 spoponderat
1561 2156 1725 2199 Philippus,
1743 2154 1775 2185 in
1787 2151 1838 2185 so-

1086 2219 1213 2240 ciorum
1224 2207 1376 2238 omnium
1390 2202 1502 2237 uliim'a
1513 2202 1749 2249 desperatione,
1761 2199 1836 2247 post

1085 2257 1173 2288 diem
1195 2266 1348 2299 quartum
1380 2251 1539 2286 militibus
1565 2249 1836 2296 conspiciendum

1087 2303 1116 2337 se
1130 2305 1200 2337 Rex
1215 2301 1337 2343 obtulit
1349 2328 1359 2343 ,
1371 2302 1426 2335 sed
1440 2302 1481 2334 ad
1497 2298 1765 2334 confirmandam
1779 2310 1838 2331 va-

1087 2351 1270 2386 letudinem
1292 2351 1477 2386 diuturnior
1497 2348 1702 2396 moraipsiin
1715 2348 1838 2382 Cilicia.

1088 2399 1258 2437 necessaria
1268 2400 1339 2438 fnit.

1136 2453 1248 2485 Darius
1260 2449 1311 2484 sua
1328 2455 1360 2485 δε
1380 2448 1568 2484 Aulicotum
1583 2448 1761 2496 palponum
1776 2457 1834 2478 va-
1856 2453 1953 2482 Darsa,-

1087 2500 1187 2534 nitate
1199 2499 1423 2541 dementatus,
1441 2500 1636 2534 Alexandrum
1647 2493 1830 2529 arbitraba-
1850 2494 1973 2531 ingentem

1088 2560 1140 2582 tur
1157 2548 1259 2596 specie
1281 2559 1408 2582 tanturn
1431 2552 1465 2582 δέ
1485 2546 1691 2580 simulatione
1710 2544 1830 2583 morbi,
1844 2534 1993 2581 sturme-scer.

1087 2597 1139 2632 sed
1154 2610 1262 2631 revera
1272 2608 1363 2631 metu
1374 2595 1391 2629 a
1404 2597 1465 2629 suis
1475 2596 1570 2629 armis
1585 2605 1713 2641 tempus
1728 2594 1760 2626 in
1772 2593 1831 2626 Ci-
1851 2584 1967 2643 222¹*
2012 2596 2018 2599 ⁴

1086 2643 1691 2693 liciate1·ere:etgonesibielaberetur
1712 2668 1721 2682 ‚
1754 2642 1831 2676 &in
1852 2658 1956 2693 angusta

1089 2696 1252 2728 Gtaeciam
1265 2695 1324 2729 sese
1338 2691 1740 2741 proriperentantbocysis
1753 2702 1831 2736 pro·
1853 2696 1990 2733 conjicienti

1089 2741 1404 2790 peratinsanientem
1417 2738 1834 2789 illumPlnlz'ppiadolescen-
1853 2739 1932 2776 lffiam.

1089 2791 1194 2826 tulum
1228 2796 1260 2826 in
1287 2793 1347 2827 suis
1373 2792 1506 2827 latebris
1532 2789 1834 2836 comprehendere.

1091 2839 1279 2877 Charidemus
1297 2841 1504 2876 Athenienfis
1517 2840 1604 2879 exul,
1624 2840 1669 2872 vir
1691 2835 1787 2870 fortis
1799 2840 1835 2871 &

1091 2891 1242 2937 prudens,
1255 2888 1536 2925 irreconciliabilis
1548 2888 1709 2922 Alexandro
1720 2886 1838 2927 hostis,

1091 2941 1188 2974 Dario
1207 2937 1363 2972 suadebat
1379 2942 1412 2972 in
1434 2936 1564 2981 Assyriae
1582 2935 1654 2970 latis
1675 2940 1705 2970 δε
1728 2937 1833 2982 planis

1090 2988 1211 3032 campis
1229 2999 1420 3034 permanere
1434 3011 1444 3027 ‚
1466 2990 1499 3020 &
1522 2997 1579 3032 per
1593 2988 1737 3032 legatum
1759 2983 1836 3019 curn

1091 3039 1221 3070 centum
1244 3035 1373 3070 tantum
1396 3034 1538 3069 millibus
1562 3058 1572 3075 ‚
1596 3047 1740 3081 quotum
1764 3046 1838 3081 pars

1092 3087 1184 3119 tertia
1195 3083 1295 3119 effcnt
1313 3085 1440 3120 Graeci,
1461 3096 1535 3118 cum
1552 3085 1712 3119 Alexandro
1723 3095 1831 3129 agere.

1092 3134 1150 3168 Ob
1172 3134 1235 3167 hoc
1254 3132 1423 3168 consilium
1445 3132 1536 3180 quod
1549 3134 1582 3166 in
1595 3132 1757 3167 Persarum
1771 3132 1835 3165 vir-

1091 3194 1192 3219 tutem
1204 3184 1557 3230 videteturimpingere
1570 3207 1579 3223 ,
1593 3179 1678 3228 juffit
1691 3181 1833 3216 Charide-

1751 3240 1830 3263 mum
