2048 3343
138 843 216 869 Mala
224 853 266 869 ex.

128 885 232 920 pltcacm

136 926 238 961 lyrani.

128 1188 208 1215 Trium
217 1186 268 1215 die-

129 1239 183 1256 rum
191 1233 253 1265 jeju-

129 1280 196 1297 mum
203 1281 251 1296 που

127 1311 242 1348 estfioper·

127 1353 252 1383 naturale.

121 2025 256 2064 Hyper-bole

119 2068 191 2095 Pauli
199 2069 227 2094 in

119 2117 235 2146 quatuor-

116 2149 191 2177 decim
199 2149 257 2178 die-

117 2201 170 2219 rum
169 2202 184 2230 J
189 2194 210 2228 ej
214 2202 230 2219 u
234 2208 241 2213 ·

115 2241 167 2259 mo.

307 83 383 120 156
669 80 985 120 optaris

302 151 392 185 ribus
407 149 448 185 ab
458 148 616 188 historicis
634 153 761 189 Graecis
773 156 963 191 memoratis
981 179 992 195 ‚
1017 167 1058 190 an

304 199 383 234 vero
397 200 498 236 adhuc
507 203 568 236 alia
578 202 619 238 ab
631 205 694 238 inis
705 207 862 252 praeterita
872 203 983 239 Esther
991 201 1058 240 fue-

305 249 588 333 ritffdeterminare
600 266 671 289 nori¹
680 254 843 303 poflurnus
851 280 860 295 ,
872 266 932 290 nec
943 254 988 290 est
997 267 1057 290 ne-

305 311 340 334 ce
366 311 394 334 e.

450 391 785 432 .QUAEST10
827 395 882 425 Vr.

301 465 355 497 De
365 463 476 509 Iejunio
488 465 626 502 Estherae
641 464 680 500 ὠ
691 467 840 501 Iudaeorum
849 471 958 514 Cap.4.
966 478 996 499 v.
1009 468 1056 498 16.

324 514 412 548 N'um
427 516 492 549 totis
500 514 590 550 tribus
599 517 695 551 diebus
708 516 746 550 ά·
761 515 849 551 mbus
861 514 984 550 nofftbus
995 512 1030 547 ab

384 565 463 598 omni
469 575 538 612 potu
551 565 589 601 &
601 567 679 600 omni
688 563 748 600 cibo
759 563 947 599 abstinuerint
958 566 972 596 ἓ

299 642 430 703 REsp.
443 645 551 681 Verba
563 645 667 681 textus
677 642 889 700 expresse-hoc
902 645 1057 684 innuunt,

360 696 469 743 itaque
495 695 585 742 quod
612 693 768 727 Dendatus
793 693 847 728 hic
872 692 962 729 affert
980 695 1052 742 post

295 742 432 789 glossam
442 744 635 777 ordinariam
647 765 656 778 .
674 746 707 776 &
722 744 830 787 Lyram'
839 753 1051 778 commenta-

294 793 380 826 rium
393 794 431 827 de
444 790 637 826 abstinentia
650 802 776 826 tanturn
795 791 813 824 εὶ
832 805 913 839 pane
925 816 933 830 ,
949 805 1049 840 quern

295 852 391 875 vocat
403 840 522 879 Daniel,
533 840 692 882 desiderii,
705 845 737 875 &
748 840 823 875 cibo
835 842 990 881 delicato,
1000 851 1052 876 red

295 889 344 923 ste]
362 891 515 934 rejiciunt
527 894 753 925 Annotato'res
769 889 958 940 Anglicani.
983 894 1048 926 Ve-

291 950 361 972 rum
375 939 509 987 quidem
521 939 566 974 est
586 940 758 974 Danielem
770 952 838 988 cap.
854 953 908 975 10.
921 940 998 975 vers.
1016 953 1051 986 3,

290 987 384 1022 suum
406 991 504 1023 trium
519 988 798 1024 hebdomadarum
811 991 974 1036 jejunium
993 991 1045 1024 in-

289 1040 458 1084 terpretari
470 1038 509 1073 de
529 1038 722 1073 abstinentia
739 1038 756 1073 ὲ
767 1041 843 1074 vino
853 1043 884 1073 &
895 1052 978 1084 pane
988 1039 1045 1073 de-

288 1087 389 1122 licato
399 1112 409 1128 ,
430 1093 461 1123 &
474 1087 563 1134 labes
561 1086 580 1120 h
592 1088 831 1124 Gileaditarum
842 1088 964 1137 septem
975 1089 1045 1123 die·

288 1148 358 1171 rum
369 1139 533 1183 jejunium
551 1148 563 1170 1
582 1138 668 1173 sam.
686 1149 784 1181 31.v.=
798 1150 852 1185 ¹3·
869 1136 1044 1173 necessario

288 1184 329 1220 fic
347 1186 624 1234 interpretandum
651 1185 723 1221 effe.
754 1189 841 1223 Nam
868 1187 1043 1223 secundum

289 1235 470 1283 Hippocratis
489 1239 525 1270 &
547 1236 752 1271 medicorum
769 1238 925 1283 placitum
946 1257 955 1274 ι
981 1238 1043 1272 ho-

289 1286 394 1320 mines
407 1284 470 1320 sani
481 1298 550 1319 non
561 1287 675 1320 vivunt
692 1285 762 1333 post
781 1285 904 1334 septem
917 1288 1043 1322 dierum

287 1334 427 1370 inediam
446 1350 454 1369 :
481 1335 624 1370 morbidi
636 1335 767 1384 quidam
781 1360 791 1376 ,
808 1338 842 1371 in
854 1337 976 1385 quibus
987 1336 1044 1370 ab-

285 1384 388 1423 undat
408 1385 522 1432 pituita
535 1411 544 1424 ,
560 1389 591 1420 δι
605 1385 693 1420 calor
708 1387 837 1421 nativus
849 1386 941 1422 valde
959 1386 1044 1421 defi-

284 1435 339 1471 cit,
350 1433 471 1469 diutius
481 1436 649 1480 injejunio
661 1434 917 1482 perseverzirunu
941 1441 973 1472 &
986 1450 1042 1484 per

282 1484 428 1518 divinam
446 1485 495 1518 vel
515 1484 710 1520 diabolicam
730 1488 914 1533 potentiam
926 1499 1040 1522 exem*

280 1533 333 1580 pla
346 1534 531 1568 multorum
552 1533 623 1568 sunt
644 1535 729 1582 apud
743 1535 938 1583 Hakquellum
957 1538 1039 1572 inve-

279 1581 393 1630 gregifi
404 1580 457 1616 sua
468 1582 636 1631 Apologia
649 1597 707 1631 pro
722 1585 787 1618 Dei
806 1586 1016 1621 Providentia
1026 1607 1038 1627 ·,

279 1632 384 1678 quiad
396 1633 561 1680 integrum
575 1632 757 1670 biennium,
768 1636 960 1675 triennium,
973 1649 1036 1672 no-

279 1683 437 1715 vennium
451 1706 459 1718 ‚
480 1686 512 1716 &
525 1683 856 1728 quatuordecennium
868 1685 1036 1721 smeomni

279 1727 393 1765 fraude
404 1754 412 1767 ‚
430 1731 469 1765 ab
482 1734 576 1765 omni
589 1735 730 1767 omnino
746 1734 822 1768 cibo
834 1738 868 1769 &
883 1747 963 1782 potu
978 1735 1038 1770 ab-

278 1777 461 1814 stinuerint.
487 1781 535 1815 Ex
546 1780 609 1816 hoc
620 1795 739 1829 genere
754 1780 887 1818 fuerunt
897 1788 990 1831 lidofis
1001 1787 1036 1821 in

279 1839 398 1863 monte
410 1832 516 1867 Sinai,
535 1835 566 1865 δε
583 1839 601 1866 ζ
611 1829 696 1866 hrrfi‘i
715 1833 747 1866 in
757 1836 941 1868 tentatione
951 1837 1035 1880 jeju.

277 1878 343 1911 nia.
371 1878 433 1912 Sed
444 1881 700 1916 extraordinaria
718 1881 785 1916 haec
798 1883 953 1918 miracula
964 1885 1035 1919 sunt

277 1925 369 1974 supra
381 1941 496 1963 omnes
507 1930 630 1977 regulas
642 1944 651 1964 z
681 1931 849 1978 loquimur
858 1946 920 1968 nos
931 1933 971 1969 de
982 1944 1032 1970 ca·

276 1974 362 2009 sibus
373 1977 543 2012 ordinariis
554 1983 585 2013 &
597 1981 759 2028 regulatis⁶

325 2026 427 2067 Quod
440 2025 577 2062 affirmat
593 2028 696 2063 Paulus
715 2031 788 2064 Αᾶ.
803 2042 857 2077 27,
869 2043 900 2066 v.
914 2043 966 2077 33.
988 2030 1032 2066 se-

276 2087 351 2108 curn
369 2078 561 2124 navigantes
572 2081 652 2113 totis
661 2079 910 2126 quatuordecim
921 2080 1033 2116 diebus

273 2123 423 2169 jejunasse
437 2130 468 2160 δι
484 2126 565 2160 nihil
576 2128 726 2175 gustflffe‚
743 2128 862 2165 necesse
873 2129 1032 2166 habemus

277 2174 483 2219 interpretari
501 2187 577 2209 cum
597 2176 682 2213 Bezd
693 2202 703 2218 ,
721 2178 884 2213 Corneliani
895 2181 1011 2227 Lapide
1024 2204 1032 2218 ‚

277 2224 311 2255 &
336 2223 437 2270 vulgo
457 2229 754 2259 commentantium
766 2239 830 2260 tarn
845 2230 1029 2262 Protestan-

276 2272 359 2309 tirum
372 2272 472 2319 quim
485 2271 735 2308 Pontificiorum
750 2287 807 2321 per
815 2274 1029 2321 hyperbolen,

273 2321 309 2354 in
335 2322 508 2355 communi
533 2321 681 2358 sermone
708 2321 783 2358 satis
802 2322 1031 2370 frequentem:

274 2381 342 2403 non
364 2369 454 2418 quod
465 2369 617 2406 absolute*
638 2372 719 2407 nihil
732 2373 952 2421 gustaverint,
978 2377 1030 2413 scd

273 2419 408 2466 quodin
427 2433 468 2454 eo
488 2422 604 2455 mortis
627 2424 772 2468 periculo
789 2435 824 2458 ac
842 2428 1029 2461 animorum

273 2467 390 2515 agoni&
402 2481 514 2515 parum
525 2468 607 2505 adeo
616 2469 786 2519 gustaiffent
795 2498 806 2515 ,
816 2485 852 2508 ut
863 2473 936 2510 esset
945 2478 1029 2525 quasi

272 2516 356 2550 nihil
369 2542 378 2556 ‚
393 2523 424 2550 &
437 2528 573 2553 omnem
583 2522 778 2556 ordinariam
797 2525 829 2557 in
842 2525 982 2571 prandiis
993 2540 1028 2561 ac

269 2568 375 2601 coenis
389 2565 602 2603 rcfefflonem
612 2569 834 2619 neglexissent.

318 2616 374 2650 Sed
387 2617 476 2650 nulla
489 2619 653 2655 necessitas
666 2633 727 2655 nos
750 2624 842 2668 cogit
858 2622 897 2656 ad
915 2623 1027 2658 locum

271 2662 390 2704 Estherae
410 2664 598 2711 praesentem
621 2668 808 2711 hujusmodi
839 2670 1025 2717 distinetio-

266 2727 341 2748 nem
353 2716 514 2762 applicare
525 2743 534 2755 ,
559 2729 633 2755 nam
646 2716 832 2753 absolutum
845 2721 943 2754 trium
957 2721 1024 2756 die-

266 2775 339 2796 rum
359 2769 390 2799 &
410 2767 510 2799 trium
530 2769 852 2811 noc-tiumjejunium
870 2768 929 2804 stat
947 2782 1021 2806 cum

264 2812 328 2846 vitfi
340 2813 499 2855 humans,
520 2815 589 2850 imo
610 2820 644 2855 &i
665 2829 738 2851 cum
750 2817 896 2855 sanitate.
919 2823 1021 2867 AEgy-

263 2863 350 2906 ptius
363 2864 549 2899 adolescens
574 2878 585 2900 1
603 2868 691 2900 Sam.
708 2879 761 2914 30.
772 2881 800 2903 v.
815 2881 861 2902 12.
873 2869 914 2903 ab
925 2873 1020 2905 omni

263 2911 338 2944 cibo
353 2916 386 2945 &
401 2924 479 2959 potu
499 2915 600 2949 tribus
614 2916 732 2950 diebus
746 2921 781 2951 &
794 2918 898 2952 tribus
909 2921 1018 2954 noeti-

263 2958 323 2992 bus
334 2961 514 2998 abstinuisse
525 2964 541 2999 a
554 2965 675 3000 Davide
686 2965 729 3000 est
742 2967 970 3013 deprehensus,
984 2973 1017 3004 &

263 3007 326 3052 qua
340 3010 507 3046 laborabat
521 3013 711 3054 infirmitas,
732 3029 800 3051 non
821 3028 887 3051 tam
906 3018 947 3052 ab
966 3019 1017 3052 in-

264 3055 333 3087 ediss
354 3059 451 3103 quam
479 3061 497 3096 εἰ
516 3066 615 3110 priori
640 3065 759 3100 morbo
784 3065 905 3101 fiuxifl'e
929 3068 1015 3113 judi-

265 3114 364 3137 catur.

313 3152 395 3188 Non
406 3153 451 3189 est
466 3159 556 3204 quod
567 3161 605 3197 ad
622 3162 820 3202 Australium
830 3164 885 3201 hic
901 3178 1014 3215 popu-

1043 82 1512 135 Hts'rortxc1

1107 157 1213 192 lorum
1232 156 1323 207 supra
1343 165 1618 211 Septentrionales
1642 175 1757 213 miram
1775 183 1863 216 tole-

1106 209 1245 244 rantiam
1253 208 1349 246 famis
1363 215 1593 264 confugiamus
1607 248 1616 261 ,
1638 226 1677 260 de
1688 228 1751 275 quii
1766 231 1863 265 Bodi—

1086 272 1089 306 j
1105 270 1156 291 nus
1167 261 1201 292 'in
1213 257 1264 294 sufi
1275 262 1448 302 methodo,
1464 278 1499 302 ut
1511 267 1616 306 fructu
1626 274 1765 320 ipsorum
1778 291 1863 315 tem·

1109 313 1288 354 peramenti
1318 316 1548 353 melancholici
1569 319 1610 355 ab
1631 327 1761 362 externa
1778 331 1863 365 Solis

1106 357 1273 394 adustione
1292 369 1455 407 procurari
1477 380 1485 399 ε
1514 380 1591 404 nam
1615 372 1797 422 interipsos
1809 382 1866 414 Se-

1106 410 1344 450 ptentrionales
1356 437 1365 450 ‚
1387 417 1588 460 jejuniorum
1606 420 1701 468 supra
1712 425 1778 460 dies
1800 438 1865 467 tres

1105 466 1194 488 exem
1200 459 1330 503 planon
1341 462 1585 503 desunt.David
1594 474 1866 524 Gewgiusffiamiltf-

1099 502 1209 560 sia-rum·
1225 519 1327 553 pater,
1344 517 1424 547 &ex
1441 519 1512 560 ejus
1520 518 1710 565 sequacibus
1730 526 1863 572 quidam

1102 563 1199 589 etiam
1227 557 1325 592 hodie
1339 571 1431 596 totos
1441 576 1583 610 quatuor
1593 568 1657 603 dies
1668 575 1701 605 &
1720 585 1863 620 quatuor

1102 604 1258 640 noctes&
1277 608 1359 644 ultra
1377 634 1389 647 ,
1407 613 1438 645 in
1458 615 1641 652 Diabolicis
1651 617 1712 653 suis
1729 624 1861 667 jejuniis

1102 654 1309 699 perseverfiffe
1321 655 1480 696 feruntur.
1505 666 1632 706 Quidni
1644 680 1724 717 ergo
1735 672 1862 709 Estherae

1101 703 1132 735 in
1146 703 1219 738 casu
1233 707 1326 742 valde
1341 712 1597 750 extraordinario
1609 717 1814 757 imminentis
1825 726 1860 759 in

1101 762 1205 787 totam
1217 752 1408 800 Judaeorurn
1420 771 1553 808 gentem
1567 767 1667 802 ruinae
1676 792 1686 808 ‚
1696 772 1859 808 conceda-

1098 812 1171 855 mus
1180 802 1363 841 absolutum
1374 808 1439 844 fine
1449 815 1543 847 omni
1551 812 1748 854 limitatione
1757 823 1858 858 trium

1098 848 1225 884 dierum
1234 855 1396 896 jejunium
1413 871 1421 890 :
1446 863 1535 907 quod
1547 864 1579 897 in
1593 863 1655 900 hoc
1672 868 1743 902 casu
1754 872 1858 906 nolu-

1097 910 1169 932 mus
1184 910 1245 933 nos
1265 903 1395 949 quidem
1416 918 1491 942 curn
1511 914 1626 952 Lyrano
1642 916 1855 956 indiscretam

1095 946 1323 985 abstinentiam
1338 955 1504 1000 appellare.
1531 959 1682 999 Fatemur
1691 968 1852 1006 ordinaria

1093 995 1288 1041 Judaeorum
1305 1004 1429 1046 jejunia
1439 1005 1535 1040 etiam
1554 1012 1853 1054 maximesolennia

1091 1048 1198 1082 Levit.
1211 1059 1227 1080 2
1237 1059 1251 1094 3
1261 1071 1270 1080 .
1281 1049 1358 1084 vers.
1374 1065 1429 1097 32.
1441 1067 1509 1090 non
1522 1056 1641 1094 duerss‘e
1652 1064 1734 1098 ultra
1743 1075 1849 1103 unum

1091 1095 1176 1130 diem
1189 1101 1220 1130 δι
1232 1109 1328 1133 unam
1348 1103 1480 1137 nouem
1493 1131 1501 1143 ,
1519 1105 1537 1139 :i
1550 1107 1671 1155 vespera
1682 1113 1721 1148 ad
1735 1115 1850 1163 vespe-

1091 1156 1158 1180 ram
1169 1170 1178 1186 ,
1197 1145 1249 1180 sed
1272 1146 1395 1194 Estherae
1406 1151 1493 1188 casus
1504 1159 1617 1193 omnia
1628 1160 1681 1196 illa
1691 1166 1849 1201 anniver-

1091 1193 1167 1229 saria
1178 1193 1320 1232 solennia
1332 1201 1431 1249 longe
1443 1201 1623 1252 superabat.

1120 1247 1284 1300 ⁴Superest
1296 1246 1347 1284 hic
1366 1251 1469 1288 adhuc
1490 1253 1614 1302 aliquid
1625 1257 1736 1302 dubii,
1758 1265 1847 1310 jeju-
1867 1263 1926 1291 ,Λη
1940 1266 1980 1291 ε-

1093 1306 1186 1328 nium
1201 1309 1269 1344 cap.
1282 1312 1316 1345 4.
1332 1299 1450 1336 dicitur
1470 1305 1570 1339 trium
1590 1307 1717 1344 dierum
1738 1316 1770 1347 &
1783 1327 1846 1349 no„
1858 1302 1974 1353 stheyaeii‘

1092 1344 1194 1377 &ium
1209 1360 1220 1388 3
1245 1350 1335 1395 atqui
1347 1361 1496 1398 cap-5.v.
1508 1366 1536 1387 1.
1562 1355 1735 1396 Eflherdie
1747 1366 1844 1400 tertio
1861 1351 1931 1393 fei-tm
1941 1356 1981 1382 5⁶-

1088 1394 1242 1429 invitavit
1253 1396 1379 1445 Regem
1392 1401 1429 1434 ad
1441 1400 1533 1437 suum
1545 1402 1672 1446 festum,
1686 1423 1755 1445 non
1766 1424 1847 1462 ergo

1086 1445 1245 1488 jejunavit
1262 1446 1314 1481 illa
1324 1449 1375 1481 die
1389 1453 1496 1485 tertio,
1512 1454 1642 1488 Solutio
1655 1461 1764 1506 Lyrani
1775 1475 1847 1499 non

1087 1492 1192 1539 placet
1202 1518 1213 1532 ,
1226 1498 1259 1528 &
1274 1494 1382 1530 minsis
1393 1500 1493 1534 huni.-
1517 1503 1587 1536 vult
1597 1505 1651 1539 ille
1666 1508 1779 1542 locum
1790 1523 1846 1546 ac<

1085 1542 1272 1586 cipiendurn
1314 1547 1557 1593 Synecdochice
1598 1566 1658 1599 pro
1699 1559 1844 1604 partibus

1084 1592 1183 1626 trium
1194 1592 1332 1634 dierum.
1358 1597 1586 1635 Concedimus
1596 1603 1843 1645 distinetionem

1084 1652 1153 1675 eam
1170 1641 1293 1679 bonam
1305 1648 1338 1680 ἃ
1350 1646 1526 1683 necessari&
1546 1651 1584 1685 ad
1596 1655 1740 1700 quaedam
1758 1661 1846 1694 Scri÷

1084 1701 1183 1738 pturae
1195 1693 1287 1730 loca,
1305 1705 1342 1729 ut
1361 1695 1418 1730 ista
1437 1698 1477 1732 de
1488 1699 1641 1737 triduano
1662 1703 1776 1742 christi
1790 1709 1842 1744 se-

1083 1739 1222 1787 pulchro
1234 1766 1244 1779 ‚
1264 1745 1507 1791 applicandam=
1531 1749 1582 1785 sed
1594 1753 1683 1790 locus
1699 1769 1761 1804 prae
1772 1770 1845 1794 ma-

1083 1790 1179 1824 nibus
1189 1804 1260 1826 eam
1275 1791 1396 1841 respuit
1406 1821 1416 1833 ‚
1432 1810 1509 1833 narn
1520 1799 1636 1838 diserte
1645 1806 1794 1854 loquitur
1802 1808 1843 1843 de

1083 1839 1188 1875 tribus
1202 1841 1319 1877 diebus
1337 1848 1370 1879 &
1381 1847 1483 1882 tribus
1495 1851 1659 1895 noctibus,
1675 1857 1708 1889 in
1719 1856 1840 1904 quibus

1084 1889 1164 1924 nihil
1174 1902 1241 1926 erat
1252 1890 1392 1939 aJudaeis
1402 1896 1614 1944 gustandum.

1857 1387 1996 1422 juvamus

1130 1942 1229 1986 Pejor
1247 1943 1372 1978 videtur
1389 1947 1469 1980 Iunii
1487 1947 1631 1988 solutio,
1648 1953 1737 1988 addit
1747 1953 1836 1989 enim
1856 1961 1990 1991 Malalud
2024 1994 2028 2000 ,

1081 1989 1134 2022 ille
1146 1991 1183 2024 ad
1196 2001 1323 2026 textum
1335 1993 1418 2040 Cap.
1434 2006 1465 2042 ς.
1479 2009 1509 2031 ν.
1526 2009 1540 2031 1
1550 2021 1558 2031 .
1574 1999 1627 2036 die
1637 2004 1735 2037 tertio
1744 2008 1837 2045 [com-
1854 2004 1993 2039 niifhlutio.
2024 2023 2026 2047 2

1078 2037 1177 2085 pleto]
1206 2041 1346 2077 Hebraea
1367 2043 1447 2078 nihil
1474 2045 1596 2083 habent
1617 2051 1657 2086 de
1685 2054 1835 2101 completo.

1084 2089 1232 2124 Fatemur
1250 2091 1333 2126 redte
1350 2091 1527 2142 aliquando
1541 2097 1614 2133 addi
1627 2100 1667 2134 ab
1678 2102 1836 2137 omnibus

1079 2140 1311 2186 Interpretibus
1331 2142 1369 2176 ad
1391 2154 1514 2178 textum
1532 2149 1723 2193 originalem
1742 2153 1836 2198 quas-

1078 2188 1153 2221 dam
1163 2200 1257 2222 voces
1267 2190 1478 2233 expositorias
1488 2214 1498 2230 ,
1513 2190 1565 2227 sed
1579 2196 1644 2231 alio
1657 2196 1837 2237 charaetere

1078 2238 1130 2276 (ut
1148 2234 1165 2267 Ξι
1174 2245 1263 2268 textu
1273 2236 1529 2285 distinguantur)
1542 2246 1574 2277 ὅ(
1585 2247 1663 2281 tales
1674 2261 1753 2295 quas
1765 2260 1839 2285 tex-

1077 2293 1129 2316 tus
1141 2285 1293 2332 requirit,
1312 2283 1423 2321 saltem
1435 2289 1591 2328 admittit.
1619 2296 1679 2330 Sed
1694 2300 1833 2335 luniihic

1076 2331 1333 2368 additamentum
1346 2339 1540 2375 textualibus
1551 2342 1650 2379 literis
1668 2346 1815 2383 scribitur
1825 2370 1836 2387 ,

1078 2394 1137 2416 nec
1158 2383 1238 2417 illud
1251 2393 1358 2419 textus
1380 2390 1533 2435 requirit,
1553 2393 1622 2428 imo
1633 2407 1702 2430 non
1712 2396 1836 2432 admit-

1078 2432 1138 2471 tit,
1162 2444 1236 2466 nam
1248 2435 1338 2478 quod
1357 2433 1478 2471 fafitum
1499 2439 1545 2473 est
1557 2444 1655 2478 tertio
1672 2445 1724 2480 die
1737 2459 1834 2481 com-

1079 2481 1168 2526 pleto
1177 2505 1186 2517 ‚
1200 2481 1231 2515 id
1240 2481 1338 2518 fiebat
1351 2484 1459 2522 veldie
1469 2501 1599 2535 quarto,
1612 2494 1662 2527 vel
1672 2495 1756 2528 tertii
1767 2496 1832 2530 diei

1076 2528 1206 2564 tantum
1227 2533 1323 2566 noete
1342 2547 1352 2567 ε
1380 2536 1442 2570 Sed
1458 2536 1580 2584 Estherae
1597 2543 1700 2587 prima
1711 2546 1831 2590 petitio

1075 2580 1199 2624 Affuero
1209 2581 1370 2628 proposita
1381 2584 1424 2618 est
1436 2598 1539 2633 neque
1551 2589 1601 2624 die
1611 2603 1726 2638 quarto
1737 2596 1830 2641 (quia

1074 2630 1197 2671 tertio)
1210 2641 1269 2663 nec
1280 2630 1344 2664 diei
1356 2635 1439 2667 tertii
1451 2637 1569 2679 nocta
1590 2652 1665 2675 nam
1678 2640 1761 2676 clara
1775 2642 1828 2678 die

1073 2677 1153 2711 dum
1165 2676 1286 2712 sederet
1297 2680 1368 2714 Rex
1380 2683 1414 2716 in
1428 2682 1549 2721 throno
1565 2691 1711 2732 judicans
1721 2703 1826 2738 popu-

1071 2727 1138 2760 lum
1151 2750 1159 2767 ,
1172 2741 1240 2762 non
1251 2730 1351 2763 notstu
1362 2756 1372 2771 ‚
1392 2732 1466 2768 cum
1478 2736 1738 2785 publicajudicia
1755 2738 1826 2775 ces-

1068 2774 1135 2810 sant
1146 2801 1155 2817 ‚
1173 2779 1303 2812 intravit
1314 2782 1429 2816 atrium
1440 2788 1581 2831 regium.

1112 2827 1221 2862 Aliter
1231 2827 1308 2875 ergo
1319 2829 1570 2878 respondeamus
1588 2834 1709 2871 necesse
1722 2836 1766 2872 est
1782 2838 1823 2874 ad

1066 2873 1156 2909 hunc
1176 2878 1227 2911 vel
1250 2877 1387 2912 similem
1409 2882 1564 2917 modum:
1593 2887 1822 2923 continuatum

1065 2922 1184 2958 scilicet
1196 2924 1287 2958 fuisse
1299 2927 1315 2960 a
1325 2928 1440 2973 Judaeis
1448 2933 1610 2975 jejunium
1630 2937 1708 2970 totis
1721 2938 1822 2972 tribus

1063 2971 1179 3007 diebus
1191 2978 1223 3008 &
1241 2975 1347 3010 tribus
1364 2980 1515 3015 noetibus
1534 3007 1543 3022 ‚
1564 2983 1713 3030 inprimis
1726 2987 1820 3021 tertiz'i

1063 3021 1114 3056 die
1123 3025 1155 3056 &
1167 3024 1260 3058 tertizi
1277 3027 1372 3060 noete
1384 3051 1393 3066 ‚
1411 3027 1467 3061 ubi
1476 3043 1582 3077 preces
1594 3033 1633 3067 ad
1641 3026 1748 3069 Deum
1760 3050 1816 3083 pro

1808 3088 1813 3093 .
1834 3065 1969 3099 Iudaei‚n0n

1062 3069 1188 3116 Estheni'
1208 3074 1241 3107 in
1260 3072 1329 3120 ipso
1357 3087 1456 3122 opere
1480 3081 1652 3130 designato
1675 3084 1813 3120 versanti
1832 3107 1885 3143 'ff‘
1902 3109 1947 3143 ls-

1062 3121 1200 3156 maxime
1225 3134 1315 3156 erant
1332 3121 1505 3163 fundendae
1526 3144 1534 3164 :

1570 3132 1662 3180 (11]ὸά
1682 3133 1758 3168 ves&
1774 3134 1811 3168 ad
1831 3147 1968 3179 thermuth

1059 3169 1160 3217 ipsam
1178 3168 1328 3217 Estheram
1344 3177 1478 3217 attinet,
1497 3179 1546 3217 vel
1559 3195 1592 3216 ea
1608 3182 1699 3217 suurn
1714 3185 1810 3217 etiam
1831 3196 1881 3216 eota
1895 3188 1933 3217 die

1714 3233 1811 3266 tertio
