2048 3343
30 655 73 686 ‚A
75 651 142 679 lbani

30 695 118 724 necatis
124 689 154 717 ab

30 738 137 764 Horam

25 775 103 805 tribus

21 814 142 854 stau-ihus

29 859 101 884 Curia
105 857 143 883 riis

28 899 144 936 Romanis

23 939 52 976 fi
68 937 153 965 ulum}-

30 986 94 1008 lum*-

57 2422 179 2455 Horan‘us

436 89 504 116 ET
561 79 1243 118 Cnitouoroexcr

1299 75 1417 115 L113.
1448 78 1477 116 1.
1675 86 1720 119 73

185 156 256 205 phae
265 155 352 191 velut
362 164 496 200 excepta
517 152 663 189 describit
685 153 836 199 Pompilium
855 148 937 197 pene
975 151 1132 198 populum
1154 152 1210 193 (in
1228 163 1298 196 quo
1323 151 1446 186 summa
1464 161 1541 185 tunc
1555 149 1728 196 majestas)

185 207 306 241 omnia.
315 216 385 252 quae
396 205 428 238 in
437 201 532 238 sacris
543 203 581 238 ad
591 203 769 249 Constannm
780 201 844 234 dies
854 198 936 233 usur-

184 266 301 303 parunt
312 254 471 288 Romani.

978 212 1161 246 provocans
1172 198 1360 234 absolvitur.
1727 237 1730 241 ¹

1028 247 1151 283 Interea
1163 246 1279 283 Albani
1294 246 1457 292 subjeetos
1469 246 1498 282 se
1516 245 1727 282 Romanissi-
1752 248 1834 277 Tullus

231 305 285 338 De
300 306 403 338 Numae
414 301 544 349 posteris
556 298 657 346 qudm
671 298 709 331 de
721 295 836 331 Romuli
846 296 934 344 plura
954 301 957 339 ξ
979 308 1017 330 ne
1028 298 1179 345 sanguine
1197 297 1402 344 indignantes
1415 320 1425 336 ‚
1450 308 1583 331 omnem
1597 308 1732 332 movent
1753 289 1874 335 H⁰stfl³'“

182 365 253 388 non
264 354 416 401 legimus,
426 350 479 384 sufi
490 350 678 383 auctoritate
692 347 783 393 plebs
795 347 887 393 eligit
901 346 933 378 in

1752 333 1835 358 Metu«
1840 341 1864 357 m

979 347 1117 394 lapidem
1128 360 1195 394 quo
1207 347 1644 392 cerviceseitimcrentjrgo:
1670 349 1730 380 Vc·
1753 370 1878 400 sumar!-

180 404 312 437 tertium
333 402 460 447 Regem
474 398 603 433 Tullium
619 396 796 431 Aufidium.
820 396 933 429 Revo-
976 396 1071 441 jemcs
1083 397 1164 429 clam
1173 395 1354 435 solicitant,
1366 394 1550 442 prodituros
1566 392 1732 429 seRoma-
1751 412 1865 440 banne-7

182 453 268 486 cavit
289 449 341 484 illc
359 451 510 483 virtutem
531 445 649 481 Romuli
670 446 771 493 prope
790 448 859 490 jam
881 456 938 477 cx-
982 458 1095 480 manos
1109 447 1140 479 in
1155 443 1221 491 ipso
1232 445 1327 491 praelii
1342 453 1513 478 momento
1526 442 1733 477 dantfidem:
1757 454 1864 486 [ἀτμω-

183 500 319 535 nuttam
346 501 379 532 &
396 495 583 531 suffocatam
617 495 830 542 religionibus
864 496 936 528 Nu-

183 562 233 584 mae
252 571 262 587 ‚
304 547 350 582 nil
368 546 458 582 aliud
482 546 534 581 hic
562 547 686 595 cogitat
701 543 798 594 quam
834 553 935 577 unum

185 599 341 633 Martem.

233 647 376 680 Primam
386 645 420 680 in
433 642 567 678 Albanos
577 643 823 691 expeditionem
836 638 940 674 ducit,

185 697 260 732 dum
273 696 306 729 in
319 696 492 741 procinetu
507 706 640 740 utraque
650 692 816 728 Ramnes,
837 700 937 722 unum

186 745 368 794 praestolans
380 744 528 778 tubarum
545 744 733 790 clangorem
746 766 756 779 ,
781 738 892 786 prodit
906 739 939 771 in

188 794 334 830 medium
356 793 474 828 Metius
491 792 619 838 Suffetm
646 789 850 824 Albanorum
879 788 944 820 Di-

188 846 310 883 stator,
336 842 478 889 postulat
503 854 577 875 cum
606 840 688 874 Tullo
712 838 940 888 colloquiunt,

188 889 382 942 parcendum
401 902 515 925 monet
527 891 647 924 civium
663 887 828 935 sanguini,
857 885 941 931 posse

189 954 369 991 paucorum
392 940 511 974 dextris
534 938 696 985 utriusque
717 936 823 983 gentis
835 933 941 966 fortu-

188 1006 262 1028 nam
275 991 455 1028 committi,
474 988 531 1023 ess'c
546 991 578 1021 in
590 989 818 1020 Romanorum
835 980 942 1015 casti-is

190 1042 390 1088 tergeminos
401 1036 510 1072 fratres
523 1037 680 1074 Horatios,
691 1035 723 1066 in
737 1030 942 1065 Albanorum

190 1090 331 1125 Curiatios
343 1087 477 1121 totidem
489 1109 498 1124 ‚
510 1081 704 1117 descendant
718 1080 747 1115 hi
761 1082 793 1114 in
803 1092 943 1120 arenam,

191 1147 402 1188 pugnentpro
412 1135 539 1181 patriis;
564 1130 710 1166 (juv-anili
724 1130 850 1165 cadant,
870 1130 941 1164 Ro-

190 1200 251 1222 mae
260 1186 444 1219 servituram
458 1179 582 1225 Albam,
595 1179 640 1215 fin
654 1180 771 1215 Horam
781 1178 863 1213 dent
873 1192 941 1213 ma-

187 1248 248 1270 nus
260 1258 271 1273 ,
300 1230 386 1268 Albae
398 1233 555 1265 Romam.
582 1231 729 1265 Laudant
740 1229 846 1263 cuncti
862 1241 943 1263 con-

188 1283 292 1319 filium
305 1307 315 1322 ‚
329 1281 495 1317 confident
509 1281 584 1315 hine
596 1292 693 1327 atque
705 1280 793 1313 illinc
806 1280 944 1312 inermes

186 1335 288 1373 acies,
304 1330 483 1377 procedunt
493 1329 605 1370 fratres
616 1330 654 1364 de
665 1326 819 1376 perpetufi
831 1329 942 1361 conci-

185 1385 276 1416 vium
289 1378 418 1416 fortuna
431 1379 581 1415 bellaturi
598 1392 606 1413 :
631 1378 740 1412 volant
754 1378 816 1412 tela
828 1402 838 1416 ‚
863 1388 944 1410 con-

187 1442 319 1478 crepant
343 1428 432 1465 enses
453 1453 463 1466 ,
497 1429 688 1464 Horatimum
712 1428 777 1462 duo
793 1426 945 1460 labuntur

189 1482 377 1520 exanimes,
404 1481 565 1514 Romanis
587 1479 639 1513 hic
661 1478 745 1512 cadit
766 1478 894 1510 animus
912 1477 945 1509 in

190 1532 277 1564 imos
288 1530 396 1576 pedes.
414 1529 476 1563 Sed
488 1542 561 1563 ecce
573 1527 854 1563 ludentisfortunae
866 1537 946 1560 con-

192 1577 317 1621 versam
330 1581 636 1618 rotam;Horattorum
648 1579 704 1626 qui
716 1575 745 1611 su
753 1586 873 1624 peterat
881 1586 946 1609 ter-

194 1631 260 1663 tius
274 1651 282 1662 ,
294 1630 456 1675 integrum
468 1626 644 1662 sesentiens
656 1641 720 1661 non
734 1627 875 1673 desperat
888 1629 949 1658 Cu-

196 1677 380 1712 rtatioslicet
389 1689 448 1711 tres
463 1676 622 1711 debellare
635 1675 661 1711 sc
677 1675 762 1723 posse
774 1702 781 1715 ‚
796 1674 949 1722 quando-

198 1727 331 1774 quidem
345 1729 378 1760 in
390 1726 543 1761 omnibus
554 1726 673 1759 videret
685 1726 830 1760 vulnera:
846 1723 951 1757 sedne

200 1788 276 1810 cum
289 1777 415 1809 cunctis
426 1774 518 1809 fimul
530 1775 660 1809 haberet
668 1787 736 1808 rem
749 1797 758 1813 ‚
771 1785 826 1807 eos
841 1772 951 1807 distra-

200 1824 251 1859 hit
266 1824 331 1858 hoc
343 1824 432 1867 astu3
458 1823 581 1858 fimulat
594 1824 658 1871 ipse
678 1822 788 1870 fugam
807 1850 816 1862 ‚
849 1820 953 1870 perse-

200 1872 424 1920 quunturisti‚
447 1870 500 1907 sed
520 1874 599 1907 alius
613 1874 676 1907 alio
689 1871 854 1912 velocium
879 1870 953 1906 crim

200 1923 286 1956 inter
303 1933 413 1956 ternos
432 1922 590 1957 intervalli
603 1935 761 1969 qnantum
781 1933 905 1968 optaret
924 1935 958 1955 a-

201 1970 467 2010 nimadvertifl‘et,
479 1975 640 2006 convertit
652 1970 760 2006 subito
774 1971 900 2017 pedem,
916 1972 959 2004 ir-

204 2021 269 2055 ruit
282 2021 314 2054 in
337 2023 524 2068 proximum
541 2022 694 2055 anhelum
712 2019 804 2055 cursu
821 2017 912 2055 timul
928 2024 959 2054 δε

203 2071 352 2109 vulnere,
369 2069 457 2104 disto
471 2070 565 2105 citius
577 2070 753 2104 obtruncat
768 2096 776 2109 ‚
803 2071 837 2104 in
848 2068 960 2104 secun-

204 2119 284 2153 dum
303 2130 380 2153 mox
397 2121 522 2154 involat
542 2125 573 2154 &
590 2117 684 2153 facile
703 2120 756 2153 dat
775 2121 874 2154 morti
894 2134 902 2152 .-
928 2120 960 2152 in

205 2169 304 2202 tertio
328 2168 491 2215 geminat&
516 2167 654 2203 fratrum
687 2169 770 2203 caede
806 2169 963 2202 haetenus

211 2219 373 2257 exanimi,
399 2220 574 2252 minimum
592 2229 658 2252 erat
675 2218 814 2265 negotii.
848 2214 912 2250 Hic
926 2218 964 2250 ad

209 2265 317 2311 sydera
329 2267 472 2302 Romani
484 2270 639 2302 clamores
650 2269 806 2301 attollunt
817 2290 826 2306 ‚
844 2267 965 2300 obmu-

209 2312 335 2396 tesRunt
348 2317 492 2365 elingues
513 2317 653 2356 Albani,
670 2320 754 2363 jugo
772 2315 968 2350 submittunt

215 2364 255 2396 tri
287 2376 319 2396 es
332 2366 430 2399 colla.

228 2421 231 2423 ·
264 2411 324 2445 Sed
335 2411 451 2446 habete
463 2411 673 2449 miserandam
687 2413 871 2461 Tragoediae
882 2423 963 2447 cata*

58 2466 190 2494 damnatus
217 2459 381 2507 strophen.
408 2461 507 2495 Redit
521 2463 664 2496 Romam
682 2463 969 2497 Horatiminterle-

52 2505 191 2543 promidi}
216 2511 355 2558 gionum
366 2509 597 2557 antesignanos
609 2523 709 2543 ovans
723 2524 730 2549 ;
752 2513 898 2545 occurrit
913 2524 970 2544 ex-

60 2547 192 2583 abfivlritur

61 2587 175 2627 &populo-

217 2570 267 2593 tra
293 2568 400 2606 portas
426 2558 664 2606 gratulabunda
683 2559 770 2593 soror
785 2582 793 2594 ‚
817 2560 973 2592 vistorem

219 2608 447 2654 complectitur
458 2630 467 2644 ‚
476 2618 507 2643 at
519 2609 603 2642 inter
614 2606 715 2654 spolia
726 2621 744 2641 n
751 2619 844 2641 orans
854 2607 973 2640 vestem

223 2661 349 2705 (quam
367 2655 419 2690 sua
440 2658 584 2704 pinxerat
603 2670 677 2691 acus
705 2657 900 2691 (arianorum
918 2657 976 2689 uni

220 2710 273 2741 cui
286 2707 318 2739 in
329 2709 506 2752 conjugem
525 2706 710 2753 desponsata
721 2704 803 2748 suit)
825 2706 975 2753 derepen-

219 2766 251 2790 te
262 2753 460 2789 clamoribus
475 2759 505 2789 &
518 2754 606 2789 luctu
617 2756 730 2790 cuneta
742 2757 902 2802 complet,
919 2768 974 2788 ex-

218 2802 382 2839 candescit
395 2804 535 2839 Horatius
546 2804 582 2838 ad
599 2803 861 2849 intempestivum
876 2802 975 2850 qutim

224 2851 364 2888 maxime*-
383 2853 501 2888 sororis
518 2853 684 2899 planctum
698 2877 708 2892 ‚
727 2865 786 2886 nec
800 2863 873 2886 ante
885 2850 977 2886 celsat

225 2900 266 2934 ab
286 2901 331 2936 ira
345 2901 483 2949 qudmin
499 2901 619 2937 miserae
639 2903 748 2949 pectus
766 2899 886 2935 ferrum
900 2913 977 2934 con-

226 2949 356 2985 didisset.
384 2950 552 2987 Manifesti
572 2964 642 2987 rcus
661 2950 780 2986 {celeris
792 2950 927 2984 trahitur
939 2950 975 2983 ad

228 2997 366 3034 tribunal
381 3024 390 3039 ,
417 3001 583 3048 postulant
603 3005 675 3046 jura
701 3001 806 3035 necari
828 2999 978 3034 sororici-

229 3046 323 3085 ἅλως
351 3053 596 3098 negatpopulus
614 3051 774 3085 liberatori
792 3051 896 3095 patriae
909 3062 980 3083 mo—

231 3095 377 3129 riendum
389 3120 398 3136 ‚
410 3100 538 3134 tandem
551 3100 768 3135 damnationis
782 3099 974 3133 sententiam

233 3142 343 3180 ferunt
353 3157 457 3183 rerum
468 3150 649 3196 capitalium
662 3149 845 3187 duumviri:
870 3147 924 3184 sed
936 3147 975 3183 ad

983 494 1042 528 hac
1061 493 1113 540 spe
1130 497 1271 540 chentes
1284 493 1320 527 ad
1334 493 1446 528 urbem
1458 490 1619 526 hostiliter
1630 490 1733 537 capes-
1755 491 1892 531 busjislju-

985 544 1056 578 sunt
1066 545 1140 584 iter,
1151 554 1325 578 occurrunt
1334 542 1498 581 Romani,
1510 538 1623 575 adsunt
1635 541 1734 574 advo·
1752 541 1806 571 «Ψ-

987 594 1047 627 cati
1064 594 1096 627 in
1109 605 1205 639 opem
1223 595 1318 627 etiam
1333 589 1449 627 Albam
1465 605 1475 624 :
1500 589 1587 636 signa
1603 601 1739 630 canunt,

987 641 1070 688 aegre
1083 640 1220 686 Vejentes
1236 640 1388 676 sustinent
1408 641 1600 674 Romanum
1618 640 1739 676 robur,

988 691 1039 724 sed
1050 703 1121 724 ecce
1141 692 1197 736 qui
1210 691 1334 738 Regiin
1345 701 1454 724 aurem
1472 688 1615 722 muffiret
1633 687 1742 722 adho-

989 739 1064 774 stcm
1081 738 1219 774 Albanos
1228 738 1440 787 transfugere.
1465 739 1602 772 Nuncio
1621 749 1742 785 perter-

989 790 1067 823 ritus
1080 790 1147 823 Rex
1159 814 1170 829 ‚
1189 788 1362 823 diffimulat
1373 799 1482 822 tamen
1501 798 1623 822 metum
1637 811 1646 826 ,
1661 789 1743 821 alta-

988 851 1050 885 que
1062 850 1141 872 voce
1152 838 1214 872 suis
1233 840 1408 877 inclamat,
1429 847 1464 870 ut
1482 839 1578 871 etiam
1593 836 1741 871 audirent

989 886 1095 920 hostes
1110 908 1117 921 ,
1127 888 1171 919 nil
1183 886 1238 920 nisi
1251 888 1447 931 imperatum
1462 884 1611 920 efllbanos
1623 884 1740 925 facere,

990 933 1149 968 mandfiss‘e
1170 933 1198 968 se
1215 936 1488 968 circumvenirent
1506 939 1538 968 δε
1555 934 1744 969 invaderent

989 982 1131 1017 hostium
1143 994 1233 1031 terga
1246 996 1253 1017 :
1268 982 1403 1017 credunt
1414 984 1565 1026 Vejentes‚
1577 983 1746 1030 statimque

989 1032 1161 1067 sentientes
1177 1032 1195 1065 ai
1207 1031 1317 1066 fronte
1330 1031 1468 1064 victores
1480 1032 1650 1065 Romanos
1661 1057 1670 1071 ‚
1684 1037 1711 1065 ὃ(
1729 1032 1746 1066 εὶ

989 1093 1080 1129 tergo
1103 1081 1272 1116 instituros
1290 1079 1439 1116 eAlbanos
1449 1103 1457 1115 ‚
1483 1081 1668 1126 corripiunt
1695 1079 1748 1114 fu-

990 1144 1063 1179 gam
1076 1154 1084 1166 ,
1099 1129 1281 1165 funduntur
1293 1132 1429 1177 penitus.
1463 1130 1618 1164 Redeunt
1630 1127 1749 1163 Albani

992 1183 1023 1214 in
1037 1180 1135 1214 castra
1145 1180 1310 1218 Romana,
1319 1178 1515 1213 dissimulant
1527 1176 1751 1225 transfugien-

993 1229 1024 1264 di
1046 1229 1237 1268 confilium,
1263 1242 1323 1263 nec
1343 1228 1416 1263 ante
1433 1227 1582 1263 accusant
1601 1228 1748 1262 Romani

992 1277 1088 1326 quirin
1109 1282 1246 1313 inermes
1258 1277 1384 1313 ferratis
1402 1278 1587 1327 legionibus
1608 1280 1752 1312 circurn-

992 1326 1158 1376 sepsiffent.
1201 1329 1292 1362 Tum
1322 1328 1458 1362 mandat
1484 1326 1625 1368 Hoshlim
1657 1339 1752 1361 com-

994 1377 1149 1424 prehendi
1175 1379 1380 1412 Di6tatorem
1403 1378 1541 1413 Asetium
1553 1401 1563 1417 ,
1588 1380 1620 1409 ὃ(
1638 1377 1749 1423 illiga-

994 1439 1063 1461 tum
1084 1429 1253 1461 contrariis
1271 1428 1419 1461 curribus
1434 1429 1467 1462 in
1478 1424 1602 1461 diversa
1613 1426 1729 1472 raptari
1742 1447 1753 1461 ,

995 1478 1157 1525 populum
1169 1476 1339 1511 Albanum
1352 1478 1569 1524 commigrare
1578 1475 1670 1519 jubet
1680 1475 1754 1508 Ro-

997 1539 1084 1560 mam
1099 1551 1106 1563 ,
1119 1530 1151 1560 &
1164 1524 1289 1565 Albam,
1302 1536 1415 1571 praeter
1426 1539 1489 1560 una
1503 1527 1653 1560 Deorum
1666 1535 1754 1558 tem-

997 1578 1061 1624 pla,
1073 1578 1106 1610 in
1118 1576 1240 1610 cineres
1253 1573 1429 1609 &fumum
1442 1575 1553 1623 redigi.

1046 1625 1120 1659 Post
1132 1624 1249 1658 Tullum
1261 1637 1394 1669 regnare
1401 1623 1496 1669 jubet
1508 1621 1649 1671 populus
1661 1623 1753 1657 efln-
1774 1626 1915 1656 Corfnehius

997 1688 1060 1708 cum
1070 1673 1219 1709 Marcium
1231 1687 1269 1708 ex
1284 1672 1349 1707 filia
1360 1677 1464 1708 Numae
1476 1683 1646 1719 nepotem.
1676 1673 1751 1706 Cir·
1777 1672 1885 1715 Lucum?

999 1737 1074 1758 cum
1114 1723 1181 1758 haec
1214 1735 1366 1770 tempora
1400 1722 1566 1757 Corintho
1601 1722 1752 1768 migravit
1769 1710 1804 1777 ζ’
1814 1712 1904 1756 ΜΨ*

999 1774 1201 1819 Tarquinios
1219 1774 1381 1807 Hetruriae
1398 1771 1557 1819 oppidum
1578 1772 1752 1804 Demaratm
1774 1761 1905 1829 ηἶὲωέο.

1001 1825 1170 1871 patriarum
1195 1821 1340 1868 pertaesus
1363 1820 1582 1856 seditionum:
1608 1818 1704 1864 hujus
1715 1816 1755 1851 fi-
1775 1811 1874 1870 maep'ost

1003 1875 1062 1906 lius
1082 1875 1215 1919 Lucumq
1232 1869 1350 1905 florens
1377 1870 1495 1917 opibus
1515 1867 1695 1903 adolescens
1721 1869 1755 1902 in
1778 1876 1896 1904 ,Ancum

1005 1925 1178 1968 conjugem
1205 1919 1339 1967 sumpsit
1358 1917 1554 1967 Tanaquillam
1576 1916 1758 1952 nobilitatis
1779 1915 1906 1943 Marcium

1010 1971 1177 2007 maximae,
1195 1982 1255 2004 nec
1282 1971 1383 2004 animi
1409 1969 1544 2002 minoris
1564 1965 1759 2001 foeminam:
1781 1957 1846 1993 Rex.

1007 2019 1190 2066 conspicata
1206 2018 1274 2053 haec
1294 2031 1362 2052 non
1387 2018 1458 2052 satis
1478 2016 1508 2052 se
1527 2029 1585 2063 pro
1607 2016 1765 2062 dignitate

1007 2069 1118 2104 haberi
1136 2070 1169 2103 in
1192 2067 1290 2115 patri&
1306 2092 1317 2108 ,
1344 2069 1461 2101 marito
1483 2065 1646 2113 persuadet
1666 2063 1768 2099 trans-

1009 2121 1152 2153 eundum
1167 2118 1315 2152 Romam
1329 2140 1338 2152 ‚
1357 2117 1391 2150 in
1404 2115 1466 2164 qu&
1479 2117 1634 2149 virtuti&
1646 2114 1766 2161 opibus

1009 2167 1125 2202 summi
1140 2178 1284 2214 paterent
1296 2165 1450 2200 honores.
1469 2163 1690 2198 Subeuntibus
1703 2162 1767 2198 und

1012 2219 1044 2251 in
1056 2227 1213 2263 carpento
1222 2217 1388 2249 Romanas
1400 2225 1508 2261 portas
1521 2213 1725 2261 supervolans
1734 2225 1769 2246 a-

1012 2265 1269 2314 quila‚Lucumoni
1280 2265 1319 2299 de
1333 2266 1436 2310 capite
1448 2263 1568 2310 pileum
1578 2261 1768 2309 abripit,ab-

1013 2327 1141 2362 reptum
1155 2314 1310 2362 paulisper
1322 2314 1425 2348 rostro
1445 2312 1549 2347 ferens
1559 2314 1688 2359 reponit
1701 2313 1766 2358 pla-

1014 2363 1180 2399 cidissime.
1211 2362 1388 2410 Extemplo
1410 2363 1580 2409 complexa
1593 2359 1767 2407 Tanaquilla

1015 2415 1132 2451 virum,
1145 2426 1181 2448 ex
1197 2413 1350 2446 Hetrusca
1368 2422 1579 2458 auguriorum
1593 2411 1699 2456 peritia
1710 2408 1779 2454 de·-

1018 2465 1163 2502 nunciat,
1174 2463 1363 2496 Romanurn
1372 2460 1531 2494 Lucumoni
1544 2470 1682 2505 regnum
1694 2469 1770 2502 por-

1018 2512 1115 2545 tendi.
1142 2512 1213 2544 Hac
1224 2510 1273 2555 spe
1287 2511 1443 2544 conducit
1455 2508 1550 2542 aedcs‚
1562 2507 1684 2538 Lucium
1695 2511 1767 2538 Tar-

1019 2561 1145 2603 quimum
1158 2556 1190 2591 sc
1203 2557 1293 2590 dicit.
1308 2557 1352 2590 Ea
1364 2559 1395 2590 in
1410 2557 1564 2601 populum
1576 2554 1768 2588 liberalitate

1020 2607 1094 2646 fuit,
1106 2619 1140 2640 ea
1151 2619 1225 2652 erga
1235 2606 1359 2652 Regem
1374 2604 1502 2638 adhibet
1515 2601 1619 2636 officia
1630 2627 1638 2641 ‚
1654 2615 1688 2638 ut
1699 2617 1769 2637 non

1019 2657 1117 2690 alium
1131 2654 1344 2688 moribundus
1358 2652 1578 2688 Ancusliberis
1589 2651 1690 2687 adhuc
1703 2654 1769 2687 im-

1020 2703 1194 2751 puberibus
1205 2703 1415 2737 Testamento
1433 2713 1572 2736 tutorem
1594 2702 1771 2750 reliquerit.

1020 2755 1098 2788 Non
1111 2765 1220 2787 tamen
1233 2752 1295 2786 hoc
1308 2753 1407 2801 gradu
1419 2751 1495 2785 stare
1506 2751 1578 2784 vult
1590 2752 1773 2799 Tarquinius,

1023 2804 1125 2849 pergit
1139 2804 1172 2835 in
1191 2803 1374 2836 Comitium
1388 2826 1396 2838 ,
1409 2802 1583 2835 liberorum
1599 2801 1698 2835 eAnct
1713 2813 1773 2847 pro

1022 2863 1111 2886 aetatc
1132 2850 1172 2885 ad
1188 2863 1323 2898 regnum
1343 2849 1595 2898 ineptitudinem
1616 2851 1708 2896 ponit
1728 2849 1775 2883 ob

1022 2902 1136 2934 oculos
1147 2923 1156 2938 ‚
1180 2901 1247 2933 suas
1260 2903 1409 2940 virtutes,
1422 2905 1451 2934 δέ
1461 2911 1537 2946 opes
1548 2900 1699 2944 explicat,
1714 2911 1774 2933 nec

1023 2949 1094 2984 ante
1107 2947 1217 2983 definit
1228 2961 1386 2996 perorare,
1398 2947 1493 2996 quam
1507 2949 1655 2982 omnium
1667 2949 1775 2983 calcu·

1023 3000 1055 3034 lo
1069 3000 1201 3046 quintus
1212 2999 1368 3033 diceretur
1379 3000 1490 3033 Romae
1504 2998 1588 3031 Rex.

1074 3051 1110 3082 ln
1134 3047 1224 3082 bello
1249 3047 1352 3082 sabmo
1379 3058 1501 3081 veteres
1522 3059 1637 3093 augere
1671 3047 1771 3093 cupiit
1795 3051 1896 3090 ,Augur

1026 3099 1169 3144 equitum
1181 3100 1348 3134 centurias,
1361 3109 1457 3144 negat
1467 3099 1575 3147 Augur
1584 3096 1614 3130 id
1625 3095 1768 3130 futurum
1793 3100 1926 3141 ‘⁴⁰'ff'2110ss

1025 3145 1208 3195 auspicato:
1234 3157 1424 3183 commotus
1434 3147 1502 3182 Rex
1515 3145 1606 3182 unice
1616 3145 1767 3227 ὰςῖιάςῑζα-
1786 3133 1928 3207 fissili&

1406 3196 1438 3232 K
1742 3205 1773 3228 at
1855 3193 1861 3199 '
