2048 3343
258 130 304 169 80
631 116 926 172 OPER1s

259 199 359 235 nodas
378 194 533 231 flammam
554 190 641 225 istam
663 187 792 224 extinxit
810 195 930 220 canone
943 193 1019 216 con-

259 248 377 284 strucsto
400 246 469 293 (qui
483 254 585 277 tamen
601 240 697 274 hodie
712 250 778 272 non
796 235 898 279 extat)
919 243 952 266 ut
964 234 1020 265 Pa-

258 296 326 332 scha
341 296 544 330 celebraretur
563 292 611 324 dic
625 288 744 323 tantum
759 285 938 320 Dominico
956 292 1021 328 quo

259 347 420 382 Dominus
430 341 604 379 resurrexit,
612 340 666 386 qui
678 338 723 373 vel
732 337 762 369 in
775 335 1020 379 decimumquar-

259 393 500 431 turrrincideret‚
515 391 562 426 vel
576 402 646 423 eum
660 384 801 434 proxime
813 383 1000 430 sequeretur.

320 444 453 490 Aliquot
467 441 557 485 hujus
571 436 726 473 discordiae
739 432 872 468 scintillae
888 432 939 466 diu
952 427 1022 476 post

261 493 445 528 Concilium
458 492 624 525 Nicoenum
637 485 832 521 fovebantur,
841 480 979 528 inprimis
992 477 1023 509 in

261 542 392 577 ecclesiis
407 536 677 588 longinquioribus
686 539 716 569 δι
724 532 892 568 Britannia,
901 528 955 561 ubi
967 537 1023 559 no-

263 590 465 636 stri'majores
478 588 562 623 Scoti
572 586 713 632 pictique
722 578 929 616 Orientalium
942 574 1025 609 deci-

263 651 495 687 mumquartum
512 636 668 671 mordicus
682 629 799 676 sequuti
815 626 880 661 sunt
893 650 904 666 ‚
930 623 1026 671 Angli

264 703 365 725 autem
382 700 518 723 recentes
532 697 603 720 tunc
616 684 647 716 in
661 679 787 714 Insulam
802 677 942 714 advenae,
961 685 1027 708 non

265 739 367 775 minus
388 737 526 772 animosi:
550 729 787 766 occidentalium
812 725 1031 760 Dominicam.

269 790 385 825 videtur
393 790 545 819 ‘Pemwm
559 784 590 815 in
603 775 914 814 animadversionibus
925 771 982 806 suis
993 772 1030 806 ad

267 837 427 887 Epi-'plmiz‘
439 832 563 868 hoerefin
578 841 622 877 51.
640 842 674 863 ex
684 825 834 875 Jesuitieo
848 822 901 858 suo
914 824 946 856 in
959 822 1030 855 Ro-

268 898 369 922 manas
383 895 481 931 partes
497 906 506 918 ‚
533 892 606 928 quas
623 878 718 924 Angli
730 887 796 910 tum
809 873 1027 920 sequebantur,

269 935 373 971 favore
388 936 418 967 in
432 929 639 966 controversia
651 927 708 961 hac
723 923 889 962 narranda,
916 925 1030 956 Scoto-

272 998 341 1020 rum
356 983 534 1018 senteutiam
553 984 583 1014 ὃ(
598 986 775 1024 argumenta
788 986 853 1007 non
868 971 932 1006 satis
945 972 1030 1018 inge—

273 1034 335 1069 nue
349 1043 539 1080 proponere.
582 1027 678 1063 Certe
694 1024 862 1060 dolendum
875 1020 932 1056 fuit
947 1018 1033 1068 quod

275 1083 390 1120 tamdiu
404 1084 471 1116 lites
490 1080 527 1114 ‹le
542 1076 732 1112 caeremoniis
746 1071 896 1108 Ecclesias
909 1081 1034 1106 vexave-

277 1135 349 1172 rint,
358 1144 425 1179 quae
439 1129 581 1164 facillime
594 1126 722 1174 aprimo
736 1134 806 1158 ortu
819 1120 964 1169 supprimi
977 1131 1035 1166 po-

277 1182 411 1219 tuissent,
421 1180 549 1227 ipsarum
562 1174 814 1211 caeremoniarum
823 1171 957 1206 omnino
971 1180 1036 1202 non

278 1229 507 1266 neceffariarum
519 1226 625 1265 totali,
652 1236 683 1258 ut
697 1223 810 1262 hodie,
831 1220 909 1268 apud
922 1219 1038 1253 multos

279 1280 489 1316 Orthodoxos
502 1276 664 1311 omissione
676 1283 767 1318 atque
781 1271 935 1318 negler.

328 1332 496 1374 Utcunque
510 1324 688 1361 Orientales
701 1321 860 1359 moderni,
874 1319 889 1352 a
902 1318 1039 1365 quinque

281 1390 332 1415 aut
345 1377 390 1412 sex
403 1380 462 1422 jam
477 1374 579 1410 seculis
590 1371 834 1408 caeremonialem
842 1369 957 1402 hancce
965 1378 1038 1400 con-

281 1427 457 1464 troversiam
472 1450 481 1465 ,
506 1426 670 1459 immutato
684 1422 872 1468 aliquantum
889 1418 950 1452 litis
964 1415 1040 1450 statu

283 1478 321 1512 ab
335 1474 437 1510 inferis
451 1474 633 1509 revocarunt
642 1496 651 1511 ‚
678 1475 709 1506 ὃ(
722 1471 812 1504 nimis
825 1468 919 1517 quam
931 1464 1041 1501 acerbe

282 1536 391 1562 contra
403 1524 621 1559 Occidentales
635 1520 831 1568 exagitfirunt.
849 1524 900 1552 An
913 1517 949 1551 acl
959 1516 1040 1550 hunc

284 1577 366 1611 diem
379 1575 414 1608 lis
427 1575 514 1608 duret
529 1571 630 1607 nescio
646 1585 653 1605 ε
678 1570 769 1604 video
781 1568 907 1616 quidem
919 1567 951 1601 in
961 1565 1040 1614 Jere-

284 1629 346 1660 miae
363 1624 540 1659 Patriarchae
559 1618 900 1666 Constantinopolitani
919 1613 1042 1652 censura

284 1672 496 1722 Con-feffionis
514 1670 699 1720 Augustanae
718 1681 831 1716 cap.13.
859 1666 925 1701 satis
940 1665 1044 1714 aperte

285 1725 376 1770 hujus
395 1724 455 1758 litis
469 1734 575 1758 contra
592 1719 811 1757 occidentales
832 1718 922 1753 vitam
941 1716 1045 1755 innui,

287 1788 368 1822 quos
387 1775 418 1807 in
437 1772 493 1807 suis
508 1773 552 1807 ibi
572 1772 654 1806 notis
670 1770 837 1803 Socolovius
858 1765 924 1801 fuse
937 1775 1046 1800 contra

250 1862 252 1864 ,
287 1824 465 1859 Orientales
483 1833 606 1857 tuetur:
630 1818 681 1854 sed
700 1819 732 1853 in
746 1817 855 1865 Cyrilli
868 1814 1046 1850 Patriarchae

288 1873 405 1921 nupera
423 1871 612 1907 confeffione
625 1869 741 1903 nullum
753 1867 883 1902 habetur
894 1865 951 1898 hae
965 1865 1001 1899 de
1014 1876 1047 1898 re

288 1923 428 1958 verbum„
442 1920 642 1958 offilogo'mv&
656 1919 738 1952 enim
751 1916 806 1950 iste
818 1914 990 1952 Patriarcha
1002 1926 1047 1948 re-

288 1970 429 2006 formatis
436 1968 674 2004 protestantium
682 1965 822 2000 Ecclesiis
830 1975 936 2000 contra
944 1963 1048 1998 Ponti-

289 2020 380 2055 ficios
389 2021 553 2053 Romanos
567 2016 830 2062 conjunetiffimus
846 2027 957 2050 omnes
972 2025 1048 2048 con-

290 2069 449 2105 troversias
462 2081 525 2101 non
539 2066 657 2101 tantum
670 2067 701 2100 in
713 2066 822 2100 ritibus
842 2069 872 2100 &
886 2064 977 2100 rebus
989 2063 1048 2097 mi-

291 2121 377 2153 noris
391 2118 560 2155 momenti,
586 2115 635 2150 sed
647 2115 785 2163 inprimis
798 2116 829 2148 in
843 2116 988 2161 dogmate
1000 2125 1049 2147 re-

291 2168 412 2214 busque
424 2165 612 2213 gravioribus
624 2164 891 2199 interOrientales
905 2168 934 2197 &
949 2163 1049 2197 Occi-

291 2217 425 2251 dentales
435 2213 643 2249 Protestantes
657 2213 764 2259 insigni
778 2212 828 2247 sua
836 2218 866 2246 δι.
880 2211 964 2245 felici
974 2224 1051 2257 ope-

289 2265 322 2299 rti
335 2264 432 2312 sopire
440 2275 530 2310 atque
542 2263 718 2307 extinguere
726 2260 847 2293 summo
855 2269 966 2291 conatu
979 2270 1049 2290 mo·-

289 2314 359 2348 litus
372 2313 439 2354 cst;
465 2311 517 2346 ersi
536 2311 598 2344 hoc
617 2309 723 2343 labore
737 2306 856 2341 nefariis
866 2306 1049 2353 Jesuitarum

289 2364 403 2397 artibus
422 2360 576 2395 crudelem
600 2370 710 2392 necem
736 2355 785 2391 sed
803 2354 1048 2403 gloriosissimum

289 2413 469 2459 martyrium
485 2409 540 2443 fibi
553 2407 715 2456 pepererit.

337 2457 563 2496 Controverfiae
571 2470 631 2505 prae
643 2455 784 2490 manibus
792 2467 883 2502 quam
896 2452 1049 2487 recentio-

290 2525 338 2546 res
351 2511 456 2545 Graeci
470 2518 577 2543 contra
592 2508 721 2540 Latinos
735 2504 909 2553 agitabant,
932 2503 1049 2549 primus

290 2561 382 2595 status
395 2558 451 2593 fuit
464 2559 501 2593 de
515 2557 654 2605 qualitate
671 2555 755 2602 panis
767 2552 980 2592 Eucharistici,
994 2552 1048 2586 de-

291 2611 400 2645 beatne
414 2608 471 2643 effe
484 2619 605 2654 azymus
617 2618 654 2639 an
663 2604 875 2638 fermentatus:
888 2602 980 2636 Initio
989 2604 1047 2635 La-

292 2661 349 2693 tini
361 2671 422 2693 tam
438 2657 531 2706 quam
541 2656 645 2689 Graeci
657 2666 767 2701 panem
780 2650 1000 2686 fermentatum
1014 2663 1050 2684 u-

293 2708 468 2755 surpabant,
493 2706 566 2740 dum
580 2704 736 2737 Ebionitae
752 2705 782 2736 δι
796 2701 1048 2747 aliiJudaizantes

292 2757 426 2792 haeretici
440 2769 497 2803 pro
510 2752 654 2789 Mosaicis
668 2751 776 2785 ritibus
790 2750 920 2783 nimium
933 2761 1048 2796 pugna-

294 2818 362 2840 rent
378 2821 386 2848 ;
411 2805 461 2840 sed
479 2805 541 2839 istis
555 2802 703 2837 haereticis
718 2800 848 2834 mortuis
865 2803 895 2833 &
907 2797 1025 2845 sepultis
1038 2821 1048 2837 ,

295 2857 432 2902 plerique
445 2855 466 2888 si
479 2867 542 2888 non
555 2864 665 2886 omncs
679 2850 794 2897 ubique
807 2850 838 2882 in
852 2847 985 2883 Ecclesia
998 2860 1049 2882 ce-

295 2906 451 2939 lebrabant
464 2916 585 2938 coenam
599 2903 630 2935 in
642 2900 764 2946 azymis.
777 2900 831 2932 De
843 2897 899 2931 hac
912 2910 944 2931 re
958 2908 991 2930 ut
1004 2897 1049 2930 in-

296 2953 448 2988 differenti
466 2954 502 2987 ad
515 2964 626 2986 annum
646 2948 730 2996 supra
750 2946 941 2981 millesimum
960 2945 1046 2978 {ilen-

296 3004 373 3037 tium
388 3001 461 3042 fuit,
477 3002 526 3036 sed
538 3014 612 3035 mox
626 2997 758 3033 Ecclesia
771 2998 914 3031 Romana
926 3007 990 3029 non
1004 2992 1047 3027 sa-

296 3051 335 3084 tis
347 3051 461 3085 habens
475 3063 507 3086 ut
520 3049 579 3097 ipsa
591 3051 621 3083 in
634 3062 683 3094 azy
690 3048 746 3082 mis
760 3045 943 3084 celebraret,
956 3044 1052 3078 nimis‘

298 3100 466 3146 imperiose
484 3100 547 3133 aliis
565 3099 712 3132 omnibus
725 3096 883 3143 imperavit
896 3104 929 3128 ut
941 3094 971 3127 in
984 3092 1047 3127 hoc

297 3149 357 3183 ritu
369 3146 396 3181 se
409 3147 615 3195 sequerentur:
628 3147 700 3180 hinc
712 3144 846 3180 Ecclesia
858 3145 1048 3191 Graeca‚quae

302 3198 333 3231 in
351 3198 453 3233 multis
467 3197 530 3231 aliis
547 3197 562 3231 a
581 3194 824 3231 Romanenfium
843 3193 980 3242 superbia
992 3193 1048 3228 du-

988 105 1436 145 HxsT0R101

1053 177 1127 212 dum
1146 174 1313 210 abhorrere
1331 179 1467 218 coeperat
1479 193 1490 210 ,
1516 180 1581 203 non
1599 170 1720 203 minore
1739 180 1810 203 cum

1054 227 1187 274 imperio
1212 223 1359 258 omnibus
1383 219 1440 254 suis
1465 220 1575 266 panem
1593 216 1811 252 fermentatum

1053 276 1223 314 mandavit,
1237 277 1268 308 &
1281 283 1314 306 ut
1327 271 1404 305 hanc
1415 268 1512 303 thesin
1524 267 1618 301 firmo
1631 279 1812 314 argumento

1054 326 1218 364 stabiliret,
1244 324 1357 357 docere
1371 320 1462 355 etiam
1476 317 1590 364 coepit,
1609 314 1767 350 Christum
1781 318 1813 350 in

1055 387 1132 423 pane
1145 373 1330 407 fermentato
1342 368 1422 404 suam
1435 379 1557 402 coenam
1570 364 1742 400 celebrasse.
1765 366 1814 400 U-

1055 425 1156 469 trique
1171 433 1232 456 tam
1245 420 1453 466 Graeciquam
1465 417 1568 451 Latini
1582 416 1613 449 in
1625 415 1687 449 hoc
1700 426 1815 449 conve-

1057 472 1183 506 niebant
1194 470 1347 517 principio
1355 493 1365 509 ‚
1378 473 1408 503 &
1417 465 1567 512 ejusmodi
1575 478 1651 512 pane
1660 463 1816 498 celebran-

1059 522 1128 555 dam
1144 532 1285 558 coenam,
1298 530 1364 566 quo
1377 515 1438 564 ipse
1451 515 1611 550 Dominus
1620 515 1653 548 in
1660 514 1759 561 prima
1768 511 1817 546 sucfft

1059 571 1150 605 coena
1162 568 1207 603 est
1219 567 1302 602 usus:
1328 567 1445 601 utinam
1464 565 1601 612 regulam
1613 563 1692 597 hanc
1705 564 1736 597 in
1750 575 1817 596 ma-

1059 618 1142 654 xime
1154 616 1322 653 necessariis
1336 620 1368 651 δε
1380 627 1475 649 coenae
1489 613 1625 661 partibus
1643 610 1760 646 summe
1773 610 1818 644 es-

1060 669 1251 708 feudalibus,
1266 665 1353 701 caute
1366 661 1657 703 observaffent;hoc
1669 662 1764 709 paeto
1775 659 1819 694 sa-

1061 719 1211 753 cramenti
1229 729 1326 752 coenae
1342 725 1440 763 partes
1455 714 1640 760 integrantes
1651 711 1818 758 primarias,

1062 768 1207 801 nimirum
1221 767 1362 805 calicem,
1383 768 1413 800 &
1422 762 1511 810 ipsius
1519 761 1603 809 panis
1611 758 1819 798 substantiam,

1062 829 1222 864 nunquam
1235 814 1295 849 ausl
1314 813 1435 848 fuissent
1454 809 1666 846 Romanenses
1679 823 1716 844 ex
1730 809 1821 844 coena‘l

1063 868 1183 911 ejicere.
1191 868 1360 911 Utcunque
1369 864 1400 896 in
1407 860 1638 896 circumstantiis
1646 856 1751 906 primae
1757 872 1822 893 coe-

1064 929 1110 950 nae
1125 914 1209 950 mere
1219 911 1455 948 accidentalibus
1463 910 1543 944 nulla
1550 910 1721 944 neceffitate
1730 909 1821 956 cogi-

1065 978 1133 999 mur
1145 963 1306 1000 Christum
1320 962 1447 996 imitari:
1466 961 1569 1007 itaque
1581 959 1652 992 licet
1664 958 1695 991 in
1709 958 1822 1004 azymis

1067 1014 1210 1050 Christus
1228 1011 1406 1048 celebraffet
1427 1012 1477 1056 (ut
1494 1008 1622 1056 quidem
1640 1007 1819 1052 celebravit)

1068 1066 1147 1099 nulla
1158 1064 1233 1098 hinc
1245 1061 1399 1097 necessitas
1412 1059 1560 1094 omnibus
1574 1056 1824 1091 Christianisim-

1068 1116 1194 1162 ponitur
1206 1124 1401 1158 azymorum:
1428 1113 1458 1145 δι
1472 1110 1543 1143 licet
1550 1107 1634 1155 panis
1642 1107 1746 1154 primae
1758 1117 1825 1139 coe-

1068 1177 1114 1199 nae
1128 1161 1228 1197 fuisset
1241 1160 1438 1196 fermentatus
1447 1183 1455 1195 ‚
1480 1159 1579 1205 praxis
1591 1167 1694 1192 tamen
1705 1157 1753 1190 illa
1761 1154 1824 1202 pri-

1070 1227 1119 1248 ma
1138 1212 1257 1247 nullum
1270 1211 1403 1259 cogebat
1427 1211 1457 1243 in
1481 1207 1641 1257 posterum
1660 1204 1826 1250 fermenta-

1069 1275 1107 1298 tis
1120 1274 1175 1298 uti.
1485 1279 1488 1281 -
1759 1263 1761 1267 '

1118 1312 1223 1347 Graeci
1236 1312 1286 1346 hic
1301 1309 1481 1346 fervidiores
1497 1318 1581 1343 erant
1595 1307 1728 1346 Latinis,
1755 1304 1825 1340 nam

1070 1362 1103 1397 hi
1116 1364 1146 1397 in
1160 1363 1309 1397 Concilio
1322 1361 1520 1397 Florentino,
1540 1356 1607 1390 imo
1618 1362 1649 1392 δε
1663 1355 1825 1390 Tridenti-

1071 1426 1114 1447 no
1126 1425 1191 1447 non
1205 1411 1349 1446 damnant
1373 1406 1495 1456 prorsus
1520 1404 1775 1440 fermentatorum
1792 1417 1825 1438 u-

1070 1461 1151 1502 sum,
1170 1461 1269 1497 modo
1283 1456 1482 1493 suaEccleliis
1494 1456 1616 1489 libertas
1624 1454 1825 1501 permittatur,

1071 1510 1119 1547 sed
1133 1511 1238 1546 Graeci
1252 1510 1336 1544 suum
1350 1519 1472 1541 morem
1485 1516 1595 1538 omnes
1607 1503 1771 1538 voluerunt
1782 1501 1829 1537 se-

1073 1562 1125 1610 qui
1138 1572 1171 1595 ut
1183 1558 1398 1595 necessarium,
1418 1565 1562 1603 negantes
1570 1553 1830 1598 Latinorumazy-

1074 1624 1123 1646 ma
1135 1622 1224 1646 veros
1239 1607 1325 1642 fuisse
1337 1617 1439 1654 panes.
1464 1608 1561 1640 Certe
1574 1601 1734 1638 Miffarum
1746 1600 1785 1634 ab
1797 1612 1830 1634 a-

1075 1662 1175 1709 liquot
1187 1663 1248 1705 jam
1261 1657 1365 1692 seculis
1373 1667 1464 1703 panes
1472 1654 1570 1701 azymi
1582 1651 1755 1686 tamtenuia
1763 1648 1829 1684 sunt

1075 1709 1161 1752 folia,
1174 1709 1273 1758 utqui
1286 1717 1378 1756 neget
1391 1703 1448 1740 esse
1457 1716 1561 1752 panes,
1569 1699 1726 1737 nonvalde
1739 1710 1829 1735 erret:

1078 1773 1180 1796 tamen
1198 1759 1411 1794 infermentata
1430 1753 1551 1793 omnia,
1576 1752 1647 1800 quia
1660 1749 1830 1785 infermen-

1079 1823 1136 1846 tata
1147 1837 1156 1852 ‚
1177 1822 1288 1858 negare
1306 1804 1421 1856 panes,
1446 1802 1628 1839 contradicit
1644 1813 1712 1836 non
1729 1798 1832 1834 minus

1079 1861 1210 1896 sensibus
1223 1859 1316 1907 quarn
1334 1855 1457 1890 rationi.

1080 2061 1136 2095 bus
1151 2057 1365 2094 demonstrare
1377 2054 1406 2090 se
1418 2050 1663 2099 irrefragabiliter
1677 2046 1831 2094 putabant.

1083 2109 1155 2145 Post
1168 2110 1305 2156 primum
1324 2108 1519 2152 Azymorum
1532 2100 1569 2134 ad
1587 2098 1749 2144 septimum
1762 2095 1833 2129 inde

1081 2161 1180 2198 diem,
1214 2157 1332 2191 nullum
1350 2156 1429 2188 inter
1443 2150 1569 2199 Judaeos
1586 2144 1729 2180 fermenti
1746 2145 1833 2178 ulum

1080 2207 1165 2242 fuisse
1179 2205 1354 2240 concedunt
1367 2213 1476 2243 omnes
1485 2222 1495 2237 ,
1515 2196 1563 2231 sed
1571 2206 1639 2229 ante
1646 2194 1779 2241 primum
1790 2197 1835 2228 A-

1079 2266 1242 2301 zymorum
1267 2263 1377 2285 omues
1396 2249 1507 2295 pariter
1531 2244 1706 2279 concedunt
1724 2255 1836 2289 panem

1078 2305 1176 2341 ’ένζνων
1189 2300 1275 2334 fuisse
1282 2309 1495 2333 communem.
1519 2295 1550 2327 Si
1559 2305 1634 2340 crgo
1642 2292 1838 2339 probaverint

1081 2350 1187 2384 Graeci
1201 2347 1362 2384 Christum
1385 2344 1466 2380 suam
1485 2355 1624 2381 coenam,
1649 2345 1681 2376 &
1694 2341 1840 2375 ultimum

1082 2397 1191 2434 Pascha
1205 2396 1369 2432 celebrasse
1382 2406 1451 2430 ante
1469 2395 1604 2442 primum
1624 2393 1816 2438 Azymorum
1829 2414 1839 2429 ‚

1082 2449 1187 2484 omnia
1200 2447 1248 2482 sua
1262 2444 1426 2481 obtinuisse
1434 2442 1462 2479 se
1475 2443 1542 2479 satis
1555 2440 1839 2475 firmiterarbitran-

1082 2511 1141 2534 tur.
1159 2501 1300 2545 Aquinas
1313 2495 1438 2544 quidem
1447 2498 1477 2529 &
1485 2493 1534 2527 alii
1548 2492 1625 2525 hanc
1633 2490 1839 2524 Graeciscon-

1081 2547 1272 2596 sequentiam
1283 2556 1394 2593 negant
1406 2542 1603 2580 affirmantes,
1617 2540 1687 2573 licet
1696 2538 1839 2573 Christus

1082 2597 1301 2633 decimotertio
1326 2595 1376 2628 die
1397 2590 1573 2628 celebrasset
1592 2590 1735 2624 ultimum
1754 2586 1852 2623 suumv

1083 2646 1208 2686 Pascha,
1228 2650 1260 2682 &
1271 2644 1408 2678 ultimam
1417 2654 1554 2680 coenam,
1574 2652 1639 2673 non
1653 2638 1724 2672 inde
1736 2649 1838 2672 tamen

1081 2696 1164 2744 sequi
1178 2691 1340 2729 celebrasse
1355 2694 1387 2726 in
1402 2690 1526 2729 ἒνξέωις»
1548 2701 1619 2723 nam
1638 2688 1708 2722 licet
1727 2687 1838 2724 ἐ’νζυμΘα

1080 2757 1147 2781 tum
1158 2743 1249 2779 fuerit
1261 2741 1436 2778 communis
1444 2739 1502 2773 toti
1511 2738 1640 2786 populo,
1648 2749 1706 2771 nec
1718 2736 1764 2768 lex
1771 2745 1839 2779 azy-

1080 2808 1129 2830 ma
1142 2795 1311 2842 requireret
1323 2790 1481 2826 antediem
1495 2786 1683 2835 sequentem,
1696 2783 1838 2817 tamenin

1081 2844 1241 2880 communi
1255 2840 1306 2877 usu
1319 2840 1420 2879 ἓνζύμων
1432 2836 1519 2872 facile
1531 2835 1661 2881 reperire
1669 2842 1837 2880 potuerunt

1080 2906 1202 2940 azyma:
1219 2892 1239 2925 fi
1252 2902 1353 2925 autem
1365 2888 1512 2923 Domino
1526 2883 1619 2921 visum
1637 2881 1736 2917 fuiffet
1749 2879 1834 2915 suum

1080 2941 1189 2977 Pascha
1201 2951 1269 2974 ante
1282 2940 1346 2972 dies
1359 2940 1551 2983 Azymorum
1565 2930 1743 2971 celebrasse,
1757 2930 1833 2964 nihil

1079 2990 1132 3039 ipsi
1145 3000 1194 3025 aut
1207 2989 1301 3023 cuivis
1314 2985 1496 3022 aliifacilius‚
1509 2983 1602 3030 quam
1614 2982 1664 3016 die
1675 2982 1834 3025 anteAzy-

1079 3054 1128 3076 ma
1140 3052 1210 3075 cum
1222 3041 1315 3079 '2¹⁹ng
1327 3030 1664 3079 communia,reperiffe
1676 3042 1789 3077 azyma,
1800 3030 1831 3062 in

1078 3090 1190 3139 quibus
1197 3085 1467 3133 secundumlegetn
1480 3083 1545 3117 Dei
1557 3080 1766 3117 inviolabilem
1773 3081 1830 3112 Pa-

1079 3140 1146 3175 scha
1159 3137 1245 3173 suum
1259 3135 1448 3171 celebrass'et.

1126 3188 1185 3224 Sed
1198 3187 1377 3223 antecedens
1390 3183 1453 3225 est,
1471 3181 1557 3229 quod
1567 3192 1675 3216 omnes
1688 3176 1828 3213 Latini&

1769 3235 1827 3258 nos

1126 1910 1308 1946 Primarium
1323 1913 1551 1954 argumentum,
1565 1913 1631 1949 quo
1641 1899 1746 1934 Graeci
1759 1910 1834 1946 pro·
1849 1904 1993 1937 Argumm-

1079 1961 1193 1995 habant
1201 1957 1454 1994 fermentatorum
1462 1950 1547 1988 usum
1559 1948 1833 1988 necessarium‚erat
1849 1950 1877 1969 'a
1887 1946 1979 1970 Grato-

1081 2009 1198 2045 Christi
1214 2009 1311 2056 praxis
1323 2031 1333 2047 ‚
1371 2017 1464 2052 quam
1477 2016 1513 2036 ex
1526 1999 1652 2035 materia
1665 2011 1724 2046 prae
1737 1997 1833 2032 mani·
1847 1982 1981 2050 {fzxfh'
