2048 3343
40 233 92 276 Ipsa
99 229 175 260 animi

40 283 128 312 angore

34 323 108 355 perte.

36 781 154 815 Mundus

0 863 1 867 Ἰ
35 833 107 864 aptus
116 822 168 853 ut&

0 878 1 903 3
36 867 154 907 Qmam's

35 906 162 944 destrucre-

35 958 82 984 {nrt

39 1825 149 1861 Qum

41 1865 159 1895 Danielis

41 1909 154 1937 Monar-

44 1949 113 1976 ebim
126 1949 172 1974 im-

40 1989 165 2028 pugnavit

43 2032 136 2069 primus
144 2031 183 2056 Io-

45 2079 120 2098 annes
127 2073 174 2098 Bo-

46 2110 126 2141 dinus.

417 108 1478 149 ernRouoroc1c1Lin.1.
1664 95 1741 152 231

195 180 302 217 cruori
321 179 515 229 speRabant
529 206 538 219 ‚
565 181 654 229 quasi
676 179 785 217 divina
802 179 947 214 vindicta

193 232 463 280 territimagnurn
483 233 657 266 clamorem
675 230 867 265 ediderunt:
893 230 947 261 in-

193 282 289 315 ventfi
301 293 358 328 per
370 283 474 315 minas
486 282 639 316 clamoris
650 278 743 314 causa
753 303 763 318 ,
781 275 948 323 aristobulus

191 330 223 364 in
237 333 361 378 magnis
371 332 472 364 animi
483 327 662 363 terroribus
673 327 840 374 expiravit.

242 382 280 413 In
292 377 412 427 tragiczl
422 378 483 411 hac
492 376 737 425 Regnijridaici
748 376 948 423 redintegra-

195 431 288 465 tione
299 428 391 472 hujus
401 426 545 474 Epocbae
558 425 724 460 historiam
739 425 945 465 claudemus,

189 487 403 527 properantes
420 475 462 510 ad
473 474 663 523 sequentem
676 500 686 516 ,
703 475 735 509 in
746 474 808 522 quii
818 474 859 509 ad
873 477 943 508 Ro-

189 539 307 562 manos
325 526 503 572 Imperium
524 526 637 560 mundi
659 523 851 559 transsatum
877 523 921 557 est
935 547 944 562 ,

189 577 322 623 AEgypti
332 601 342 616 ‚
356 573 450 616 Afiae,
463 576 648 624 reliquique
662 574 809 609 Orientis
824 573 947 607 Princi-

190 623 512 673 pibus(Judae:'1non
524 623 676 672 exceptfi)
692 635 758 658 tarn
771 619 947 671 profligatfi

192 675 301 709 omnis
315 676 443 723 generis
456 674 600 722 nequitia
612 674 746 722 perditis
759 697 769 713 ‚
786 683 821 706 ut
833 671 849 706 32
860 672 947 704 divi-

191 723 232 758 nfi
251 723 367 769 justitiz‘i
379 722 442 758 suis
454 723 601 757 moribus
613 722 833 771 efflagitarent
852 721 948 755 Prin-

193 772 356 821 cipatibus
374 775 505 813 excuti,
523 776 557 807 δε
572 771 742 807 saeviffimis
761 770 876 815 subjici
898 781 948 821 ry-

190 825 321 864 rannis;
349 821 516 858 evaserant
528 823 617 855 enim
630 833 749 855 omnes
759 821 891 868 polenta
901 822 948 851 la-

191 875 231 907 tis
241 884 420 921 praeparata
432 898 440 911 ‚
463 884 534 918 qua:
554 870 691 906 aferreis
708 872 872 904 Romana:
890 868 947 902 be-

191 923 254 960 stiae
267 922 423 959 dentibus
434 918 627 956 commansa
640 920 860 969 deglutiretur.

359 1020 628 1056 Capu-r
687 1018 782 1051 XII.

218 1111 311 1156 cAd
318 1107 634 1166 Epochamfixtam
644 1104 856 1159 Qaestiones
868 1103 915 1149 ὠ

509 1161 628 1202 dubia.

370 1259 686 1301 „QUAESTIO
726 1259 749 1288 1.

192 1343 238 1372 De
254 1334 425 1381 temporibus
444 1333 581 1368 tibiarum
604 1334 640 1372 dy
653 1333 754 1379 pedum
765 1331 867 1380 statua}
878 1333 949 1368 Ne-

292 1383 550 1419 buchadiiezaris
562 1385 692 1419 Danielis
703 1397 735 1418 2.
746 1395 775 1418 v.
793 1397 845 1431 33.

283 1465 430 1501 Urritur
442 1463 564 1511 primo,
577 1465 649 1511 quis
664 1463 702 1499 fit
720 1463 824 1499 sensus
838 1463 951 1498 secun-

286 1516 319 1548 di
335 1516 480 1548 Danielis
499 1513 579 1548 vers.
602 1529 656 1560 33,
674 1528 732 1561 34.
759 1517 794 1548 &
813 1512 948 1560 sequen-

193 1565 304 1599 tibus?
333 1563 431 1604 Quid
447 1562 567 1598 scilicet
592 1560 649 1597 sibi
668 1564 770 1598 velint
783 1561 871 1596 tibiae
883 1560 950 1596 fer-

196 1625 280 1653 reae,
294 1616 324 1646 ἅ
339 1613 440 1660 pedes
455 1613 571 1659 partim
583 1611 678 1648 ferrei
691 1614 812 1661 partim
829 1611 907 1646 lutei
920 1613 952 1646 in

195 1661 300 1697 statu&
313 1663 584 1699 Nebticliadtiezaris
597 1667 611 1696 ?
638 1665 719 1703 Seu,
736 1674 805 1709 qno
820 1672 953 1708 tempo-

198 1725 234 1747 re
249 1722 360 1746 ortum
380 1709 418 1745 sit
435 1723 591 1757 quartum
614 1711 695 1747 illud
715 1713 872 1759 Regnum
889 1712 954 1747 fer·

199 1774 294 1796 reum
314 1773 351 1795 ac
369 1760 447 1809 lapis
469 1761 508 1794 de
526 1773 606 1808 rupe
623 1759 764 1800 excisus,
778 1763 835 1807 qui
847 1772 955 1795 totam

199 1812 381 1860 imaginem
401 1811 602 1845 comminuit
621 1815 635 1846 ?
670 1808 772 1857 Resp.
808 1811 958 1846 Consen-

204 1862 287 1894 tiens
299 1859 372 1894 satis
386 1859 438 1893 hic
450 1871 517 1894 erat
533 1859 795 1895 Christianorum
808 1861 957 1895 omnium

199 1913 503 1957 Interprttum‚tam
518 1921 664 1944 veterum
677 1911 775 1956 quam
793 1913 959 1945 recentio-

202 1972 275 1994 rum
289 1959 449 1994 senteutia
459 1984 467 1999 ‚
489 1959 595 1994 donec
608 1966 724 1995 loannes
736 1961 857 1995 Bodiniis
866 1961 960 2009 inge-

206 2011 252 2043 nii
263 2022 300 2043 ac
311 2011 483 2044 literaturae
498 2009 631 2043 lummae
645 2010 701 2049 vir,
715 2021 890 2058 magnam3
909 2013 960 2044 in-

205 2061 352 2093 tricatam
365 2084 372 2097 ,
393 2062 423 2092 &
436 2057 652 2106 periculosam
670 2058 744 2093 satis
765 2070 960 2094 controver-

202 2107 281 2143 fiam
300 2107 465 2148 movisset,
485 2110 524 2142 de
535 2111 773 2156 quatuorprius
786 2105 962 2144 incontro-

203 2157 300 2194 veriis
312 2159 374 2191 Mo
381 2157 526 2191 narchiis.
554 2161 753 2208 Hieronymus,
765 2160 962 2200 riseodoretus,

203 2209 358 2246 Lutherus,
369 2209 556 2242 Melanchton
567 2231 575 2244 ‚
595 2211 771 2254 Bzilli'ngerus
779 2232 787 2244 ‚
800 2210 942 2242 Calvinus
951 2234 959 2247 ,

203 2257 370 2299 munsterus,
384 2266 570 2291 Aimotatores
588 2259 738 2304 anglicani
750 2258 845 2303 primi
858 2258 889 2290 in
903 2256 963 2290 suis

205 2305 250 2339 ad
268 2307 380 2339 locum
392 2309 643 2339 commentariis
655 2332 664 2346 ,
692 2308 789 2340 etiaim
812 2309 944 2341 rimemus
955 2333 963 2345 ‚

209 2355 369 2389 sleidamis,
382 2357 415 2387 &
430 2355 652 2388 protestantes
663 2353 716 2387 alii
728 2357 965 2389 communiter:

208 2409 337 2449 lyranus
351 2413 498 2447 quoque,
509 2406 654 2436 Cornelius
667 2402 684 2437 ἒι
696 2405 812 2449 Lapide,
824 2406 966 2443 sanetius,

208 2451 339 2486 Tirinus,
361 2453 395 2484 &
413 2462 698 2485 commentatores
731 2451 900 2486 Pontificii
928 2465 967 2486 o-

211 2511 307 2533 mnes
320 2523 329 2538 ‚
348 2511 404 2543 per
417 2499 512 2533 tibias
525 2497 639 2534 feri-cas
659 2505 692 2534 &
705 2501 863 2547 Regnum
876 2513 969 2548 quar-

210 2559 283 2582 tum
304 2547 532 2583 intellexerunt
549 2551 728 2596 Imperium
750 2551 946 2583 Romanum
963 2575 972 2592 ,

211 2598 428 2644 qiiodpriora
442 2600 556 2631 omnia
578 2599 814 2633 Chaldaeorum
830 2624 841 2640 ‚
858 2601 970 2633 Persa-

210 2660 298 2686 rum,
315 2650 349 2680 δε
362 2647 555 2681 Graecorum
570 2649 689 2696 Regna
701 2646 915 2682 aboleverat:
935 2652 970 2683 &

211 2698 348 2744 Lapidem
361 2697 559 2742 interpretati
570 2696 643 2731 sunt
657 2698 799 2744 Christum
813 2723 822 2738 ‚
843 2700 900 2744 qui
912 2695 972 2731 suo

213 2746 395 2792 Euangelio
415 2747 586 2791 Spirituale
607 2749 765 2794 Regnum
790 2759 846 2793 per
860 2759 971 2781 totum

213 2806 374 2829 terrarum
389 2793 508 2828 orbem
521 2797 622 2830 erexit
635 2821 645 2836 ‚
670 2800 704 2829 &
724 2798 755 2829 in
775 2798 890 2830 mundi
910 2795 974 2830 fine

215 2843 366 2890 reliquias
383 2845 522 2879 Romani
539 2858 577 2878 ac
598 2840 795 2879 caeterorum
818 2846 974 2878 omnium

216 2903 307 2926 terra:
333 2895 548 2940 imperiorum
587 2896 619 2927 iii
647 2894 787 2929 nihilum
825 2894 972 2939 rediget,

217 2942 409 3022 Sanc'ktisque
420 2942 481 2978 suis
497 2947 531 2977 in
552 2947 641 2980 coelo
662 2956 821 2979 aeternum
834 2956 973 2991 regnum

220 3001 296 3023 attri
325 3003 388 3026 uct.

35 3063 37 3070 ,
65 3043 204 3074 Multisso-
271 3039 393 3073 Verum
413 3054 448 3074 ut
466 3041 609 3089 primum
630 3049 746 3079 loannes
766 3044 885 3079 Bodinus
906 3054 975 3076 me·

36 3097 38 3120 i
67 3085 148 3113 danum
153 3085 193 3120 Je-

69 3128 145 3167 quusi.

221 3088 320 3123 thodi
337 3089 395 3122 snae
409 3090 543 3125 historiae
560 3105 630 3139 cap.
643 3106 676 3135 7.
697 3107 771 3140 pag.
785 3106 870 3139 437.
888 3104 973 3139 qua—

221 3151 295 3173 tuor
308 3139 571 3180 Monarcliias‚ut
582 3152 724 3176 veterem
737 3143 895 3178 &falsam
905 3153 973 3174 tra-

223 3189 386 3238 ditionem
403 3187 565 3227 solicitarc
577 3190 670 3242 ausus
681 3192 725 3243 est
738 3215 748 3243 ‚³
767 3193 864 3230 nimis
876 3190 972 3241 quam

992 182 1118 216 multos
1129 179 1216 214 viros
1227 180 1349 216 doaos
1361 182 1512 230 sequaces
1520 179 1746 221 habuitffiran-

991 230 1092 274 cifcum
1103 233 1230 269 lunium,
1239 235 1375 264 loannem
1389 233 1570 277 Pzfiatorem,
1580 233 1744 266 Amandum

991 280 1142 316 Palmum,
1154 279 1304 314 robertum
1318 282 1471 318 Rollocum,
1482 290 1616 316 ioannem
1627 280 1746 316 neoda-

990 334 1073 363 tum‚
1093 331 1127 361 δε
1148 336 1335 362 Aimotatores
1354 330 1519 375 Anglicanos
1531 343 1597 364 tam
1611 330 1745 364 medios

989 375 1091 420 quam
1105 375 1253 411 ultimos.
1272 378 1318 410 Hi
1331 389 1447 412 omnes
1460 390 1515 422 per
1526 379 1634 414 statuae
1645 379 1747 427 pedes

991 428 1025 457 &
1047 425 1204 472 Regnum
1224 437 1379 472 quartum
1392 426 1533 473 intelligi
1546 429 1660 461 volunt
1674 439 1745 462 non

989 475 1169 520 Imperium
1183 476 1389 512 Romanum,
1399 475 1451 509 sed
1465 477 1580 523 Regna
1590 474 1747 510 succeii'o-

990 534 1063 556 rum
1086 526 1264 564 Alexandri,
1283 537 1354 571 quae
1365 535 1440 560 ante
1452 526 1553 573 cimsta'
1564 525 1746 560 adventum

989 584 1102 606 omnia
1115 585 1322 609 evanuerant.

1039 629 1119 669 Hugo
1135 625 1246 657 Grotius
1258 625 1305 658 vir
1319 622 1452 670 quidem
1471 621 1579 659 multo
1597 621 1749 658 dostiffi-

992 671 1140 706 mus,scd
1155 674 1188 704 in
1200 671 1319 720 scriptis
1334 672 1394 707 suis
1407 673 1679 720 ultimisvperlaepe
1690 671 1749 706 ab·

990 717 1192 755 surdiffimus
1211 725 1244 757 δε
1262 721 1493 767 αἰρετικῶταὶἶῷόι
1506 747 1516 760 ,
1533 725 1566 755 in
1579 722 1640 756 suis
1650 721 1748 756 adlo-

991 781 1068 803 cum
1085 773 1253 805 annotatis
1278 771 1448 818 posteriori
1470 771 1558 806 addit
1571 770 1748 811 sententiae‚

989 820 1124 865 Lapidem
1136 820 1272 868 intelligi
1286 822 1443 868 Regnum
1454 822 1609 868 quintum
1620 822 1751 855 Roma-

991 880 1110 901 norum
1125 892 1135 909 ‚
1156 870 1214 914 qui
1233 872 1272 903 de
1295 881 1413 904 monte
1433 871 1583 904 Palatino
1602 868 1752 918 primum·

990 927 1093 950 exorti
1105 928 1213 963 priora
1226 921 1340 951 omnia
1351 921 1587 954 contriverunt.

1037 973 1066 999 10
1082 961 1166 1012 ephus
1184 969 1218 1000 δε
1238 966 1405 1013 aliiJudaei
1417 967 1592 1002 nobiscum
1607 967 1750 1002 consen-

989 1013 1124 1062 tiunt3ut
1134 1016 1423 1062 quemadmodum
1437 1028 1491 1063 per
1502 1027 1602 1063 caput
1618 1028 1751 1051 aureum

989 1063 1273 1111 Babyloniorum,
1297 1078 1334 1100 ac
1353 1067 1468 1112 peritus
1481 1065 1678 1112 brachiaque
1698 1077 1754 1098 ar-

987 1125 1104 1162 gentea
1114 1115 1296 1150 Medorum
1308 1115 1516 1150 &Persarum
1528 1116 1646 1163 Regna
1654 1112 1754 1160 signi-

991 1163 1176 1198 ficabantur
1198 1189 1207 1204 ‚
1233 1166 1279 1198 ita
1298 1177 1357 1213 pet
1383 1176 1532 1200 ventrem
1554 1161 1753 1210 femoraque

989 1224 1070 1247 aerea
1088 1214 1285 1248 Graecorum
1305 1239 1315 1255 ,
1344 1226 1380 1249 ac
1396 1227 1454 1262 per
1473 1213 1569 1248 tibias
1585 1211 1754 1261 pedesque

988 1261 1116 1298 ferreos
1123 1264 1358 1299 Romanorum
1369 1268 1414 1297 lm
1421 1265 1508 1312 peria
1519 1262 1753 1310 figurarentur:

991 1313 1045 1348 sed
1056 1315 1189 1361 Lapidem
1202 1315 1316 1348 omnia
1328 1323 1560 1348 conterentem
1570 1311 1660 1361 suam
1671 1324 1754 1359 gen-

991 1374 1061 1398 tem
1081 1365 1338 1410 interpretantur
1356 1387 1365 1401 ,
1392 1365 1532 1398 cuiante
1543 1361 1646 1396 finem
1656 1360 1754 1395 seculi

993 1414 1093 1447 totius
1114 1413 1204 1448 orbis
1222 1415 1403 1461 Imperium
1420 1410 1437 1446 ὲ
1454 1414 1531 1446 Deo
1541 1410 1692 1458 promitti
1702 1408 1755 1444 so-

994 1465 1129 1497 inniant.
1174 1463 1301 1511 Iosephus
1320 1464 1433 1510 Antiq.
1458 1461 1517 1497 lib.
1531 1474 1585 1495 10.
1611 1473 1684 1507 cap.
1699 1472 1758 1494 10.

994 1511 1139 1559 expositi
1158 1511 1273 1546 caetera
1293 1513 1443 1560 imagine
1462 1510 1640 1545 dissimulat
1661 1506 1755 1543 suum

993 1560 1118 1597 sensum
1130 1564 1169 1597 de
1181 1563 1289 1609 rapide
1298 1562 1483 1596 contrituro
1495 1562 1675 1597 Romanos
1683 1570 1758 1592 tum

995 1624 1104 1647 rerum
1123 1613 1279 1647 dominos
1300 1624 1389 1658 quos
1410 1612 1537 1645 irritare
1557 1609 1757 1647 verebatur;

996 1662 1052 1697 sed
1076 1662 1278 1706 jamdudum
1305 1659 1520 1695 Talmudista:
1544 1671 1583 1693 ac
1608 1656 1756 1693 Rabbini
1776 1656 1880 1686 raimu-

999 1715 1198 1747 recentiores
1215 1709 1327 1759 aperre
1345 1710 1417 1744 satis
1434 1710 1486 1744 sua
1497 1708 1624 1743 somnia
1635 1719 1758 1755 propa·
1775 1697 1798 1724 ὠ
1817 1708 1893 1745 ΨΜ

998 1759 1102 1796 larunt
1122 1762 1161 1796 de
1181 1760 1381 1809 quintfipost
1395 1761 1576 1795 Romanos
1589 1785 1598 1797 ‚
1617 1758 1667 1793 vel
1677 1755 1759 1791 sexta
1778 1747 1891 1809 angis*

1000 1812 1074 1859 post
1087 1813 1212 1844 Turcas
1223 1810 1367 1857 Judaicae
1378 1812 1486 1857 gentis
1497 1804 1706 1843 Monarchifi.
1780 1822 1842 1850 chia.
1917 1815 1919 1817 “

1049 1860 1102 1894 Ab
1113 1859 1159 1894 his
1170 1872 1239 1894 non
1251 1858 1348 1906 longe
1358 1860 1474 1894 distant
1485 1858 1637 1893 hodierni
1648 1856 1760 1896 Quin-
1781 1864 1892 1899 Quinto-

1003 1907 1274 1943 to-Monarcliici
1289 1908 1463 1956 Anglicani
1481 1934 1489 1948 ‚
1505 1910 1562 1955 qui
1574 1907 1617 1942 ad
1628 1907 1689 1941 alia
1699 1905 1757 1953 Ju—
1781 1906 1892 1952 Mf’l‘ar-

1005 1960 1099 1993 claica
1129 1959 1358 1993 Chiliastaruiii
1389 1958 1519 1992 somnia
1546 1958 1608 1991 boc
1634 1956 1762 1990 addunt
1779 1945 1922 2014 ‘'l'f‘ist'*

1005 2009 1171 2053 (humano
1183 2010 1313 2056 generi,
1326 2009 1441 2041 vicinis
1451 2007 1560 2040 saltem
1574 2006 1637 2039 suis
1648 2032 1656 2044 ,
1677 2005 1762 2052 peri·
1776 1997 1796 2027 g
1806 1999 1824 2015 ι·

1005 2056 1241 2094 culofiffimum
1277 2056 1566 2105 Anabaptistarum
1593 2053 1766 2096 delirium)

1004 2108 1128 2144 sanctis
1139 2107 1297 2141 traditum
1309 2108 1360 2147 iri,
1373 2104 1554 2140 secundum
1567 2105 1696 2139 Danielis
1708 2115 1769 2148 pra:

1007 2157 1158 2191 manibus
1175 2156 1399 2204 prophetiam,
1413 2167 1512 2201 regna
1526 2152 1672 2192 Mundi,
1695 2155 1729 2187 &
1741 2149 1770 2186 se

1005 2209 1206 2242 Sanctorum
1227 2209 1261 2240 in
1275 2205 1409 2240 Mundo
1428 2214 1680 2251 regnaturorum
1702 2202 1770 2248 pri-

1006 2256 1138 2290 mordia
1150 2267 1248 2302 atque
1257 2255 1428 2301 primitias,
1438 2255 1495 2301 qui
1507 2253 1770 2287 extraordinario

1007 2305 1072 2340 Dei
1081 2302 1196 2340 favore
1205 2304 1321 2339 mundi
1333 2303 1508 2351 potestates
1520 2312 1694 2336 conterere
1703 2313 1772 2335 coe-

1009 2366 1130 2403 petunt
1152 2380 1162 2395 ,
1190 2368 1250 2389 nec
1276 2354 1452 2387 cellaturos
1479 2352 1588 2385 donec
1614 2349 1770 2394 aspirante

1010 2417 1113 2452 porro
1125 2402 1347 2437 diviniauxilii
1356 2400 1436 2436 aura.
1445 2403 1478 2434 δέ
1489 2397 1633 2434 excitatis
1644 2396 1771 2442 ubique

1011 2466 1070 2500 per
1089 2452 1205 2487 orbem
1228 2463 1386 2485 terrarum
1406 2451 1549 2484 aliorum
1570 2447 1772 2482 Saiiftorum

1011 2501 1207 2536 exercitibus
1217 2523 1225 2536 ‚
1238 2501 1401 2533 mundana
1414 2500 1526 2531 onmia
1537 2497 1675 2541 imperia
1685 2520 1694 2535 ‚
1710 2494 1774 2530 una

1013 2562 1088 2584 cum
1101 2549 1228 2594 legibus
1241 2545 1613 2583 omnibuscivilibus‚&
1627 2544 1775 2577 ministe-

1014 2601 1063 2633 rio
1075 2596 1290 2632 ecclesiastico
1302 2594 1498 2629 aboleantur
1510 2619 1521 2633 ,
1543 2598 1577 2628 &
1593 2593 1700 2639 christo
1713 2592 1773 2627 soli

1015 2647 1146 2695 ejusque
1161 2644 1286 2693 populo
1299 2646 1404 2679 totius
1414 2644 1530 2678 mundi
1543 2644 1772 2691 gubernamen

1015 2710 1083 2732 tam
1102 2695 1355 2731 eccleliasticum
1376 2693 1476 2741 quam
1498 2695 1591 2729 civile
1609 2694 1642 2725 in
1655 2704 1772 2726 manus

1016 2746 1175 2781 tradatur.

1067 2795 1218 2841 Qaestio
1228 2806 1329 2841 quarn
1339 2793 1391 2829 bic
1402 2805 1499 2827 unam
1513 2791 1772 2832 iiitendimus‚est

1017 2843 1239 2877 controversia
1251 2845 1352 2878 Bodim'
1362 2856 1398 2877 ac
1408 2841 1590 2889 sequacium
1599 2865 1609 2879 ‚
1618 2842 1673 2887 qni
1687 2854 1773 2887 qua-

1018 2905 1095 2926 tuor
1107 2892 1323 2927 Monarchias
1334 2895 1531 2927 evertunt,&
1544 2889 1612 2937 quo
1625 2893 1774 2925 Danielem

1018 2942 1100 2976 nihil
1118 2943 1157 2977 de
1166 2944 1330 2977 Romanis
1343 2941 1518 2989 loquutum
1531 2940 1777 2981 osteiidant‚di-

1018 2993 1132 3027 vidunt
1142 2992 1336 3026 Graecorum
1347 2991 1520 3038 imperium
1534 2991 1566 3022 in
1579 2989 1646 3023 duo
1665 3003 1672 3022 :
1694 3002 1774 3023 ven-

1017 3053 1099 3076 trem
1119 3045 1151 3075 &
1166 3040 1293 3075 femora
1312 3042 1366 3074 uni
1391 3040 1552 3074 Alexandro
1567 3037 1778 3076 ascribentes,

1016 3091 1111 3125 tibias
1125 3094 1158 3124 &
1172 3090 1275 3136 pedes
1288 3093 1355 3133 ejus
1367 3088 1454 3121 succ<
1464 3086 1602 3122 ssori'bus
1612 3089 1644 3122 in
1657 3088 1728 3122 Asia
1742 3094 1777 3123 ἅτ

1019 3142 1185 3187 AEgypt05
1207 3150 1324 3172 contra
1337 3150 1453 3172 omncs
1466 3140 1624 3184 antiquos
1635 3162 1642 3174 ,
1659 3151 1777 3172 omncs

1020 3188 1219 3226 Pontificios
1231 3213 1242 3233 ,
1255 3192 1288 3224 &
1299 3190 1425 3237 primos
1437 3199 1472 3223 ac
1484 3189 1659 3237 primarios
1670 3187 1777 3238 refor-

993 3241 999 3283 Ι
1612 3246 1775 3271 maiarum
