2048 3343
132 808 163 833 In
175 805 272 832 Gedro-

129 847 168 883 fl}
178 846 267 872 exerci-

133 897 184 915 tum
196 886 247 924 pse-

131 937 232 965 rumque

127 967 209 1006 pertlrt
215 967 259 1004 firi

134 1012 249 1047 (ysayae.

293 108 366 141 142
623 85 1039 131 OPERISH

288 178 369 200 num
383 175 469 199 mare
484 162 575 199 terris
586 163 733 210 undique
746 160 853 195 claudi
876 185 886 200 ,
915 158 965 192 sed
979 159 1039 200 Se<

288 212 520 262 ptentrionalis
546 212 677 246 Oceani
707 211 872 245 brachium
900 207 1035 241 arbitra-

289 266 408 299 bantur
430 286 439 300 ‚
462 271 610 298 Iaxartem
631 260 714 296 ultra
733 262 927 305 Hyrcanum
946 268 1035 291 mare

291 316 491 360 Europaeum
501 315 621 346 Tanaim
634 309 872 344 existimabant.
891 307 980 340 Dum
992 307 1034 339 ad

289 363 366 397 Iudi
384 362 502 396 ostium
527 360 720 395 accederent
737 383 746 396 ,
771 358 866 392 rudes
892 354 1034 395 omnino

289 413 424 447 aestuum
447 411 575 447 Oceani
600 409 833 456 reciprocantis
851 409 884 439 in
897 416 1035 452 magnos

290 471 364 496 cum
387 472 528 496 terrores
548 459 622 494 tum'
646 456 788 506 pericula
813 469 851 490 ex
877 451 1037 501 imperitizi

289 513 431 558 conjetsti
444 509 532 549 sunt,
548 509 706 552 istumque
716 509 894 541 Oceanum
907 502 947 536 ad
961 500 1037 535 Indi

290 561 374 595 ostia
390 560 546 595 ultimum
566 569 724 592 terrarum
741 556 916 589 terminum
938 562 1036 597 repu-

288 621 411 645 tarunt.
451 612 540 643 Dum
554 605 749 643 Navarthos
761 614 835 635 cum
845 597 935 634 classe
945 599 1036 633 littus

289 660 332 694 ab
349 659 433 694 Indo
451 659 493 693 ad
513 658 637 703 Trigris
651 658 685 688 δε
707 651 881 697 Euphratis
898 661 957 682 ora
970 648 1035 683 sul—

290 721 362 744 care
384 708 516 754 jussisset
535 732 545 747 ,
571 702 635 750 ipse
647 714 722 735 cum
743 701 886 733 exercitu
904 699 1034 745 longin-

292 771 393 806 quum
415 769 470 804 per
493 754 596 789 multa
616 749 737 785 deserta
755 750 859 783 iterin
874 747 1034 781 Persidem

294 806 504 855 persequitur.
540 803 650 835 Tanta
663 802 695 833 in
708 794 871 833 Gedrosia
882 798 913 829 in
924 797 1038 842 primis

293 868 384 903 aquae
401 859 435 888 δε
453 852 654 886 cibariorum
673 848 806 896 penuria
817 843 880 879 fuit
900 869 909 885 ‚
934 855 970 878 ut
987 846 1039 878 vix

292 914 441 953 quartam
464 898 619 936 exercitus
636 897 808 945 partemin
824 896 1038 929 Carmaniam

292 952 477 989 reduxerit.
512 951 589 984 Huc
603 959 637 982 ut
647 943 1039 992 venitsuperstitibuslar-

291 1016 353 1052 gos
378 1002 475 1035 nimis
496 1007 705 1033 commeatus
731 992 947 1042 suppeditavit
970 1006 978 1027 ε
1005 994 1039 1025 in

291 1055 420 1098 reliquo
439 1051 554 1083 itinere
571 1045 723 1094 quotidie
746 1040 1040 1079 commeffibundi‚

1072 98 1482 131 18T0R1C1

1084 157 1218 194 tandem
1254 163 1425 198 Anaxarchi
1448 161 1631 199 rationibus
1657 164 1696 200 de
1722 163 1826 200 Chal-

1082 207 1227 243 daeorum
1242 213 1381 246 vanitate
1392 212 1557 259 persuasus
1574 241 1582 253 ,
1608 226 1683 247 cum
1703 226 1825 261 pompa

1082 255 1297 293 (blenniffima
1308 263 1451 296 intravit.
1490 261 1620 297 Menses
1629 262 1680 296 hic
1692 263 1823 310 aliquot

1083 308 1409 354 magnificentissimis
1421 312 1545 346 deliciis
1556 309 1719 352 diffluxit,
1736 324 1823 346 nova

1082 353 1166 389 bella
1180 358 1400 394 meditabatur
1416 374 1424 394 :
1443 360 1558 408 magnii
1573 359 1726 395 industria
1737 359 1825 396 mille

1082 415 1272 460 magnarum
1292 411 1425 443 navium
1444 410 1569 445 classem
1583 409 1739 458 parabat,
1758 409 1825 456 qua

1080 453 1227 499 primum
1250 456 1524 506 Carthaginenses
1550 463 1584 494 &
1609 471 1701 493 oram
1720 471 1826 493 totam

1844 319 1878 344 N
1875 328 1923 347 ova
1929 327 1974 358 pa.

1842 358 1913 387 rabat
1920 364 1972 390 ,A-

1842 398 1958 430 [exauda-

1844 439 1911 470 bella.
1971 437 1979 444 '⁴

1084 500 1217 545 Africae,
1229 504 1348 541 deinde
1361 506 1686 554 Hispanias‚1taliam,
1697 512 1730 543 &
1741 506 1826 543 Gal·
1871 546 1873 548 ,

1081 550 1156 585 liam
1169 552 1578 600 subigeret.Maced0num
1591 556 1713 590 multos
1723 554 1828 597 senio,

1082 601 1195 638 labore
1205 628 1222 652 ³.
1236 615 1274 638 ac
1302 603 1492 640 vulneribus
1510 606 1706 646 confectos,
1725 605 1830 640 multo

1082 662 1158 684 cum
1177 653 1306 689 honore
1318 679 1327 694 ‚
1345 655 1460 695 donis,
1472 666 1507 688 ac
1525 657 1647 689 mutuis
1657 654 1829 701 lachrymis

1083 700 1225 736 domum
1236 702 1359 738 remisit
1373 728 1383 743 ‚
1399 705 1541 739 ducente
1561 710 1682 739 Cratero
1692 716 1729 737 ac
1741 706 1830 747 Poly-

1075 751 1250 796 sperchonte.
1288 754 1325 786 In
1340 764 1454 786 eorum
1472 754 1585 788 locum
1609 753 1777 788 Persarum
1791 764 1828 786 ac

1085 799 1226 833 aliorum
1246 813 1281 834 ex
1301 801 1481 836 fortissimis
1510 802 1588 836 Afiae
1608 803 1758 851 gentibus
1772 804 1831 836 tti-

1084 847 1176 895 ginta
1198 847 1299 883 millia
1314 853 1471 893 juvenum
1495 853 1635 893 ὁμηλίκων
1661 850 1717 885 sub
1746 851 1831 885 duce

1086 897 1214 931 Peucene
1229 898 1262 929 in
1282 909 1404 931 novam
1418 899 1611 947 Phalangem
1634 900 1832 947 composuit.

1086 947 1178 979 Dum
1193 945 1276 980 hisce
1288 948 1408 994 coeptis
1419 958 1510 981 totus
1522 948 1728 983 incumberet
1738 973 1747 986 ‚
1757 961 1832 984 ecce

1083 994 1188 1030 fatum
1201 998 1316 1030 omnia
1332 995 1678 1043 repentesufflaminat.

1134 1042 1266 1079 Crebro
1293 1045 1474 1090 admodum
1503 1057 1570 1079 tam
1597 1046 1729 1093 largiter
1755 1058 1829 1080 cum

1849 1050 1957 1089 Setspfiam

290 1098 443 1137 dissolute
463 1098 647 1132 admodum
667 1092 757 1141 quasi
780 1092 977 1127 bacchantes
988 1093 1042 1124 in·
1086 1095 1200 1128 amicis
1213 1095 1371 1142 potabat,
1383 1105 1418 1128 ut
1430 1096 1556 1143 integer
1567 1098 1624 1142 qui
1637 1094 1831 1142 sequebatur
1845 1092 1950 1129 procul-‘s

290 1149 468 1186 cedebant.
480 1147 647 1194 I'asagardis
658 1155 834 1178 occurrens
847 1142 955 1187 Orsmes
967 1144 1041 1175 Per-

290 1200 342 1236 siae
354 1192 715 1246 Satrapaliberaliffime
729 1193 857 1239 Regem
873 1195 906 1225 &
920 1202 1038 1224 omnes

245 1275 249 1280 =
291 1251 417 1283 amicos
435 1247 582 1292 accepit,
601 1256 670 1279 uno
687 1242 783 1289 Bagod
802 1239 964 1275 Eunucho
979 1251 1038 1273 ne-

136 1491 225 1522 Nobili
246 1491 267 1518 i-

136 1546 187 1562 mus
194 1533 259 1568 Orfi-

135 1585 177 1602 nes
188 1577 270 1612 Bagoae

138 1614 266 1643 calumniis

131 1658 203 1695 perit.

98 1986 101 1991 ’
138 1975 280 2007 Parmenio-

142 2020 179 2045 ηιξ
187 2017 270 2053 occtfi-

137 2069 174 2086 res
186 2060 248 2085 occi-

138 2099 235 2128 duntur.

141 2473 195 2508 Hcp
199 2470 244 2498 lm.

136 2514 201 2547 stion
209 2515 234 2539 m
239 2528 249 2533 -

140 2562 259 2601 temperas}
265 2567 274 2574 -

141 2602 177 2621 tm
186 2605 247 2621 mor—

141 2642 195 2662 tuus
203 2645 247 2662 eva
252 2651 261 2658 -

143 2675 177 2702 alu
188 2678 264 2703 Deus.

143 3003 247 3040 Dtffiea-

144 3042 280 3069 denthal-

145 3083 189 3110 dxi
196 3082 274 3120 Baby-

145 3125 207 3150 torm
224 3134 262 3150 m-

146 3170 257 3194 tronum.

291 1298 424 1347 glerfito:
445 1305 558 1342 praeter
569 1291 787 1340 complutam
798 1288 878 1324 vasis
889 1290 992 1322 aureis
1004 1293 1039 1323 ὃ(

291 1343 435 1394 pretiosa
449 1345 530 1379 veste
543 1342 652 1383 dona,
664 1340 706 1389 ad
720 1351 864 1384 quatuor
879 1336 980 1371 millia
991 1348 1040 1371 ta-

291 1397 464 1431 lentorum
474 1394 610 1442 largitus
622 1391 678 1427 est.
700 1391 760 1422 Vir
771 1388 822 1422 hic
831 1385 895 1422 fuit
905 1399 940 1422 ut
950 1388 1042 1422 sum—

295 1447 350 1481 me
372 1444 514 1479 liberalis
528 1469 539 1484 ,
567 1444 612 1477 ita
632 1439 697 1474 sine
717 1435 1043 1485 omniprobto&ex

297 1498 365 1546 Cyri
385 1492 535 1542 prosapia
553 1517 561 1531 ‚
589 1489 804 1524 nihilominus
831 1494 926 1539 Bagoae
952 1488 1044 1521 calu-

296 1546 394 1579 mniis
415 1542 509 1578 suum
535 1539 724 1587 negledtum
744 1535 941 1572 vindicantis
966 1532 1045 1570 sub-

296 1593 417 1633 versus,
426 1592 465 1626 ab
477 1590 637 1625 Alexandro
646 1587 784 1621 traditus
795 1587 839 1621 est
851 1586 921 1619 neci
934 1596 941 1622 ε
955 1582 1044 1631 quasi

295 1645 364 1688 Cyri
375 1639 540 1676 tumulum
554 1635 720 1678 violasset,
735 1635 827 1682 quod
849 1635 1045 1669 Macedonis

295 1692 476 1738 cujusdam,
488 1690 556 1737 ipso
568 1700 632 1722 non
646 1684 928 1722 conscio,crimen
941 1695 1019 1718 erat.

341 1740 538 1774 Temeritati
560 1741 594 1773 δε
621 1735 797 1771 'iracundiae
816 1761 825 1774 ‚
851 1732 1043 1768 lhcceffibus

297 1789 417 1830 ebrius>
429 1789 587 1824 Alexander
598 1790 664 1832 jam
677 1783 919 1831 indulgentior,
931 1795 968 1817 ex
982 1785 1043 1818 Sa—

298 1841 398 1885 trapis
419 1839 538 1872 multos
557 1849 622 1870 non
644 1844 844 1882 magnorum
865 1834 1041 1866 criminum

297 1886 423 1923 delatos
440 1886 536 1921 facile
549 1884 701 1931 perdebat
714 1897 722 1917 :
735 1881 788 1916 sed
801 1881 961 1915 omnibus
970 1894 1044 1929 gra—

298 1947 368 1971 tum
392 1936 453 1971 fuit
467 1935 662 1982 supplicium
679 1933 837 1972 Cleandri,
855 1933 966 1966 sitalcia
981 1956 991 1971 ,
1009 1934 1044 1966 &

299 1983 523 2020 sexcentorum
536 1984 745 2021 Macedonum,
762 1981 817 2028 qui
830 1982 1044 2016 Parmenionem

295 2035 480 2069 innocuum
499 2030 614 2068 saltem
625 2031 866 2079 incogitantem
881 2028 1047 2065 confode-

298 2095 372 2119 rant
395 2098 403 2118 :
424 2082 604 2117 ministerio
624 2081 688 2115 hoc
703 2079 1045 2126 putantesilliAlexan-

298 2136 382 2168 arum
394 2130 495 2178 usque
506 2132 588 2165 adeo
608 2131 668 2165 fibi
679 2129 870 2164 devinetum
888 2154 900 2170 ‚
918 2140 956 2163 ut
967 2128 1045 2163 nihil

297 2180 340 2215 ab
362 2179 432 2228 ipso
455 2181 670 2214 metuendum
685 2175 761 2212 esset
772 2177 933 2225 periculi,
959 2190 1046 2224 quae-

297 2241 428 2276 cunque
440 2228 575 2263 taudem
587 2226 785 2261 admisissent
795 2225 922 2260 scelera:
934 2226 997 2259 hos
1009 2236 1045 2259 ut

296 2278 442 2327 primum
453 2275 619 2311 accusatos
630 2276 671 2310 de
683 2275 809 2320 stupris,
817 2273 1046 2320 rapinis‚sacri-

296 2330 390 2376 legiis
409 2353 419 2369 ‚
444 2330 475 2361 &
496 2325 564 2359 aliis
583 2338 655 2371 quae
676 2322 745 2371 ipso
764 2324 796 2356 in
810 2323 902 2356 India
913 2320 1044 2357 absente

297 2376 533 2412 commiserunt
542 2376 573 2409 in
585 2373 702 2409 Media
712 2397 723 2415 ,
736 2384 853 2406 omnes
868 2371 976 2406 statim
988 2383 1045 2405 ne·

298 2428 398 2461 cavit.

345 2474 435 2509 etun
450 2473 621 2508 Ecbatana
631 2482 765 2507 ventum
778 2469 1046 2508 effet‚crevei·unt

296 2523 560 2565 comessationes3
573 2521 739 2568 Heplmstion
751 2534 786 2555 ex
797 2519 956 2554 ebrietate
964 2531 1047 2553 con-

297 2576 399 2608 tra&a
412 2573 550 2613 febri,&
562 2573 594 2604 in
608 2569 690 2605 febri
702 2580 819 2603 contra
828 2568 950 2602 medici
961 2580 1047 2602 con-

298 2623 364 2658 silia
377 2625 460 2671 gulae
480 2620 653 2669 indulgens
672 2644 682 2658 ‚
709 2618 848 2664 septimo
860 2617 912 2652 dic
925 2618 1046 2665 expira-

298 2675 343 2707 vit
371 2686 378 2705 :
408 2671 569 2707 Alexander
587 2668 772 2702 immodico
792 2666 906 2699 dolore
924 2677 1047 2712 prope—

298 2718 438 2756 modum
453 2719 608 2754 insaniens
623 2715 777 2750 miserum
797 2713 967 2750 medicum
978 2710 1047 2748 affi-

298 2773 344 2806 xit
365 2775 473 2809 cruci,
494 2767 658 2802 tumulum
671 2763 837 2809 Babylone
849 2762 943 2810 supra
953 2775 1047 2810 rega—

300 2821 366 2855 lem
394 2817 575 2853 duodecim
593 2815 731 2850 millium
760 2813 961 2847 talentorum
981 2814 1046 2845 im-

301 2867 402 2916 pensa
417 2867 556 2902 extruxit
579 2878 588 2900 ι
614 2868 648 2900 ὃ(
670 2869 830 2898 Hammone
842 2861 1048 2902 consulente,

301 2919 424 2965 templa
435 2942 445 2958 ‚
463 2929 552 2956 aras,
572 2918 605 2949 δέ
623 2913 768 2948 solennia
781 2909 858 2945 vdta
870 2910 1048 2958 Hephaestioni

302 2978 337 3000 ut
349 2979 416 3000 non
429 2967 568 3000 minimo
576 2965 725 2997 Deorum
740 2959 915 2996 dedicavit.

350 3017 438 3048 Dum
450 3013 610 3058 Babyloni
622 3012 904 3059 appropinquaret
919 3034 928 3049 ,
945 3006 1049 3043 Chal-

305 3060 365 3095 daei
376 3062 557 3096 dissuadent
568 3063 743 3095 introitum
757 3085 767 3101 ,
783 3056 954 3094 certissime
967 3055 1049 3091 fata-

305 3112 371 3147 lem
383 3110 617 3144 denunciantes
636 3124 645 3145 2
664 3110 785 3144 horum
800 3109 929 3142 monitu
940 3106 1045 3141 detet-

309 3164 401 3197 ritus,
410 3158 596 3205 aliquandiu
608 3161 692 3195 circa
703 3157 821 3196 urbem
831 3167 963 3206 vagatur
972 3153 1047 3197 ,sed

1085 1145 1153 1177 dies
1172 1145 1321 1190 pridianae
1342 1133 1598 1179 edormiscendae
1620 1143 1757 1192 crapulae
1777 1146 1830 1179 vix

1085 1190 1243 1227 sufficeret
1257 1193 1513 1240 :digredientem
1527 1192 1725 1240 aliquandoa
1736 1202 1833 1240 Bagoae

1086 1243 1242 1275 convivio
1259 1241 1335 1276 satis
1353 1241 1420 1276 sero
1437 1268 1447 1284 ‚
1474 1246 1582 1278 Medzm
1601 1241 1769 1277 Thessalus
1789 1244 1830 1278 ad

1087 1302 1207 1325 novam
1221 1294 1510 1339 compotationcm
1524 1291 1671 1326 deduxit.
1706 1292 1834 1339 Viginti

1087 1351 1178 1375 erant
1188 1342 1353 1382 convivae,
1371 1341 1489 1376 horum
1501 1340 1631 1390 singu-lis
1643 1343 1713 1375 Rex
1725 1345 1758 1376 δε
1773 1339 1835 1374 sin-

1087 1388 1153 1438 guli
1167 1390 1248 1437 Regi
1261 1389 1504 1436 praebiberunt3
1519 1391 1565 1424 his
1580 1402 1649 1424 uon
1661 1401 1835 1424 contentus

1089 1441 1213 1473 Herculis
1224 1438 1375 1487 poposcit
1384 1437 1542 1487 scyphum
1560 1439 1634 1486 (qui
1646 1438 1706 1473 fuit
1718 1440 1791 1473 bico
1798 1451 1838 1472 n-

1089 1489 1176 1537 gius)
1188 1494 1289 1523 Protea
1304 1489 1529 1523 Macedonem
1541 1500 1742 1534 provocans,
1756 1499 1835 1522 cum

1089 1547 1224 1584 uterque
1235 1536 1388 1584 scyphum
1400 1535 1605 1578 exhausisset,
1619 1544 1731 1571 Proteus
1743 1537 1838 1570 Her-

1090 1586 1244 1620 culanum
1258 1587 1415 1634 poculum
1427 1587 1607 1625 resumens,
1618 1587 1736 1618 iterum
1750 1585 1837 1632 Regi

1088 1634 1261 1684 praebibir‚
1277 1637 1335 1682 qui
1351 1635 1429 1672 illud
1448 1634 1590 1670 secundo
1604 1633 1792 1669 exhauriens
1802 1638 1837 1668 in

1090 1696 1246 1732 magnum
1265 1697 1400 1732 repente
1424 1686 1583 1719 morbum
1597 1684 1723 1719 incidit.
1757 1685 1836 1717 Do-

1089 1745 1180 1768 mum
1193 1733 1311 1768 relatus
1333 1736 1417 1781 Maji
1435 1734 1638 1770 duodecimo
1657 1733 1768 1768 lethali
1784 1731 1836 1767 fe-

1087 1782 1310 1819 brelaborans
1328 1783 1488 1832 vigesimo
1506 1783 1651 1819 secundo
1664 1784 1835 1827 expiravit,

1088 1844 1175 1867 anno
1183 1843 1257 1867 ante
1269 1843 1383 1867 natum
1394 1833 1726 1873 Clirz'sstmffisecundum
1738 1829 1835 1878 Ushe-

1087 1885 1174 1919 rium,
1185 1880 1413 1917 trecentesimo
1426 1882 1583 1931 vigefimo
1597 1886 1709 1916 tertio.

1136 1931 1230 1966 Nihil
1252 1931 1304 1966 hic
1324 1943 1409 1979 opus
1426 1931 1489 1966 fuit
1507 1930 1576 1965 ullo
1596 1942 1726 1965 veneno
1743 1953 1753 1969 ,
1775 1926 1832 1962 etsi

1090 1982 1239 2016 auctores
1250 1984 1345 2017 multi
1355 1981 1557 2030 graves‚licet
1565 1990 1679 2014 contra
1688 1977 1831 2026 plurium

1091 2034 1125 2065 δε
1139 2032 1299 2079 gravitate
1311 2030 1484 2078 aequalium
1496 2029 1596 2064 fidem
1608 2053 1618 2066 ‚
1631 2029 1712 2062 hanc
1724 2028 1765 2061 de
1778 2040 1834 2062 ve-

1091 2092 1181 2114 neno
1200 2082 1421 2115 narrationem
1443 2079 1589 2113 afferant.
1627 2079 1746 2111 Novos
1767 2078 1835 2111 Ale-

1089 2131 1193 2165 xandri
1202 2130 1474 2176 mores‚inprimis
1486 2131 1520 2161 in
1532 2127 1834 2166 Parmenionemfflbi-

1088 2181 1179 2212 lotam
1201 2201 1210 2213 ‚
1228 2182 1263 2211 δε
1282 2180 1482 2212 Callisthenem
1503 2174 1731 2209 crudelitatem
1751 2174 1840 2208 mul..

1091 2225 1165 2259 tum
1179 2224 1423 2259 Macedonibus
1434 2222 1639 2272 displicuisse,
1653 2223 1837 2270 Antipatrum

1090 2272 1185 2308 valde
1200 2271 1395 2321 sibisuisque
1410 2285 1555 2308 metuere
1565 2270 1754 2320 coepisse,in
1771 2274 1838 2320 pri-

1091 2324 1152 2356 mis
1170 2333 1247 2357 cum
1266 2324 1436 2371 olympiadis
1446 2322 1585 2370 querelis
1601 2322 1757 2369 fatigatus
1771 2323 1839 2356 Rex

1092 2383 1167 2406 eum
1179 2370 1316 2407 vocasset
1335 2375 1368 2405 in
1379 2370 1487 2405 Asiam
1502 2396 1512 2412 ,
1532 2383 1607 2405 cum
1621 2383 1712 2405 novo
1726 2371 1842 2404 Mace-

1091 2421 1216 2455 donica:
1229 2422 1411 2466 juventutis
1426 2420 1657 2468 supplemento
1671 2444 1679 2460 ,
1700 2417 1839 2453 suffecto

1091 2471 1123 2503 in
1135 2468 1222 2503 suam
1237 2472 1442 2505 Macedoniae
1464 2474 1498 2505 δε
1518 2470 1652 2503 Graeciae
1666 2467 1842 2516 praefedtu-

1092 2531 1161 2552 ram
1172 2526 1309 2555 Cratero.
1345 2520 1538 2555 Parmenionis
1549 2518 1651 2551 caedes
1664 2516 1766 2550 oculis
1775 2514 1843 2550 fre-

1092 2579 1230 2614 quenter
1251 2568 1415 2604 obversari
1438 2583 1445 2601 ε
1472 2567 1735 2614 praevcrtcndum
1761 2577 1841 2614 ergo

1091 2627 1180 2651 ratus
1192 2616 1451 2664 praesentaneum
1465 2628 1625 2652 venenum
1640 2640 1650 2655 ,
1669 2626 1788 2661 aquam
1799 2616 1842 2649 de

1091 2664 1235 2711 quadam
1263 2665 1472 2700 Macedoniae
1504 2677 1596 2712 petra
1625 2663 1667 2697 ab
1697 2663 1841 2710 Aristotele

1092 2713 1302 2755 monstratam
1320 2740 1330 2756 ‚
1356 2728 1428 2762 quae
1446 2712 1567 2748 ferrum
1589 2717 1623 2749 δε
1643 2713 1703 2746 alia
1724 2715 1839 2746 omnia

1091 2763 1241 2798 erederet
1253 2776 1365 2810 praeter
1375 2763 1475 2798 'asinae
1488 2763 1639 2811 ungulam
1652 2787 1660 2799 ‚
1684 2761 1838 2806 Cassandro

1092 2811 1161 2845 filio
1172 2812 1270 2847 tradit
1281 2825 1356 2848 cum
1369 2813 1530 2847 mandatis
1539 2824 1578 2844 ne
1589 2812 1739 2855 cuiquam
1752 2822 1837 2844 con-

1093 2859 1161 2895 lilia
1174 2865 1448 2903 communicaret,
1463 2870 1674 2908 praeterquam
1687 2860 1758 2892 unis
1768 2858 1833 2893 fta-

1093 2908 1195 2945 tribus
1211 2911 1273 2944 suis
1290 2914 1358 2946 1011ae
1378 2915 1412 2945 ἅτ
1427 2911 1551 2955 Philippo
1572 2919 1607 2942 ac
1625 2909 1717 2942 Medio
1729 2905 1839 2943 Thes-

1095 2956 1175 2995 salo,
1804 2981 1835 2994 ,μ

1144 3009 1335 3052 Antequam
1369 3005 1523 3051 caffander
1558 3018 1595 3040 ex
1635 3005 1838 3042 Macedonia

1094 3053 1531 3104 proficisceretur,Alexander
1541 3055 1628 3091 abeo
1643 3055 1671 3089 se
1684 3067 1838 3091 necatum

1096 3104 1269 3139 somniavit
1281 3129 1290 3145 ,
1309 3105 1485 3151 primoque
1497 3104 1597 3138 visum
1608 3107 1746 3152 agnovit
1758 3130 1766 3146 ,
1785 3103 1840 3138 sed

1096 3154 1234 3191 vanitate
1252 3150 1463 3189 somniorum
1487 3153 1592 3201 spreta
1614 3179 1625 3195 ,
1650 3154 1838 3188 humaniter

1768 3199 1839 3236 satis

1849 1131 1942 1162 occidit,

1853 1928 1990 1968 Amhguae

1852 1975 1940 2000 veneni
1951 1971 1989 2002 ln?-

1844 2013 1929 2049 storia.

1858 3008 1983 3049 Suspeffiu

1859 3049 1991 3090 Caffander.
