2048 3343
467 69 535 101 ετ
591 61 1281 101 CnnoN0L0t21e1

214 139 312 176 nibus
322 149 374 172 ma
401 141 428 172 is
439 134 600 170 correctis
619 159 629 175 ,
655 134 777 183 quibus
797 135 911 168 Grotius
928 136 964 168 &

213 190 337 238 Ufferius
346 199 366 221 u
381 199 392 220 ι
406 185 477 220 sunt
488 211 497 226 ,
516 187 631 220 Cainan
644 183 660 219 ἃ
671 185 818 230 Theophila
838 181 898 217 fuit
910 195 961 216 ex-

211 237 365 286 ριιηᾶυς.
380 236 473 282 Qid
484 234 526 269 ad
539 238 753 285 Hieronymum,
766 233 863 278 quiin
873 243 961 277 quae-

211 285 379 324 monibus
398 284 442 319 ad
472 282 613 319 Genesin
632 307 641 320 ,
668 282 727 317 ubi
740 293 861 315 omnes
880 282 965 314 inter

209 335 394 371 Hebraeum
406 344 532 368 textum
547 336 580 367 &
592 344 637 366 Lx
648 344 683 366 x.
695 337 891 377 interpretes
902 328 966 364 ‹iif-

209 384 368 420 fetentias
380 381 527 419 accurate
549 380 578 414 se
595 380 766 415 observare
778 379 964 427 profitetur,

210 435 337 469 nullum
349 434 391 468 de
401 433 536 468 Cainane
547 429 684 464 verbum
698 428 788 471 facit,
799 428 842 463 fic
851 428 964 477 aperte

209 483 395 532 significans
408 507 415 520 ‚
436 492 506 514 non
527 482 632 529 magis
651 478 711 514 suis
723 479 821 528 quam
836 480 965 528 Africani

208 544 264 568 aut
275 533 421 579 Theophili
431 529 549 565 diebus
568 532 602 563 in
628 542 646 563 t
656 543 675 563 x
686 543 707 564 x
718 556 725 564 .
740 533 963 577 interpretum

208 580 450 630 exemplaribus
463 579 608 614 melioris
626 591 716 614 notae
736 581 964 624 Cainanemju-

210 634 337 667 niorem
350 630 487 677 usquam
499 628 730 677 comparuisse.
765 628 822 663 Ad
843 628 965 661 horum

210 680 337 717 nulium
348 683 529 727 quicquam
543 682 710 715 Waltonus
721 676 912 725 respondet.

262 728 431 764 Secundo.
464 728 576 768 Quod
597 730 637 763 de
658 728 768 774 Enftbio
781 724 886 761 asserit
898 737 966 760 cer-

213 791 284 815 tum
298 804 308 820 ,
327 775 580 814 videturfalsum
606 789 616 811 t
642 789 720 811 nam
738 775 796 810 ubi
814 777 964 810 locorum

213 831 369 864 meminit
380 828 506 876 Eusebius
518 830 658 862 cainanis
671 830 687 860 ?
712 826 821 870 Quod
832 827 966 860 sahanas

214 881 295 914 citat
315 879 356 914 de
379 878 576 924 primo'ejus
602 876 691 909 libro
712 874 966 909 Chronicorum

213 941 324 975 τερα..
348 925 437 961 reete
457 937 577 960 monet
596 926 718 971 Ufferius
736 923 965 960 librumistum

213 979 322 1023 Eusebii
341 974 402 1011 effe
421 973 702 1023 corruptiffimum
722 997 732 1012 ‚
759 976 794 1006 &
811 981 862 1004 tot
877 973 909 1003 in
921 982 964 1004 eo

214 1027 395 1062 assumenta
414 1037 452 1058 ex
469 1026 564 1058 variis
576 1020 772 1057 auetoribus
785 1020 967 1060 contineri,

214 1088 253 1111 ut
277 1075 356 1110 inde
380 1073 487 1117 Eusebii
510 1074 602 1106 mens
622 1082 691 1103 non
711 1069 834 1104 debeat
854 1070 966 1116 quaeri.

218 1124 322 1160 Certe
331 1133 399 1157 non
417 1132 499 1167 opus
518 1118 582 1153 fuit
597 1119 710 1166 Euftbio
721 1117 966 1167 expreffiusne-

213 1186 290 1222 gare
301 1174 462 1206 cainanem
477 1167 578 1216 quam
598 1166 677 1203 fecit
695 1169 729 1201 in
748 1171 895 1215 genuino
905 1165 966 1201 suo

213 1223 334 1268 scripto
346 1245 354 1257 ‚
366 1231 496 1254 canone
509 1217 631 1253 scilicet
645 1219 823 1253 Chronico
838 1219 968 1253 Graeco,

212 1269 271 1306 ubi
283 1266 382 1318 paulo
400 1269 475 1316 post
492 1268 624 1302 initium
651 1278 700 1302 ter
719 1268 809 1302 delet
829 1269 968 1313 cainam&

212 1330 283 1354 tam
302 1331 429 1352 nomen
447 1316 546 1365 quarn
567 1330 695 1358 annos,
716 1328 894 1351 numerans
910 1317 966 1350 de-

214 1382 288 1405 cem
312 1367 512 1402 Patriarchas
532 1371 567 1402 &
584 1379 702 1401 eornm
724 1379 831 1401 annos
859 1378 888 1399 1.
921 1365 967 1402 se·

212 1418 363 1454 cundum
380 1430 459 1452 ixx
469 1419 685 1464 .1nterpretes
696 1428 798 1464 puros
815 1428 853 1450 ex
866 1417 969 1463 Orige-

211 1471 253 1505 nis
263 1467 513 1515 Hexaplis‚tum
523 1466 706 1501 secundum
719 1468 888 1514 Africanum
901 1490 911 1505 ,
934 1468 969 1499 &

211 1533 245 1567 3,
260 1518 441 1554 secundum
450 1515 542 1551 suum
553 1515 858 1563 calculum,ubique
869 1526 970 1550 omne

211 1569 355 1603 cainam}
364 1567 539 1616 vestigium
558 1566 701 1601 deletur.

246 1616 361 1663 Qod
372 1617 411 1652 ad
424 1617 610 1664 Epiphaniam
620 1614 729 1651 haerefi
739 1615 966 1662 Melchisedecia-

215 1679 319 1702 norum
334 1677 388 1714 52.
401 1665 459 1700 ubi
468 1664 670 1701 patriarchas
683 1670 718 1701 &
732 1678 852 1701 eorum
863 1676 971 1699 annos

216 1716 370 1751 accurate
382 1724 556 1750 numerare
568 1714 692 1750 necess'e
704 1715 815 1756 habet,
826 1715 870 1749 ad
881 1726 966 1748 ever>

215 1766 316 1801 tenda
328 1765 553 1800 haereticorutn
566 1763 783 1799 fundamenta
801 1789 813 1805 ,
842 1765 970 1799 nullum

217 1814 262 1850 de
281 1816 420 1850 cainanis
437 1817 489 1849 vel
510 1815 650 1849 nomine
662 1816 712 1849 vel
725 1815 817 1849 annis
837 1813 882 1847 est
896 1825 972 1848 ver-

219 1863 314 1898 bum.
341 1867 375 1898 Si
388 1866 421 1897 iri
434 1865 571 1897 Panario
583 1889 592 1904 ,
610 1875 667 1898 aut
679 1862 781 1905 alibi,
792 1863 848 1898 ubi
860 1862 973 1898 obiter

217 1916 255 1947 &
274 1914 309 1945 in
335 1909 519 1949 transcursu
538 1927 576 1948 ex
602 1913 753 1950 editione
781 1914 971 1953 communi,

216 1973 291 1995 non
303 1961 354 1996 ill&
365 1960 493 2009 integra
504 1964 633 2010 origenis
652 1964 849 1997 meminerat
860 1965 972 1998 Caina-

215 2013 275 2052 nis,
293 2024 362 2045 non
383 2011 484 2046 debet
504 2010 567 2047 hoc
583 2012 729 2059 genuino
742 2016 812 2059 ejus
822 2011 966 2048 testimo

213 2062 273 2094 nio
285 2061 510 2108 praejudicare.

262 2112 380 2145 Tertia
404 2111 549 2146 VValtoni
561 2108 729 2157 responsio
740 2107 784 2144 est
801 2135 808 2147 ,
826 2108 973 2157 poffibile

212 2157 275 2195 effe
288 2160 426 2194 codices
440 2162 575 2195 Graecos
595 2160 701 2206 Enfhbii
715 2170 870 2207 ternpore
883 2171 971 2193 non-

210 2209 296 2245 nihil
305 2207 447 2247 varifiss'e,
458 2211 538 2244 &in
551 2206 748 2255 quibusdam
760 2212 901 2243 Cainanis
914 2220 972 2243 no—

209 2259 456 2294 meninsertum
466 2257 577 2299 essem]
587 2256 793 2305 quibusdam
805 2270 887 2292 non.
902 2259 973 2292 Re-

214 2310 304 2355 plica
318 2322 348 2345 1.
375 2310 456 2343 Haec
466 2309 524 2349 est,
543 2311 689 2345 VValtoni
701 2311 873 2342 revocatio
889 2307 975 2341 durae

216 2368 324 2403 nuper
342 2359 374 2390 in
395 2366 508 2395 Bezam
528 2357 688 2398 ccusurae,
707 2357 797 2404 quasi
811 2360 836 2392 is
850 2359 976 2405 primus

218 2408 252 2438 ἃ
265 2404 351 2438 solus
363 2406 455 2441 ausus
472 2405 580 2443 fuisset
598 2419 786 2455 expungere
800 2410 976 2441 Cainanem.

220 2455 271 2488 En
279 2456 348 2498 jam
362 2454 512 2500 agnoscit
530 2456 629 2502 ipsius
645 2458 747 2503 Eusebii
759 2455 876 2491 dicbus
888 2457 976 2491 varia

217 2505 418 2550 exemplaria
437 2504 673 2538 Graecamulto
694 2517 770 2540 anre
785 2517 900 2540 natum
922 2513 975 2540 Be-

219 2565 296 2587 zam
316 2554 448 2587 cainane
466 2551 598 2586 caruiss'e
618 2566 628 2592 ;
654 2552 882 2599 quidnietiam
894 2566 975 2587 con-

219 2599 390 2635 fcssionem
406 2602 494 2635 hanc
514 2603 771 2648 interpretemur
792 2600 977 2637 conceffio-

221 2663 300 2686 nem
313 2653 415 2685 totius
425 2651 641 2697 quaestionis?
661 2662 835 2697 nunquam
846 2652 978 2698 negavi-

224 2700 515 2746 musquaedam,&
528 2698 659 2734 fortasse
670 2702 773 2735 multa
783 2701 978 2748 exemplaria

226 2752 343 2784 Gra-ca
355 2761 423 2782 tam
435 2757 510 2784 Lucae
525 2749 624 2796 quam
645 2762 691 2783 Lx
704 2752 977 2797 x.1nterpretum

226 2810 380 2844 corrupta
413 2806 578 2833 Cainanem
605 2797 779 2845 expreffiffe
802 2824 813 2839 ‚
850 2798 978 2833 tantum

226 2846 464 2882 affirmavimus
474 2849 533 2882 alia
541 2848 740 2893 exemplaria
760 2847 907 2882 melioris
919 2861 980 2882 no·

228 2907 279 2933 ιε,
292 2900 419 2945 Origenis
431 2897 548 2932 scilicet
561 2920 570 2934 ,
591 2899 753 2945 Africam,
769 2899 856 2932 [renai
869 2922 878 2937 ,
890 2899 980 2932 Theo—

228 2947 309 2992 phili,
322 2948 427 2993 Eufizbii
447 2971 454 2984 ‚
481 2951 516 2982 &
534 2946 687 2982 similium
707 2944 980 2981 doctissimorum

232 2994 364 3030 Parrum
378 2996 418 3032 ab
429 2997 489 3032 hac
500 3000 714 3043 corruptione
726 2995 828 3033 libera
842 3023 853 3038 ,
868 2999 980 3032 Caina-

231 3055 297 3078 nem
315 3045 462 3082 omisisse.
497 3048 579 3082 Haec
597 3046 619 3081 si
640 3046 738 3082 Brtam'
759 3059 852 3081 mens
867 3047 905 3081 sit
920 3071 930 3087 ‚
946 3056 980 3079 ut

231 3095 301 3134 ejus
320 3091 369 3127 hic
378 3095 477 3129 verba
491 3109 555 3144 prae
565 3095 596 3132 se
609 3094 721 3133 ferunt
731 3122 742 3141 ‚
761 3094 858 3132 facile
873 3094 982 3132 coibit

230 3141 293 3176 hac
303 3154 339 3176 cx
350 3154 441 3189 parte
454 3158 526 3191 pax.

1343 62 1376 102 L
1398 74 1413 101 1
1434 73 1470 103 Β.
1499 63 1529 102 Ι.
1717 78 1771 112 29

1067 133 1204 180 Qarto
1222 134 1422 183 respondet,
1450 136 1568 172 diebus
1586 139 1687 186 rosZplii
1712 151 1768 173 va-

1017 181 1106 217 rifissc
1118 195 1150 216 in
1162 187 1307 218 numeris
1320 186 1452 221 codices
1466 187 1652 223 Hebraicos
1665 214 1675 231 ,
1695 200 1767 223 non

1017 234 1136 266 mirum
1148 232 1228 280 ergo
1242 233 1287 266 est
1297 235 1439 280 lofephirm
1448 260 1456 272 ‚
1470 239 1614 283 Berosum,
1626 241 1657 272 8<
1672 246 1766 285 Eupo-

1014 284 1152 318 temonem
1163 281 1180 316 -Ῐι
1197 296 1213 317 i.
1224 295 1244 317 x
1253 295 1289 317 x.
1301 284 1485 330 tiiirreparl‘e
1495 311 1505 326 ,
1521 285 1596 321 cum
1610 285 1768 322 &codici-

1015 331 1073 365 bus
1085 330 1307 378 Hebraeis‚qui
1320 343 1408 365 nunc
1419 331 1534 367 suntin
1545 336 1611 376 usu,
1621 337 1711 372 idem
1723 344 1772 372 Io-

1012 380 1104 426 lkpbru
1116 381 1285 428 discrepet.
1310 383 1452 429 Replica
1468 384 1554 418 1.Ea
1565 388 1628 419 mei
1641 387 1769 434 ingenii

1014 429 1187 464 hebetudo
1205 431 1250 464 est
1267 455 1278 471 ,
1306 442 1343 464 ut
1365 431 1580 468 VValtom'hoc
1591 446 1770 481 argumen-

1014 489 1084 513 tum
1106 491 1177 513 non
1199 481 1328 528 capiam
1342 505 1351 518 ,
1370 482 1494 516 varient
1510 494 1674 528 quantum
1687 484 1769 519 libet

1015 527 1151 563 Hebraei
1164 528 1298 564 codices
1310 528 1428 564 diebus
1441 531 1542 577 Iosephi
1563 556 1572 572 ‚
1598 531 1681 577 qnid
1701 532 1769 567 hoc

1015 577 1054 612 ad
1078 581 1289 626 Eupolemonem
1312 582 1346 614 &
1360 581 1512 626 Berofiam‚
1531 582 1587 628 qni
1602 581 1768 617 Hebraeos

1015 628 1150 663 codices
1160 640 1330 676 nunquam
1345 628 1499 664 viderunt
1515 655 1525 671 ‚
1551 628 1607 664 sed
1633 633 1770 665 Graecos

1016 676 1125 711 multo
1137 688 1213 711 ante
1225 678 1363 725 toftphum
1374 690 1490 713 natum
1504 680 1537 712 in
1549 679 1703 714 manibus
1713 682 1771 714 ha-

1017 725 1159 760 buerunt
1181 751 1192 767 ,
1218 728 1250 760 in
1271 728 1392 774 quibus
1405 728 1492 764 nulla
1506 731 1641 764 cainanis
1654 729 1773 765 umbra

1017 786 1086 810 turn
1100 775 1277 823 apparebat
1295 802 1306 817 ‚
1335 777 1357 810 si
1375 777 1450 826 ipsis
1465 777 1662 813 adhibeatur
1675 778 1767 814 fides.

1018 837 1047 859 2.
1061 826 1182 859 Falsum
1195 825 1241 859 est
1255 825 1412 860 Hebraeos
1424 828 1557 862 codices
1574 830 1768 863 innumeris

1017 886 1080 918 prae
1091 873 1243 908 manibus
1253 886 1401 921 unquam
1412 878 1550 916 varififfe,
1561 879 1683 912 nedum
1697 879 1770 912 die-

1016 921 1077 955 bus
1098 922 1212 969 losepbi,
1227 924 1367 968 quando
1379 925 1567 960 chaldaicae
1586 926 1771 974 paraphra-

1015 970 1060 1004 ses
1071 981 1140 1003 tam
1154 972 1442 1017 Ionathanis,quiim
1456 974 1584 1018 Onkclcfi
1594 1001 1601 1015 ,
1611 976 1768 1011 videntur

1015 1019 1208 1066 conscriptae
1220 1044 1231 1059 ,
1247 1031 1365 1054 omnes
1377 1023 1490 1055 exacte*
1509 1027 1715 1059 conveniunt
1734 1027 1769 1059 in

1015 1068 1080 1103 istis
1092 1068 1236 1103 numeris
1248 1081 1325 1103 cum
1343 1081 1436 1105 textu
1449 1071 1618 1105 Hebraico
1631 1073 1770 1109 hodier-

1016 1130 1062 1152 no
1085 1132 1093 1153 :
1120 1131 1230 1165 neque
1249 1116 1345 1153 facile
1365 1123 1400 1153 in
1415 1121 1560 1155 numeris
1573 1120 1691 1155 cadese
1701 1135 1770 1166 po-

1015 1170 1079 1202 tuit
1097 1167 1281 1203 Hebraicus
1301 1179 1408 1203 textus
1427 1171 1458 1204 in
1471 1172 1574 1204 varias
1592 1171 1770 1213 horiones,

1016 1229 1094 1251 nam
1107 1219 1237 1252 numeri
1247 1218 1280 1251 in
1290 1230 1332 1252 eo
1344 1230 1414 1252 uon
1431 1217 1616 1255 scribuntur
1636 1233 1692 1266 per
1706 1219 1773 1254 fin·-

1017 1266 1109 1316 gulas
1127 1267 1238 1302 literas
1256 1278 1313 1302 aut
1331 1279 1430 1303 notas
1457 1280 1674 1304 numerorum
1697 1294 1708 1308 ,
1733 1281 1771 1304 ut

1017 1316 1105 1363 apud
1117 1318 1253 1351 Graecos
1262 1321 1294 1352 &
1307 1318 1457 1355 Latinos,
1468 1318 1661 1366 sedintcgris
1673 1332 1774 1354 voca-

1019 1365 1117 1406 bulis,
1126 1364 1213 1401 certe
1224 1370 1254 1400 in
1266 1368 1378 1402 Bibliis
1390 1370 1602 1416 Graecis‚quae
1613 1381 1772 1403 numeros

1018 1427 1136 1450 ornnes
1145 1417 1242 1450 meris
1251 1417 1353 1451 literis
1365 1421 1565 1465 exprimunt,
1577 1429 1611 1452 ut
1623 1417 1715 1458 alibi,
1728 1421 1773 1453 ita

1019 1468 1054 1499 in
1066 1477 1136 1500 uno
1148 1466 1262 1500 nostro
1274 1469 1500 1514 capiteGen.1
1510 1481 1533 1503 1.
1554 1470 1659 1515 paucis
1672 1468 1774 1502 verfi-

1021 1516 1082 1549 bus
1095 1515 1238 1549 tantaest
1250 1517 1282 1549 in
1299 1520 1444 1552 numeris
1462 1519 1598 1553 varietas
1615 1543 1624 1556 ‚
1646 1516 1775 1553 ‚discre-

1021 1567 1146 1612 pantia,
1158 1567 1192 1598 δε
1202 1568 1432 1608 contrarietas,
1446 1578 1547 1616 prout
1558 1567 1643 1603 vidit
1654 1570 1775 1611 procul

1023 1613 1127 1649 dubio
1149 1619 1174 1651 V
1179 1617 1312 1651 Valtomu
1331 1616 1364 1650 in
1385 1619 1518 1652 Ludovici
1539 1619 1648 1664 capelli
1662 1618 1688 1650 C
1694 1617 1776 1651 hro-

1021 1664 1151 1712 nologifi
1159 1676 1265 1712 pag-7·
1284 1675 1321 1698 ut
1332 1664 1420 1700 nulla
1430 1677 1496 1700 arte
1509 1668 1558 1701 vel
1571 1665 1776 1705 diffiinulari‘,

1023 1714 1286 1749 velreconciliari
1300 1713 1405 1760 poffit.
1442 1729 1474 1762 3.
1492 1715 1575 1749 Non
1589 1714 1639 1749 hie
1658 1713 1777 1757 discre-

1024 1775 1078 1812 pat
1089 1764 1212 1811 Iosephm
1223 1762 1264 1796 ab
1278 1762 1440 1799 hodierno
1456 1775 1546 1801 textu
1559 1764 1730 1800 Hebraico
1742 1768 1775 1800 in

1022 1813 1197 1862 quaestione
1216 1825 1280 1858 prae
1304 1813 1457 1848 manibus
1475 1840 1483 1852 ,
1510 1826 1587 1848 nam
1606 1814 1777 1858 juniorem

1021 1866 1183 1898 cainanem
1198 1862 1310 1896 clariffi
1318 1862 1370 1897 me
1380 1864 1538 1911 expungit
1549 1887 1558 1900 ,
1568 1863 1664 1910 quod
1673 1876 1778 1898 unuin

1022 1915 1054 1946 in
1065 1911 1230 1960 praesenria
1241 1912 1409 1958 quaeritur.

1070 1960 1184 2008 Qod
1206 1972 1321 1995 contra
1338 1969 1419 1996 Bezae,
1437 1961 1688 1999 vetustiffimnm
1709 1976 1779 1998 ma-

1024 2010 1224 2059 nuscriptum
1238 2009 1291 2044 hic
1302 2009 1397 2045 affert
1409 2033 1419 2048 ‚
1437 2011 1479 2045 de
1493 2024 1535 2044 eo
1555 2015 1637 2048 nihil
1658 2013 1777 2048 addam

1021 2059 1295 2108 prioribus‚quod
1307 2072 1405 2107 negat
1417 2060 1503 2095 aliud
1516 2061 1779 2109 manuscriptum

1023 2111 1040 2144 a
1060 2110 1187 2144 Grotio
1207 2121 1433 2144 memoratum
1459 2122 1569 2146 extare
1588 2114 1622 2145 in
1645 2112 1781 2159 lingua„

1024 2171 1139 2208 parum
1158 2160 1204 2193 est
1224 2159 1266 2194 ad
1279 2171 1347 2195 rem
1368 2184 1379 2199 ‚
1411 2157 1486 2193 cum
1502 2172 1605 2208 nuper
1617 2159 1711 2194 faffus
1724 2158 1777 2200 fir,

1024 2213 1118 2256 quod
1129 2211 1161 2242 in
1174 2208 1289 2243 seluce
1301 2208 1417 2242 clarius
1430 2209 1482 2245 est,
1497 2213 1583 2245 vatia
1592 2211 1687 2245 etiam
1697 2212 1781 2257 Eufi’-

1024 2260 1063 2293 bii
1081 2258 1199 2292 diebus
1214 2255 1306 2293 fuiffe
1329 2257 1548 2306 manuscripta
1571 2284 1580 2300 ,
1604 2262 1635 2293 in
1656 2259 1779 2306 quibus

1025 2310 1116 2343 nulla
1126 2307 1168 2342 de
1180 2309 1312 2344 cainane
1321 2309 1453 2353 juniore
1464 2308 1516 2344 vel
1529 2310 1604 2345 vola
1620 2320 1689 2343 erat
1700 2331 1710 2345 ‚
1725 2306 1778 2344 vel

1023 2358 1207 2406 vestigium.

1074 2407 1135 2441 Ista
1161 2405 1331 2454 respondit
1359 2409 1458 2442 Grotio
1484 2431 1495 2448 ,
1520 2408 1627 2451 Ufferio
1653 2417 1780 2445 autem,

1023 2469 1125 2504 quem
1137 2467 1236 2492 vocat
1254 2458 1358 2491 virum
1370 2458 1483 2503 magni
1496 2456 1643 2490 nominis
1656 2481 1665 2495 ‚
1688 2458 1780 2498 cujus

1024 2506 1237 2552 posthumum
1255 2506 1296 2540 de
1311 2505 1378 2541 hoc
1391 2505 1778 2553 argumentotratstatum

1024 2554 1167 2588 habebat
1187 2557 1220 2587 in
1241 2554 1417 2593 manibus,
1430 2552 1513 2589 nihil
1531 2553 1620 2586 aliud
1635 2554 1780 2600 opponit

1026 2601 1125 2648 quam
1139 2600 1387 2647 responsionem
1409 2625 1420 2641 ‚
1449 2601 1491 2635 ad
1506 2613 1608 2635 unum
1621 2604 1690 2645 ejus
1708 2626 1717 2641 ,
1744 2613 1780 2636 ut

1027 2662 1138 2685 vocat,
1149 2650 1308 2697 effugium
1321 2675 1329 2687 ‚
1340 2649 1577 2697 Euangelistam
1591 2650 1711 2686 scilicet
1723 2658 1783 2685 Lu-

1027 2702 1137 2736 camin
1149 2699 1345 2748 genealogia
1356 2702 1467 2734 clariss&
1478 2712 1601 2747 ponere
1618 2702 1780 2736 Cainanem

1029 2761 1098 2785 non
1110 2761 1147 2784 ex
1159 2747 1224 2791 sua,
1240 2747 1292 2784 scd
1303 2749 1391 2797 vulgi
1402 2748 1572 2787 sementia,
1583 2761 1651 2783 non
1663 2748 1782 2783 sccun-

1029 2800 1108 2834 dum
1122 2800 1165 2831 rei
1174 2797 1273 2845 ipfius
1286 2798 1532 2839 veritatem‚ied
1543 2800 1617 2845 quia
1627 2798 1782 2833 Christia-

1030 2849 1064 2883 ni
1084 2847 1272 2883 Hellenistae
1289 2850 1334 2882 ita
1354 2848 1443 2896 apud
1470 2861 1545 2881 ixx
1581 2851 1781 2894 Inter-pieres

1030 2895 1197 2945 legebant,
1207 2897 1399 2932 sententiam
1415 2897 1497 2931 hanc
1509 2899 1654 2931 utlatam
1667 2899 1782 2931 omni-

1032 2948 1091 2982 bus
1101 2947 1265 2982 erroribus
1277 2947 1590 2987 fenestram,mu1tis
1604 2947 1712 2980 verbis
1724 2959 1782 2981 ex-

1031 2996 1153 3043 plodit,
1164 3000 1199 3031 &
1211 2997 1343 3032 tandem
1359 2998 1487 3032 Barbam
1503 2997 1609 3031 verbis
1623 2996 1784 3031 confodit.

1034 3046 1184 3094 Replica.
1202 3047 1344 3095 Appello
1354 3046 1404 3080 hic
1416 3049 1514 3081 Briam‘
1531 3048 1786 3092 ingenuitatem,

1032 3108 1159 3129 ancum
1179 3097 1282 3144 Ufferio
1296 3098 1404 3129 amico
1417 3094 1476 3129 suo
1487 3094 1635 3143 singulari
1659 3100 1692 3130 &
1714 3107 1785 3128 viro

1033 3145 1166 3181 summo
1179 3157 1255 3195 agat
1267 3157 1337 3194 quo
1355 3145 1467 3179 decuit
1479 3146 1635 3182 candore.
1661 3146 1781 3193 Uffeuius

1360 3196 1392 3229 D
1419 3209 1436 3241 3
1705 3205 1782 3242 11³³ss-
