2048 3343
1669 60 1737 99 Fol.
1751 74 1765 98 x

529 126 911 181 'LIBER
1003 125 1415 179 PRIMUS

223 235 1020 410 τἘΜΡέῗ

1079 324 1768 417 RIBUS

386 461 494 524 Ab
511 461 685 523 Orbe
702 460 1261 597 condigzcodaglnatum
1274 459 1600 536 Christum,

332 659 1658 730 CHRONOLOGICIS

742 779 927 830 Veteris
944 778 1250 829 Testamenti.

390 916 675 954 ,ΟΛΡιιτ
731 917 756 949 1.

279 1021 334 1053 De
347 1025 383 1051 re
389 1009 449 1050 bus
455 1010 588 1102 gefjbka'
599 1011 782 1049 creatione
792 1009 840 1049 ad
846 1010 916 1048 Di-

526 1078 666 1105 avlam·

70 1178 207 1219 Qnfflm
416 1172 435 1191 4
459 1162 557 1210 Egius
573 1161 694 1197 Psaltes
710 1159 841 1197 Psalmo
856 1161 978 1196 octavo

71 1219 139 1246 bomo
163 1217 195 1245 ad
233 1243 236 1255 ,
257 1256 261 1260 Α
435 1226 442 1267 3
459 1210 548 1247 versu
562 1223 692 1259 quarto,
705 1223 856 1259 reputans
866 1211 977 1246 animo

68 1261 158 1288 Deum.
233 1280 235 1287 ,
300 1278 335 1306 3.
423 1265 441 1300 3
459 1273 603 1297 naturam
618 1261 798 1297 Coelorum
810 1261 978 1298 exclamat,
1001 1268 1003 1289 ¹

297 1334 328 1355 0
373 1329 379 1334 ·
429 1325 439 1351 ἰ
460 1312 550 1360 Qid
571 1313 608 1358 ‹st
626 1309 709 1346 homo
734 1311 811 1360 quod
828 1324 936 1345 memor
951 1324 980 1344 es
1002 1324 1003 1334 ¹

432 1369 437 1372 “
458 1366 519 1407 ejus
530 1387 540 1402 ‚
563 1372 613 1395 aut
620 1361 705 1406 filim
715 1359 834 1396 hominis
846 1360 922 1409 quod
929 1363 981 1395 vi·-
1002 1383 1003 1392 i

211 1416 284 1457 sttes
294 1426 370 1449 eum.
408 1413 517 1446 Totus
532 1412 620 1447 orbis
633 1423 788 1446 terrarum
807 1410 844 1445 ad
855 1411 978 1445 coelum
1002 1424 1003 1432 ¹

223 1461 417 1498 stelliferum
432 1487 442 1502 ‚
462 1474 530 1495 non
544 1465 612 1508 jam
627 1463 772 1508 primum
785 1459 911 1495 mobile
923 1470 979 1494 aut

220 1513 429 1559 Empyraeum
441 1510 646 1559 compositus
660 1521 748 1555 gram
762 1511 894 1546 minutae
905 1522 978 1544 mo-

221 1563 261 1596 lis
278 1563 322 1595 est
333 1585 341 1597 ‚
355 1572 389 1595 ut
402 1563 454 1595 vix
468 1562 578 1607 punisti
590 1561 751 1595 rationem
764 1558 882 1594 habeat
911 1572 919 1592 :
945 1561 979 1593 &

222 1622 335 1645 tamen
350 1611 472 1644 coelum
484 1610 589 1657 ipsum
602 1611 776 1645 Coelorurn
790 1634 800 1650 ,
816 1606 980 1656 capaciss-

224 1673 279 1694 ma
297 1660 468 1694 beatorum
486 1659 571 1695 sedes
593 1685 603 1701 ‚
632 1659 787 1695 excedens
814 1660 979 1693 astrorum

226 1709 388 1757 Spliaeram
403 1710 558 1744 mensuris
576 1708 818 1756 propemodum
833 1707 981 1748 infinitis,

229 1769 455 1806 comparatum
477 1759 514 1793 ad
534 1756 791 1792 immensitatem
821 1758 981 1798 numinis,

228 1806 246 1842 a
273 1807 490 1842 minutiffimo
515 1806 832 1842 Mathematicorum
857 1807 980 1854 puncto

227 1855 412 1904 longiffime*
423 1856 537 1891 distat.
578 1856 684 1899 Quod
710 1856 749 1891 de
771 1856 924 1905 gentibus
942 1856 982 1891 ad

228 1906 342 1939 Deum
355 1904 482 1940 collatis
493 1904 613 1952 1s46.1
622 1917 654 1948 7.
665 1905 854 1954 legimus,id
865 1905 903 1941 de
914 1905 983 1941 tota

228 1954 347 1989 mundi
364 1954 536 1996 machina,
553 1955 593 1989 de
611 1957 762 1991 creaturis
779 1955 981 1990 omnibusin

231 2015 338 2038 unum
365 2003 511 2039 collectis
537 2003 736 2040 verissimum
763 2005 807 2039 cst
819 2030 826 2039 .
867 2008 980 2040 Omnes

224 2063 331 2105 gemes
342 2055 418 2101 quasi
424 2068 482 2088 non
491 2055 548 2096 fint
567 2078 576 2093 ‚
595 2055 711 2102 ficfimt
728 2067 820 2088 coram
834 2056 902 2088 Deo
914 2079 924 2094 ,
943 2053 981 2089 (9⁹⁶

232 2105 312 2150 quast
318 2100 439 2137 nihilum
459 2117 492 2137 ac
499 2103 585 2138 inane
597 2106 798 2151 reputataefimt
809 2103 835 2138 ei
844 2132 851 2139 .
885 2103 983 2150 Qid

233 2164 312 2198 ergo
323 2151 362 2187 de
371 2151 506 2188 homine
518 2151 574 2187 fiat
584 2177 593 2192 ,
606 2156 698 2198 cujus
706 2154 744 2188 ad
754 2152 852 2200 ipsam
867 2163 983 2188 terram

232 2201 353 2237 nedum
368 2204 489 2238 coelum
502 2227 512 2244 ‚
530 2204 659 2237 tantula
671 2202 715 2237 cst
728 2203 921 2250 proportio?
948 2204 984 2237 si

230 2250 271 2284 ad
290 2252 401 2287 Deum
421 2264 600 2299 componas
615 2280 624 2292 ‚
648 2251 747 2299 quam
760 2249 918 2286 immensa
931 2252 987 2287 di-

232 2298 359 2338 stantia,
369 2301 454 2337 infra
465 2303 622 2350 punfium
631 2327 642 2344 ‚
656 2301 743 2337 infra
754 2302 894 2337 nihilum
910 2300 987 2336 sub-

234 2347 310 2382 sidat
323 2350 441 2386 necesse
451 2351 519 2387 est?

287 2399 444 2435 Hominis
468 2412 722 2448 caeterarumque
754 2402 984 2436 Creaturarum

237 2446 366 2481 duratio
385 2452 420 2482 &
437 2459 568 2496 tempus
587 2462 697 2485 earum
713 2451 932 2497 magnitudini
950 2454 985 2485 δε

238 2497 323 2530 moli
344 2495 506 2531 fimillima
522 2499 605 2533 sunt-
630 2498 700 2543 Ipso
719 2500 843 2542 Moysis
862 2499 986 2540 seculo,

240 2556 276 2580 ut
293 2546 522 2593 nonagesimus
543 2546 687 2580 Psalmus
700 2546 798 2581 habet
809 2571 818 2582 ‚
832 2549 988 2582 ordinarii

240 2595 386 2630 humanae
400 2599 470 2630 vitae
483 2594 683 2630 vivaciffimrc
693 2596 845 2635 cancelli,
856 2609 990 2644 perpau-

241 2646 287 2678 cis
322 2658 484 2679 annorum
519 2644 694 2679 decadibus
727 2645 990 2679 continebantur.

239 2693 339 2728 Versu
363 2695 494 2728 decimo
506 2718 516 2733 ‚
537 2695 618 2728 ‘Dies
630 2707 772 2728 annornm
784 2694 992 2742 nostrorumst-

233 2743 388 2792 ptuaginta
403 2745 471 2778 anm
490 2768 500 2783 ‚
509 2746 643 2785 stantem
655 2743 788 2778 inrobore
805 2768 815 2781 ‚
835 2745 908 2779 anni
918 2746 989 2778 0520-

232 2804 327 2838 ginta.

284 2843 405 2877 Totius
427 2841 542 2877 mundi
561 2840 706 2876 adhunc
723 2840 821 2889 usque
830 2841 915 2876 diem
926 2841 986 2876 du-

236 2891 318 2924 ratio
329 2894 503 2941 quinquies
513 2893 602 2926 mille
612 2890 773 2926 sexcentos
786 2904 890 2925 annos
901 2905 987 2926 non-

237 2938 314 2973 dum
329 2943 457 2989 attigit‚·
486 2943 551 2977 hoc
563 2942 619 2981 est,
630 2944 722 2976 unius
734 2943 810 2975 anni
822 2942 985 2976 Platonici

236 2987 290 3020 vix
300 2992 450 3026 octavam
461 3003 598 3039 partem.
620 2991 915 3037 Qcmadmodum
926 2992 984 3026 dc-

239 3036 322 3088 cima
331 3040 456 3086 Sphaera
468 3042 568 3077 diem,
578 3041 694 3075 orbem
707 3054 774 3088 quo
785 3044 882 3075 Luna:
892 3053 984 3076 rnen-

235 3087 316 3124 sCffl,
326 3099 361 3121 ac
373 3091 451 3124 Solis
462 3103 581 3126 annum
593 3092 793 3125 ordinarium
805 3091 865 3125 suis
880 3093 982 3125 moti-

80 2404 197 2444 Qntil-

81 2446 128 2472 lum
136 2453 197 2471 rem-

76 2493 124 2524 pus
131 2485 164 2512 ad
171 2496 198 2513 αε-

81 2535 182 2554 tem-‹ta-

82 2575 137 2597 um.

1022 914 1177 950 absoluto
1195 915 1303 951 redire
1317 917 1468 952 dicuntur
1478 931 1596 955 omnes
1609 919 1775 956 coelorum

1023 963 1123 998 orbes
1135 976 1173 999 ac
1183 963 1280 1000 stellae
1291 965 1332 999 ad
1343 979 1376 999 ea
1386 966 1536 1013 ipsissima
1548 971 1665 1014 punffita
1678 993 1688 1006 ‚
1703 968 1775 1003 eos-

1023 1012 1166 1061 demque
1184 1013 1315 1060 praecise
1336 1013 1410 1050 fitus
1428 1039 1438 1056 ,
1472 1017 1508 1050 in
1526 1016 1644 1063 quibus
1664 1019 1775 1064 primo

1024 1065 1202 1098 creationis
1212 1062 1275 1099 suae
1286 1074 1460 1099 momento
1471 1067 1671 1106 extiterunt,
1683 1078 1778 1101 com-

1023 1112 1115 1160 pletzi
1132 1110 1230 1148 semel
1249 1112 1301 1147 suzi
1313 1115 1519 1150 revolutione
1535 1126 1695 1162 magnum
1706 1113 1780 1150 Pla-

1024 1163 1115 1197 tonis
1132 1175 1256 1198 annum
1274 1162 1414 1199 conficit
1441 1188 1452 1205 ‚
1487 1165 1543 1213 qui
1563 1164 1781 1212 quadraginta.

1026 1212 1105 1246 ceto
1124 1212 1228 1247 millia
1247 1225 1409 1248 annorum
1426 1215 1609 1262 vulgarium
1632 1214 1782 1261 comple-

1023 1261 1135 1296 ctitur.
1145 1262 1248 1297 Hunc
1260 1262 1337 1298 vero
1352 1275 1514 1305 annorum
1527 1263 1723 1304 maximum,
1738 1261 1782 1298 li-

1023 1322 1077 1345 cet
1109 1312 1308 1360 multiplices
1341 1312 1382 1347 ad
1416 1325 1590 1348 numerum
1614 1311 1780 1347 stellarum
1802 1309 1806 1312 ’

1027 1360 1118 1394 Coeli
1135 1371 1188 1395 aut
1210 1373 1379 1397 arenarum
1400 1364 1497 1398 maris
1517 1388 1526 1401 ‚
1551 1361 1691 1399 velfivis
1704 1375 1784 1398 cum

1026 1407 1342 1446 Mathematicorum
1354 1411 1569 1447 curiofiffimo
1580 1437 1590 1453 ,
1605 1410 1644 1446 ad
1662 1424 1783 1447 nume-

1025 1471 1099 1493 rum
1112 1470 1166 1494 tot
1177 1462 1379 1497 arenularum
1392 1472 1477 1510 quot
1493 1461 1583 1497 Coeli
1597 1473 1784 1497 concavum

1026 1507 1066 1543 ad
1093 1520 1181 1544 terrae
1200 1508 1302 1558 usque
1331 1510 1537 1560 superficiem
1555 1513 1784 1559 complerent;

1025 1557 1094 1592 haec
1110 1558 1283 1605 (inquam)
1297 1559 1507 1597 durationum
1525 1587 1536 1603 ‚
1557 1574 1628 1610 quae
1640 1561 1787 1608 supponi

1024 1605 1119 1653 facile
1132 1608 1282 1655 poliunt,
1302 1612 1447 1644 maxima
1467 1634 1477 1650 ‚
1503 1613 1540 1646 ad
1551 1623 1704 1647 aeternam
1722 1611 1786 1646 Dei

1026 1658 1289 1705 permanentiam
1310 1659 1492 1707 composita
1511 1684 1522 1701 ,
1539 1662 1573 1694 in
1593 1661 1689 1694 unius
1708 1671 1787 1693 mo-

1029 1708 1136 1742 menti
1156 1705 1287 1742 censum
1311 1721 1383 1743 non
1400 1710 1500 1743 venit.
1539 1708 1628 1742 Nam
1639 1707 1729 1755 quod
1740 1707 1785 1742 de

1028 1757 1116 1792 mille
1127 1758 1219 1792 annis
1231 1756 1374 1801 Moyses,
1383 1758 1422 1792 de
1432 1758 1589 1806 temporis
1601 1767 1785 1804 quantum-

1026 1805 1109 1842 libet
1134 1808 1248 1853 magni
1267 1806 1306 1840 ad
1331 1809 1543 1842 aeternitatem
1566 1805 1785 1854 proportione

1026 1858 1138 1892 locum
1150 1855 1248 1890 habet
1259 1854 1376 1890 Psalm,
1387 1868 1442 1898 90.
1455 1856 1537 1891 vers.
1547 1869 1580 1901 4.
1609 1854 1704 1890 lele
1714 1855 1785 1891 anm·

1027 1916 1093 1939 ame
1103 1904 1197 1939 oculos
1206 1916 1282 1945 tuos,
1293 1915 1430 1954 tanquam
1440 1905 1500 1940 dies
1510 1902 1643 1940 hesterna
1653 1917 1788 1953 qttaeprae-

1025 1955 1114 1992 terit,
1141 1954 1180 1990 ά*
1197 1954 1317 2003 custodia
1332 1955 1364 1991 in
1374 1956 1451 1990 noHe
1461 1980 1472 1994 ,
1492 1969 1548 2005 quae
1557 1967 1609 2004 pro
1629 1953 1721 1990 nihilo
1731 1953 1785 1989 ha-

1027 2002 1140 2039 hentur.

1079 2053 1139 2088 Ista
1156 2053 1250 2088 initio
1261 2065 1416 2090 annotare
1426 2054 1528 2091 visum
1540 2053 1595 2094 est,
1606 2065 1643 2090 ut
1654 2056 1784 2090 animos
1802 2057 1900 2096 Epocha

1030 2101 1184 2138 adderem
1220 2104 1402 2150 ingressuris
1431 2116 1590 2153 magnum
1623 2105 1784 2151 temporis
1799 2102 1879 2147 prima
1894 2108 1930 2130 0·

1032 2165 1130 2187 marc.
1161 2153 1395 2199 Qantumvis-
1403 2155 1520 2202 ingens
1537 2157 1570 2188 δέ
1586 2154 1710 2190 vastum
1728 2167 1785 2202 ap·
1801 2151 1912 2208 ὙΨΜΪ

1032 2213 1142 2250 pareat
1157 2212 1362 2250 temporum,
1380 2216 1449 2253 quae
1469 2203 1508 2238 ab
1520 2203 1654 2239 exordio
1671 2203 1786 2238 mundi
1798 2193 1932 2261 {iamsti-

1033 2255 1067 2286 in
1078 2252 1164 2287 hunc
1172 2252 1259 2287 diem
1272 2252 1405 2294 fluxere,
1419 2252 1558 2301 spatium
1570 2269 1579 2295 3
1589 2251 1664 2288 cum
1674 2264 1786 2288 tamen
1800 2264 1938 2302 ptorumse-

1034 2303 1132 2336 unius
1147 2303 1226 2336 anni
1237 2301 1463 2351 Philosophici
1474 2304 1622 2337 οᾶαναιῃ
1636 2327 1646 2344 ,
1661 2306 1695 2338 δε
1707 2304 1788 2337 divi·
1805 2315 1831 2333 re
1845 2314 1935 2333 vacua.

1035 2364 1083 2386 nae
1100 2352 1281 2388 durationis
1300 2354 1473 2388 minimam
1494 2363 1619 2400 partem
1645 2350 1789 2387 omnino

1035 2414 1105 2435 non
1130 2399 1312 2448 assequatur
1329 2429 1338 2442 ‚
1364 2404 1533 2437 neminem
1555 2401 1727 2436 cordatum
1749 2400 1792 2434 ab

1035 2451 1132 2485 alacri
1161 2451 1204 2485 sui
1231 2454 1456 2500 peragratione
1481 2451 1639 2486 deterrere
1664 2450 1760 2484 debet
1781 2462 1790 2483 z

1036 2499 1144 2546 coque
1163 2500 1271 2535 minus
1282 2525 1291 2540 ‚
1309 2501 1399 2547 quod
1418 2502 1520 2548 prima
1533 2501 1599 2534 liaec
1612 2512 1671 2544 prae
1683 2499 1792 2532 mani-

1036 2548 1097 2581 bus
1117 2549 1251 2595 Epoclia
1270 2548 1286 2582 εὶ
1302 2549 1415 2582 mundi
1436 2548 1576 2581 conditu
1594 2548 1631 2580 ad
1652 2545 1792 2581 everfio-

1036 2608 1110 2630 nem
1124 2598 1267 2642 priorem
1278 2621 1285 2633 ,
1306 2598 1399 2630 annis
1417 2597 1507 2630 mille
1518 2596 1678 2630 sexcentis
1689 2597 1792 2642 quiu—

1035 2649 1192 2692 quaginta
1203 2645 1254 2678 sex
1268 2656 1380 2691 praeter
1391 2656 1525 2691 propter
1535 2645 1700 2683 constans,
1711 2658 1789 2691 por-

1036 2697 1127 2729 tione
1141 2695 1253 2738 majori
1266 2693 1362 2742 quam
1383 2694 1398 2727 a
1415 2705 1493 2729 nato
1508 2696 1658 2729 Domino
1670 2707 1788 2729 nume-

1034 2748 1184 2780 ramus&
1197 2755 1371 2792 tanta‚quae
1382 2742 1447 2778 fere
1458 2747 1585 2778 tertiam
1598 2743 1715 2778 habeat
1726 2755 1786 2778 to-

1034 2794 1098 2826 tius
1110 2793 1241 2827 summae
1251 2817 1261 2829 ,
1278 2796 1452 2841 quinquies
1465 2793 1551 2828 mille
1562 2792 1781 2828 sexcentorum

1032 2855 1299 2890 annorum‚quos
1312 2845 1476 2891 integrum
1486 2844 1637 2879 omnium
1648 2853 1783 2888 tempo-

1031 2905 1102 2926 rum
1122 2905 1240 2938 corpus
1269 2893 1421 2927 nondum
1446 2892 1620 2940 adaequavit
1655 2905 1663 2925 :
1698 2893 1781 2925 Haec

1032 2944 1203 2989 (inquam)
1224 2943 1359 2989 Epocha
1371 2953 1435 2976 tam
1456 2953 1555 2987 pauca
1568 2941 1779 2976 memoranda

1031 2993 1198 3026 contineat
1213 3015 1222 3030 ,
1238 3004 1340 3038 caque
1352 3005 1421 3026 non
1434 2992 1490 3025 alia
1501 3004 1600 3039 quam
1611 3003 1680 3038 qua:
1692 2991 1780 3037 prio-

1031 3041 1118 3075 ribus
1139 3040 1307 3076 Genescos
1329 3041 1455 3088 aliquot
1474 3041 1633 3088 capitibus
1644 3039 1779 3074 tradun-

1031 3102 1081 3125 tur
1092 3116 1102 3131 ‚
1123 3092 1157 3124 in
1178 3102 1244 3125 tam
1258 3093 1325 3125 alto
1338 3091 1527 3125 secularium
1540 3092 1691 3124 omnium
1705 3087 1781 3123 scri·

237 3132 296 3169 bus
306 3133 466 3181 efficiunt3
479 3143 522 3177 ita
533 3152 621 3177 nona
632 3141 772 3189 Sphaera,
784 3145 876 3189 cujus
887 3152 982 3178 motu
1024 3151 1155 3188 ptorurn
1167 3141 1341 3183 silentio,ut
1352 3140 1368 3174 31
1380 3137 1491 3176 multis
1501 3150 1701 3188 nuncupetur
1713 3140 1783 3173 ina-

1343 3191 1374 3225 A
1742 3199 1785 3223 nc
