2048 3343
49 1857 121 1893 Confi
123 1867 136 1884 r
142 1874 148 1878 -

51 1907 150 1925 mantur

51 1939 175 1974 Buxtorfii

50 1990 178 2018 argumen-

48 2028 76 2048 ta
83 2031 167 2048 com-ra

50 2063 80 2090 V
77 2065 106 2090 V
103 2063 179 2089 altoni

50 2105 156 2141 exceptio
162 2121 170 2126 -

52 2153 102 2170 nex.

50 2186 172 2214 Primum.

470 110 498 140 E⁴
512 115 536 141 T

208 180 333 214 eleazar
343 202 352 218 ,
369 176 424 225 qui
434 177 475 212 ad
487 189 680 225 argumenta
694 177 803 212 Rabbi
813 177 899 223 loshae
909 188 959 209 re-

206 226 369 275 spondent
383 253 393 268 ,
419 231 452 262 &
474 227 560 261 certe
570 240 609 261 ea
619 237 809 274 argumenta
822 225 892 259 sunt
906 237 961 258 va-

207 275 334 310 nislima
347 301 358 317 ‚
379 287 415 310 iit
426 277 479 312 illa
491 277 651 322 Btmtmfius
661 288 697 310 ex
709 275 868 308 Talmude
881 274 961 307 reci-

207 338 267 366 tat3
279 337 447 371 utcunque
461 350 469 361 ‚
497 324 644 359 Talmud
656 324 756 366 rejicit
768 320 961 357 sententiam

210 373 327 409 Rabbi
340 376 438 420 Ioshae,
449 377 482 408 &
494 373 693 407 determinat
705 371 884 407 secundum
896 375 963 415 ejus

211 422 481 464 adversarios,eo
491 422 584 469 quod
594 422 625 456 hi
638 425 747 469 plures
759 420 871 461 essent,
882 424 964 456 Tal-

213 472 324 507 mudis
334 483 444 505 autem
457 473 565 520 regula
579 476 612 506 &
625 471 835 506 consuetudo
849 472 893 505 est
910 472 965 505 de-

214 522 391 557 terminare
402 520 578 556 secundum
592 522 781 555 Doftorum
795 520 965 569 pluralita-

217 572 449 618 tem‚inprimis
462 572 613 605 hocloco
625 571 682 605 ubi
693 572 779 617 Ioshae
789 582 966 619 argumen-

214 631 247 654 ta
259 620 431 655 solvuntur
450 624 484 656 δέ
496 623 700 666 rejiciuntur,
711 620 967 655 adversariorum

215 682 327 704 autem
339 682 536 716 argumenta
553 670 637 704 stant
650 672 783 705 intaista.
810 670 966 714 Denique

217 731 255 752 ex
265 718 455 754 adversariis
474 718 587 754 Rabbi
604 720 692 765 Iosliae
711 717 755 753 est
767 717 881 753 Rabbi
895 719 968 752 luda

215 768 282 802 κατ’
300 768 411 814 ἐξοχῖμ)
434 770 571 803 Sanetus
583 793 593 809 ‚
619 772 653 803 &
667 770 823 816 Princeps
838 767 946 801 dicius
958 791 968 807 ,

212 816 395 852 secundum
410 821 501 862 cujus
513 819 564 854 vel
576 818 673 852 solius
684 818 875 852 senteutiam
889 815 969 849 Tal-

214 867 297 901 mud
311 867 531 902 determinare
551 867 634 901 solet
646 893 654 907 ‚
680 867 734 900 hic
751 879 835 900 unus
854 864 968 900 Rabbi

209 917 299 960 losbae
313 940 322 953 ‚
347 930 386 951 ac
398 918 467 950 aliis
482 916 572 951 mille
585 917 769 965 vulgarium
783 915 963 950 Rabbino-

211 978 284 999 rum
298 965 464 1013 praevalet.

259 1016 503 1049 Recentiorum
538 1013 772 1050 Rabbinorum
806 1010 965 1058 producit

210 1065 385 1098 VValtonus
395 1077 433 1098 ex
443 1066 605 1109 Capello‚ut
614 1062 663 1095 hic
674 1073 711 1094 ex
722 1061 880 1105 Buxtorfio‚
893 1071 964 1093 tan-

210 1122 281 1145 tum
297 1115 380 1147 duos
391 1112 498 1147 Rabbi
510 1112 599 1157 loft‘ph
614 1109 696 1148 Albo,
710 1114 743 1144 &
756 1109 868 1144 Rabbi
888 1110 964 1155 Mofi’

207 1166 439 1196 BarNaclnnan.
467 1159 568 1207 Resp.
595 1160 650 1194 Ad
672 1171 816 1206 priorem
837 1170 962 1192 conce-

207 1208 439 1258 dendoipsum
457 1212 490 1242 in
510 1207 670 1243 contraria
691 1207 790 1242 nobis
811 1206 871 1241 esse
893 1207 963 1241 sen-

206 1257 318 1293 tentiz‘i.
357 1260 420 1293 Sed
439 1259 520 1305 quid
547 1260 633 1293 valet
659 1257 716 1292 iste
736 1270 821 1291 unus
845 1268 963 1292 contra

206 1307 456 1342 multitudinem
485 1309 650 1343 sociorum
665 1333 673 1348 ‚
709 1308 857 1355 inprimis
884 1306 962 1341 cum

205 1357 275 1391 Albo
287 1356 340 1391 hic
352 1355 540 1392 manifestus
553 1357 589 1392 sit
599 1357 756 1396 falsarius,
772 1358 875 1403 quiex
888 1357 963 1390 Tal-

205 1406 312 1442 mudc
331 1407 419 1440 varia
431 1410 510 1441 citat
522 1431 530 1444 ,
557 1420 629 1454 quae
646 1409 678 1441 in
692 1405 857 1441 Talmude
877 1418 960 1440 nun-

203 1468 304 1499 quam
318 1458 516 1492 extiterunt?
543 1457 644 1500 Quod
656 1457 698 1490 ad
711 1457 958 1496 Machmanidem,

205 1504 408 1539 demonstrat
426 1507 589 1552 Buxtorfim
600 1503 752 1554 scripsisse
766 1518 842 1539 euin
854 1504 961 1539 literas

204 1553 329 1599 quibus
348 1553 365 1588 a
383 1556 458 1601 Mose
472 1557 521 1590 lex
541 1555 656 1603 scripta
670 1556 714 1590 est
733 1581 743 1595 ‚
770 1551 913 1589 habuisse
925 1566 960 1589 ut

205 1614 329 1637 vocant
343 1603 475 1639 Hebraei
492 1606 600 1653 apices
621 1609 656 1640 &
676 1617 837 1645 coronas,
861 1605 960 1638 literae

206 1664 317 1686 autem
328 1655 535 1688 Samaritanae
547 1667 690 1689 coronas
707 1656 776 1689 illas
788 1666 958 1700 nunquam

204 1701 392 1737 habuerunt
409 1728 417 1740 ,
443 1716 520 1750 ergo
538 1705 719 1738 secundum
731 1704 961 1738 Maclmuniclem

202 1751 253 1785 lex
279 1750 362 1786 olim
390 1754 492 1787 literis
516 1755 728 1788 samaritanis
756 1764 825 1787 non
851 1753 961 1800 potuit

201 1799 306 1835 scribi.

252 1851 318 1883 Pro
330 1848 383 1885 sufi
400 1848 558 1885 sententia
571 1852 746 1885 VValtomu
757 1853 848 1898 plura
862 1864 961 1900 argu-

205 1910 319 1934 menta
355 1912 421 1934 non
454 1898 561 1934 affert.
597 1899 712 1934 Nobis
732 1913 770 1934 ex
790 1903 958 1948 Buxtorfio‚

204 1961 305 1996 quem
319 1960 428 1984 tamen
442 1962 510 1983 non
521 1952 673 1984 nominat
685 1973 693 1985 ‚
712 1950 842 1985 ascribit
854 1954 939 1985 varia
953 1975 962 1990 ‚

205 2000 288 2046 prim
295 1995 350 2032 iim
363 1998 554 2034 testimonia
565 2010 633 2032 tam
643 2010 791 2034 veterum
803 2000 901 2047 quam
913 2013 963 2035 re-

206 2050 350 2082 centium
373 2048 622 2082 Rabbinorum.
662 2049 784 2083 Adhaec
811 2052 963 2098 exemplo

207 2098 316 2142 capelli
331 2096 475 2132 breviter
493 2098 685 2144 respondet,
697 2097 896 2143 Judaeorum
912 2100 964 2134 hic

206 2146 327 2181 nullam
341 2144 401 2180 esse
420 2149 654 2181 audi-oritatem
667 2146 743 2181 cuin
757 2149 915 2183 testentur
931 2151 964 2182 in

205 2209 273 2231 rem
287 2196 378 2230 suam
391 2223 398 2235 ,
428 2200 461 2230 &
477 2197 538 2230 suae
549 2197 654 2243 gentis
667 2197 818 2244 gloriam.
845 2198 961 2245 Repli-

206 2258 242 2279 ca
253 2270 263 2285 ‚
284 2247 381 2280 nimis
393 2257 485 2280 curta
497 2246 540 2279 est
552 2246 620 2279 haec
630 2246 799 2293 responsio
812 2273 820 2281 .
838 2255 963 2282 Ruxtor.

200 2295 256 2340 fius
268 2294 309 2328 ad
326 2294 469 2342 singulos
481 2307 547 2328 tam
561 2306 687 2329 veteres
701 2295 797 2342 quam
815 2308 963 2331 recentes

208 2341 399 2382 Rabbinos,
426 2345 483 2390 qui
509 2354 623 2376 contra
648 2343 739 2376 suam
765 2345 961 2380 sententiam

208 2389 329 2437 prolati
349 2389 420 2424 sunt
431 2416 439 2428 ‚
469 2391 644 2438 respondet
660 2393 809 2427 distinete
823 2397 857 2428 δέ
873 2392 962 2430 fuse:

209 2451 284 2473 cum
307 2438 373 2486 ipse
395 2452 546 2486 magnam
574 2442 704 2488 copiam
725 2441 963 2478 Rabbinorum

208 2489 427 2534 antiquorum
446 2488 578 2524 adducit
591 2513 600 2528 ‚
624 2488 760 2524 summae
786 2494 870 2537 apud
888 2493 964 2527 suos

208 2538 417 2571 auctoritatis
439 2548 507 2571 tam
525 2540 752 2573 Tannaeorum
780 2539 879 2586 quam
900 2544 966 2575 Ge-

209 2587 413 2620 maristarum
451 2587 549 2634 quam
587 2590 761 2622 amisorum
789 2589 940 2636 Tosepliotli
954 2616 964 2631 ‚

208 2636 309 2683 quam
325 2638 484 2670 Gconum
497 2663 506 2677 ,
524 2640 558 2671 ὃ(
572 2636 838 2672 Cabbalistarum
851 2651 965 2675 omnes

211 2689 341 2731 capellus
362 2689 394 2720 δι
414 2686 586 2721 VValtonus
605 2687 667 2721 unzi
692 2686 781 2721 brevi
800 2687 895 2723 liturz‘i
907 2690 965 2723 de-

209 2737 277 2769 lent
295 2752 305 2775 ‚-
328 2733 493 2776 homines,
506 2738 609 2779 ajunt,
626 2736 699 2770 sunt
712 2736 966 2776 mendacfflimi,

212 2782 289 2817 cum
303 2783 345 2818 de
364 2782 424 2818 suae
436 2786 545 2831 gentis
557 2784 780 2833 glorissiagitur
793 2809 802 2821 ‚
828 2786 884 2820 liz'ic
903 2788 966 2822 unzi

213 2831 280 2866 sola
307 2832 413 2868 fidelia
437 2846 556 2867 omnes
580 2835 653 2868 illas
678 2833 822 2878 Buxtorfii
852 2836 968 2882 longas

216 2879 453 2916 Rabbinorum
466 2884 597 2918 lacinias
616 2882 782 2931 eleganter
796 2883 963 2919 Hebraice

216 2928 389 2977 descriptas
402 2957 412 2973 ,
426 2937 459 2967 &
472 2931 557 2967 bene
575 2935 747 2980 pundhitas
758 2958 768 2973 ,
786 2945 824 2966 ac
832 2933 967 2968 transsa-

217 2990 266 3012 tas
277 2978 428 3015 dealbant
441 2998 452 3025 3
478 2986 512 3016 δε
523 2993 633 3017 tamen
643 2983 717 3017 cum
731 2995 833 3017 unum
850 2995 905 3017 aut
923 2986 965 3019 al-

218 3040 326 3061 terum
352 3030 403 3063 vel
428 3044 467 3065 ex
496 3033 639 3079 antiquis
658 3057 667 3068 ,
702 3033 752 3065 vel
780 3032 966 3068 recentibus

219 3076 381 3112 Rabbinis
394 3082 551 3125 Buxtorfius
567 3083 631 3127 ipse
641 3080 827 3129 suppeditat
840 3108 849 3123 ,
860 3081 965 3116 statim

219 3127 356 3160 istorum
383 3125 459 3161 licet
488 3128 755 3175 paucissimorum
790 3131 891 3165 verba
927 3133 965 3166 ad

218 3177 299 3211 astra
317 3174 457 3219 tollunt,
482 3177 616 3213 illorum
635 3192 739 3216 unum
752 3181 818 3217 aliis
830 3194 964 3218 centum

599 104 1243 143 CnitoNoLocici

1307 106 1418 147 Lis.
1450 109 1479 147 I.

1011 179 1129 212 volunt
1150 176 1302 224 praeferri.
1335 180 1444 223 Hujus
1467 181 1577 228 magni
1603 184 1760 229 paradoxi

1013 227 1108 259 unica
1120 228 1205 260 ratio
1227 238 1327 273 quam
1350 230 1473 274 Capeli‘us
1489 234 1527 266 ad
1540 231 1686 267 nauscam
1707 236 1761 268 in-

1011 277 1175 319 geminat,
1202 279 1236 310 &
1258 277 1536 313 VValtonusetiam
1554 294 1642 315 exeo
1656 281 1759 321 affert,

1012 333 1083 356 non
1091 326 1219 358 videtur
1230 322 1338 372 proba
1349 350 1359 365 ,
1384 327 1540 360 nimirum
1552 333 1688 374 gloriam
1702 330 1763 366 csse

1012 374 1120 416 gentis
1130 372 1275 418 judaicae
1284 374 1393 421 legem
1405 374 1503 422 aMosc
1513 375 1660 425 scriptam
1671 379 1762 414 fuisse

1013 422 1113 455 literis
1127 421 1303 456 Hebraicis
1315 424 1496 462 hodiernis,
1507 438 1578 472 quae
1593 427 1663 461 sunt
1677 430 1768 477 Assy-

1015 473 1104 506 riacae
1116 496 1125 512 ,
1140 470 1304 519 probrum
1318 472 1395 507 vero
1406 475 1512 520 gentis
1525 478 1559 510 δε
1572 475 1730 517 dedecus,
1744 478 1765 512 si

1016 519 1113 554 literis
1146 523 1356 556 Samaritanis
1388 522 1439 557 lex
1464 523 1622 572 descripta
1648 526 1767 561 fuiss'et.

1019 569 1116 616 Qid
1130 570 1182 603 hic
1200 571 1245 604 est
1257 570 1352 606 solidi
1365 585 1401 606 ex
1412 571 1646 620 hypothesibus
1664 575 1770 622 Capel-

1016 620 1063 652 12?
1101 619 1191 652 Nam
1221 620 1320 656 docet
1344 623 1372 655 is
1397 621 1519 656 nullam
1547 623 1768 660 sanffitatmm

1019 666 1140 701 nullam
1162 669 1321 716 gloriam,
1347 672 1473 707 nullum
1500 673 1642 707 omnino
1657 673 1768 707 hono-

1019 729 1088 750 rem
1116 718 1230 752 deberi
1255 719 1394 768 linguae,
1427 733 1483 755 aut
1513 723 1614 756 literis
1647 723 1768 770 quibus

1017 774 1111 803 Deus,
1131 768 1238 814 Moses,
1266 773 1298 803 &
1320 770 1494 818 Prophetae
1514 770 1768 819 scripseruntrcs

1017 814 1121 849 sacras
1134 843 1142 856 ‚
1162 819 1264 863 magis
1276 831 1375 864 quam
1388 819 1440 853 alii
1454 823 1638 868 cuicunque
1648 824 1768 869 linguae

1017 864 1203 900 audireris,
1221 870 1253 898 in
1272 867 1393 913 quibus
1414 869 1770 919 profanissimaegentes

1016 914 1070 946 sua
1089 912 1327 960 descripserunt
1355 916 1579 954 abominanda
1607 921 1768 966 mysteria⁵

1016 960 1187 1001 Praeterea,
1208 962 1328 997 volunt
1345 966 1492 1012 linguam
1514 969 1683 1015 literasque
1699 971 1771 1003 He-

1015 1010 1115 1044 braeas
1136 1013 1285 1059 antiquas
1302 1012 1393 1048 fuisse
1404 1017 1553 1062 proprias
1568 1016 1771 1058 chananaeis,

1017 1060 1199 1102 Philistaeis‚
1210 1064 1335 1109 Tyriis,
1356 1067 1390 1097 δε
1405 1064 1548 1098 Sidoniis
1561 1090 1570 1105 ‚
1584 1077 1770 1112 eorumque

1014 1111 1146 1144 colonis
1158 1112 1292 1151 Poenis5
1310 1112 1506 1147 Chaldaeain
1526 1113 1604 1148 vero
1617 1125 1684 1148 tam
1706 1113 1772 1149 lin-

1012 1172 1113 1205 guam
1135 1158 1235 1206 quain
1261 1164 1373 1196 literas
1402 1165 1554 1211 proprias
1575 1163 1770 1198 Monarchis

1014 1206 1215 1255 Assyriorum
1230 1234 1240 1249 ‚
1266 1215 1301 1245 δε
1322 1212 1490 1248 abrahamo
1505 1237 1514 1253 ,
1534 1225 1572 1246 ac
1594 1215 1771 1249 Patriarcln's

1013 1269 1176 1292 maternas
1186 1284 1195 1298 ,
1210 1272 1290 1305 quas
1302 1259 1428 1308 semper
1439 1262 1606 1306 usurpavit
1619 1264 1768 1298 Abraham

1013 1307 1122 1342 donec
1140 1306 1156 1342 ἒι
1181 1308 1378 1345 Chananaeis
1399 1311 1541 1345 Hebraea
1558 1312 1682 1346 didicit.
1711 1314 1772 1346 Ec-

1680 120 1757 155 199

1012 1359 1085 1403 quis
1103 1370 1214 1392 autem
1240 1359 1350 1393 honor
1367 1360 1489 1407 Judaeis
1516 1374 1553 1396 cx
1569 1362 1626 1395 usu
1650 1362 1770 1409 lingnae

1012 1406 1300 1448 chananaeorum,
1318 1414 1374 1456 qui
1385 1410 1464 1445 servi
1475 1409 1609 1445 fuerunt
1622 1409 1770 1458 Assyriis,

1013 1459 1046 1490 δε
1065 1455 1080 1490 ὲ
1095 1458 1170 1491 Deo
1188 1458 1356 1493 maleditsti
1374 1473 1412 1493 ac
1424 1461 1622 1495 exterminio
1633 1461 1769 1496 devoti?

1012 1506 1104 1545 Quid
1124 1508 1221 1541 etiam
1244 1509 1358 1555 probri
1385 1509 1508 1557 Judaeis
1527 1509 1711 1557 essepotuit
1728 1522 1767 1543 ex

1010 1555 1068 1589 usu
1094 1555 1211 1603 linguae
1233 1561 1267 1591 &
1292 1559 1460 1592 literarum
1477 1558 1674 1606 Assyriorum
1695 1571 1767 1606 quae

1009 1607 1151 1651 propriae
1162 1618 1253 1640 erant
1269 1608 1359 1653 genti
1371 1607 1461 1642 orbis
1471 1608 1682 1643 dominatrici
1695 1633 1704 1648 ,
1731 1613 1766 1642 &

1010 1666 1167 1688 maternae
1182 1657 1347 1692 Abrahamo
1358 1681 1367 1695 ‚
1390 1670 1429 1691 ac
1440 1657 1687 1704 antiquioribus
1701 1658 1766 1692 Pa-

1010 1703 1172 1739 triarchis.

1059 1754 1106 1786 Ex
1129 1753 1370 1790 recentioribus
1394 1755 1558 1791 Rabbinis
1589 1755 1766 1803 plerosque

1009 1801 1069 1836 fibi
1081 1804 1177 1836 sumit
1188 1804 1375 1845 VValtonus‚
1387 1810 1421 1840 &
1434 1805 1531 1840 nobis
1542 1804 1671 1840 tantum
1684 1818 1767 1852 pau-

1009 1864 1063 1886 cos
1075 1851 1226 1898 reliquit:
1255 1854 1388 1890 novaue
1399 1855 1443 1890 est
1452 1854 1520 1890 haec
1531 1855 1764 1889 arithmetica?

1009 1913 1085 1934 cum
1105 1903 1201 1936 unius
1215 1902 1365 1940 tantum,
1389 1903 1512 1939 scilicet
1534 1905 1657 1952 Iosephus
1678 1905 1762 1939 Albus

1009 1950 1068 1984 stat
1080 1963 1141 1999 pto
1155 1952 1315 1999 plerisque
1325 1978 1335 1993 ,
1349 1957 1383 1988 &
1396 1954 1576 1988 duodecim
1590 1978 1599 1992 ,
1618 1966 1764 2000 quorum

1009 2000 1198 2034 testimonia
1210 2001 1349 2036 adducit
1368 2003 1550 2047 Ruxtorfim,
1579 2001 1642 2035 sint
1656 2002 1764 2036 solum

1009 2051 1144 2095 quidam
1156 2053 1342 2097 comparati
1353 2051 1394 2086 ad
1407 2052 1498 2085 illum
1521 2063 1633 2085 unuin.
1660 2051 1764 2085 Reeie

1012 2102 1141 2146 Capellus
1161 2110 1279 2134 monet
1306 2100 1530 2146 ponderanda
1556 2113 1626 2134 non
1647 2112 1764 2137 nume-

1010 2148 1113 2182 randa
1130 2147 1191 2182 esse
1212 2146 1264 2182 hic
1285 2147 1456 2197 suffragia,
1476 2152 1522 2183 ita
1541 2160 1575 2183 ut
1591 2161 1676 2183 unus
1686 2150 1765 2183 stare

1010 2197 1106 2247 possit
1117 2210 1181 2245 pro
1195 2198 1283 2232 mille
1297 2223 1307 2239 ,
1319 2199 1407 2233 certe
1419 2211 1503 2233 unus
1513 2198 1646 2246 Judaeus
1656 2224 1666 2240 ‚
1678 2199 1767 2234 unde

1011 2250 1195 2290 Hieronymus
1213 2245 1411 2281 sententiam
1430 2248 1656 2295 Capellianam
1678 2249 1769 2282 didi·

1011 2298 1055 2330 cit
1080 2294 1187 2339 (iiam
1209 2308 1281 2330 non
1302 2297 1408 2343 potest
1426 2296 1563 2344 probari
1577 2299 1662 2332 duos
1676 2295 1766 2331 fuisse

1010 2346 1145 2393 Judaeos
1161 2348 1326 2390 Hieronymi
1343 2347 1535 2394 Magistros,
1561 2345 1632 2379 imo
1650 2358 1711 2379 nec
1724 2345 1766 2377 ab

1012 2407 1080 2428 uno
1099 2420 1108 2433 ,
1135 2397 1186 2429 vel
1207 2396 1277 2429 ullo
1303 2394 1423 2440 Judaeo
1445 2394 1641 2428 sententiam
1668 2393 1764 2427 istam

1011 2445 1215 2489 Hieronymum
1235 2442 1392 2486 hausisse)
1421 2446 1491 2478 vult
1510 2455 1647 2491 arguere
1658 2443 1766 2489 publi-

1011 2505 1081 2526 cam
1104 2498 1137 2527 &
1159 2493 1367 2526 constantem
1388 2494 1490 2527 torius
1510 2491 1765 2540 geiitisJudaicae

1013 2552 1160 2575 mentem
1174 2565 1182 2577 ,
1200 2552 1266 2574 non
1277 2539 1383 2574 solum
1396 2541 1492 2574 unius
1501 2551 1552 2573 aut
1563 2541 1693 2574 alterius
1705 2540 1768 2573 do-

1014 2590 1115 2623 &oris
1128 2588 1338 2631 sententiam,
1353 2591 1434 2623 mira
1446 2592 1599 2631 φιλαυτίᾳ
1610 2592 1644 2624 &
1657 2589 1765 2624 confi-
1806 2589 1811 2593 ’

1013 2638 1137 2673 ὀεηῐὶἓι.

1071 2687 1258 2721 Secundum
1290 2686 1437 2732 Buxtorfio
1465 2689 1499 2721 V
1497 2689 1638 2722 Valtonus
1672 2700 1765 2736 argu-

1013 2748 1164 2770 mentum
1200 2737 1330 2771 ascribit
1364 2735 1405 2769 ab
1441 2738 1581 2784 antiquis
1608 2740 1764 2772 monetis.

1013 2785 1113 2830 Resp.
1140 2787 1193 2819 De
1205 2782 1394 2832 hocsupra:
1412 2783 1484 2819 satis
1496 2787 1592 2820 nobis
1602 2786 1762 2833 est‚quod

1013 2846 1083 2867 non
1105 2835 1218 2867 minor
1236 2833 1420 2868 similitudo
1435 2837 1502 2869 veti
1519 2834 1557 2869 sit
1573 2837 1606 2869 in
1619 2840 1764 2871 nummis

1014 2884 1154 2928 Buxtorfii
1165 2882 1265 2929 quam
1278 2886 1441 2918 VVaItom'.

1061 2934 1217 2966 Tertium
1239 2945 1277 2966 ex
1296 2932 1402 2967 tribus
1421 2933 1561 2979 antiquis
1577 2932 1764 2981 inscriptio-

1014 2980 1124 3015 nibus.
1153 2985 1258 3016 Prima
1276 2984 1446 3017 literarum
1467 2982 1694 3030 inscriptarum
1717 2983 1763 3018 se-

1013 3030 1153 3078 pulchris
1171 3032 1423 3065 Patriarcharum
1435 3057 1445 3071 ‚
1472 3044 1550 3078 quas
1562 3033 1646 3067 vidit
1656 3034 1765 3079 Renja-

1012 3082 1071 3116 min
1083 3080 1274 3115 Tuledensis
1294 3083 1326 3113 in
1340 3080 1488 3126 speluncfi
1508 3093 1615 3130 prope
1628 3081 1766 3116 Hebro-

1013 3142 1102 3164 nem.
1129 3131 1281 3164 Secunda
1301 3132 1333 3162 in
1356 3129 1465 3174 lapide
1484 3130 1675 3179 sepulchrali
1691 3134 1763 3166 Dii-

1013 3182 1057 3214 cis
1093 3180 1195 3228 Regis
1221 3181 1337 3228 Amafiae
1373 3181 1512 3229 Sagunti
1536 3181 1570 3215 in
1596 3182 1761 3225 Hispanifi,

1649 3231 1762 3262 Tertia
