2048 3343
49 2783 109 2811 Iunii
119 2789 151 2810 G·

413 155 497 182 ET
557 144 1224 184 CHRoNOLoo1c1

189 225 220 257 δι’
233 218 344 255 omnia
361 217 560 266 perseverant
579 221 611 253 in
630 218 744 253 eodem
766 217 848 252 statu
868 228 935 263 quo

185 270 342 316 superiori
360 268 468 303 seculo
483 267 652 314 conspesta
669 267 751 301 sunt.
778 263 935 298 Extendit

183 318 315 367 quidem
329 316 501 364 aliquando
525 313 750 364 Brightmannus
763 313 854 347 sunm
870 313 934 346 cal-

181 369 291 403 culum
311 368 349 402 ad
367 377 489 401 annum
508 363 722 398 Millesimum
745 360 935 397 sexcentesi-

181 430 272 452 mum
287 414 522 462 octogesimum
536 413 658 448 sextum
672 437 681 452 ,
691 413 768 447 alibi
780 423 888 446 tamen
901 423 936 445 ca

178 468 261 512 jacit
276 465 507 504 fundamenta,
531 463 647 510 quibus
660 459 936 508 superstruxerunt

181 516 329 562 sequaces
346 514 524 548 terminum
535 525 596 560 prae
607 512 758 545 manibus
774 512 849 545 an'ni
861 511 935 544 mil-

181 565 281 600 lesimi
299 563 516 598 sexcentesimi
539 559 820 609 quinquagesimi,
838 571 935 607 quem

182 612 259 649 cum
274 615 415 661 primum
426 613 567 646 audirem
585 610 727 644 Londini
749 608 880 657 publice
901 610 935 642 in

181 661 399 698 concionibus
411 661 450 696 ad
468 659 532 708 ipsa
544 661 653 708 Regni
672 660 807 694 comitia
828 658 933 692 incul-

181 724 304 750 catum,
314 711 453 746 mirabar
471 708 611 744 multum
621 710 764 743 virorum
776 708 849 742 alias
860 719 934 741 mo-

180 763 344 799 destorum
356 772 506 808 magnam
519 759 697 805 audaciam.

229 809 358 847 Tertio.
379 810 457 845 l-iaec
467 805 860 844 commentassritannicis
872 802 938 838 ho-

179 862 230 898 die
257 859 405 895 Ecclesiis
434 855 612 906 plurimum
639 856 788 890 crearunt
815 854 938 888 damni.

177 911 280 948 Unde
299 912 388 944 enim
411 909 450 942 ad
465 918 514 942 tot
531 918 666 953 tamque
682 907 839 939 immanes
849 916 938 938 erro-

179 973 232 997 res
244 985 254 1000 ,
275 969 393 1005 totque
403 957 549 991 facinora
569 965 636 989 tam
648 953 830 989 multorum
847 953 936 987 exci-

182 1022 247 1046 tata
260 1013 291 1044 &
307 1018 479 1054 praeparata
489 1005 623 1040 fuerunt
633 1005 772 1051 ingeni-1,
785 1000 883 1050 quam
895 999 936 1035 ab

184 1059 274 1095 aestro
285 1057 419 1092 istorum
433 1055 667 1103 pai-adoxorum
686 1052 725 1086 de
745 1062 857 1086 exortu
877 1063 938 1085 no·

184 1110 235 1144 bis
246 1106 431 1142 viventibus
442 1108 472 1139 ἃ
483 1099 687 1140 videntibus,
697 1102 776 1135 novi
790 1101 865 1135 coeli
877 1124 886 1140 ,
905 1101 938 1134 &

183 1171 277 1194 novae
295 1168 406 1194 terrae,
432 1163 641 1198 veterumque
660 1152 810 1184 omnium
823 1150 856 1183 in
875 1160 939 1181 no-

183 1219 263 1243 vum
275 1202 402 1252 prorsus
418 1201 568 1236 habitum
590 1197 842 1234 efformatione?
867 1198 941 1231 Do-

182 1255 289 1291 lebam
308 1253 379 1287 sane
399 1262 473 1286 cum
498 1260 572 1284 ante
609 1260 712 1283 annos
745 1248 939 1287 duodecim,

182 1303 365 1352 permultos
410 1312 450 1334 ex
485 1296 744 1334 eminentissimis
788 1297 940 1331 omnium

181 1353 323 1402 partium
343 1352 377 1385 iri
396 1349 521 1397 Angliz'i.
538 1347 720 1396 Theologis
738 1372 749 1388 ,
782 1360 851 1382 non
877 1348 938 1380 mi-

180 1401 242 1439 niis
267 1399 514 1446 Presbyterianis
540 1410 638 1446 quam
657 1395 941 1444 Episcopaturien—

182 1452 269 1488 tibus
287 1474 295 1487 ‚
330 1448 383 1484 scd
413 1448 561 1496 inprimis
585 1446 882 1494 Independentibus
909 1449 941 1480 &

182 1498 405 1546 Anabaptistis
426 1522 437 1537 ‚
472 1494 697 1544 comperissem
718 1493 942 1547 Brightmanni,

184 1548 278 1587 aredi
297 1553 329 1583 &
355 1546 506 1582 similium
524 1545 754 1593 phantasmatis
773 1545 941 1580 imbutos:

185 1599 397 1642 multumque
411 1594 518 1644 postea
528 1594 653 1644 gavisus
664 1593 735 1630 sum
748 1607 820 1631 cum
832 1595 941 1642 plero-

185 1659 324 1695 rumque
334 1648 477 1681 virorum
487 1645 655 1680 bonorum
665 1647 793 1681 animos
803 1645 867 1679 hoc
878 1643 941 1679 fer·

185 1708 299 1734 mento
310 1696 483 1743 depuratos
498 1691 747 1741 conspexissem.
774 1695 824 1730 Ut
834 1695 940 1742 primo

187 1748 237 1784 issi
249 1748 318 1794 igni
330 1745 480 1792 frigidam
491 1743 681 1789 jamdudum
695 1742 828 1778 suffudit
841 1767 851 1784 ,
866 1756 939 1778 cum

161 1816 173 1825 ν
186 1794 397 1844 tempestivus
428 1796 592 1828 variorum
626 1797 742 1828 contra
768 1793 941 1829 Chiliastas

185 1846 300 1882 labor,
326 1855 397 1878 tum
418 1844 566 1891 inprimis
585 1843 750 1890 inopinata
759 1845 824 1878 Dei
835 1856 939 1878 rerum

185 1895 402 1930 humanarum
420 1892 673 1933 administratio,
697 1894 777 1928 altas
786 1894 883 1928 nimis
892 1894 941 1929 la-

187 1944 298 1993 tasque
307 1969 316 1985 ,
334 1943 385 1978 sed
396 1944 535 1978 carnales
548 1943 709 1990 vanasque
720 1942 890 1978 hominum
903 1945 941 1978 li-

187 2006 237 2030 cet
250 1996 378 2042 piorum
389 1993 606 2040 spesomnino
616 1991 778 2027 frustrans.
803 1996 849 2028 Ita
861 1991 941 2028 faxit

186 2045 357 2079 Dominus
370 2055 441 2089 quae
455 2042 494 2077 ab
512 2041 576 2076 hoc
588 2043 752 2089 principio
769 2044 803 2078 in
815 2041 942 2078 levibus

184 2097 216 2128 &-
232 2094 312 2127 male
323 2089 400 2126 sanis
413 2093 591 2126 multorum
606 2092 742 2140 ingeniis
753 2117 763 2132 ,
781 2093 941 2139 plurimo-

186 2155 258 2179 rum
278 2140 368 2189 pestis
380 2154 540 2187 prognata
551 2141 595 2175 est
607 2166 617 2181 ,
642 2140 741 2189 quam
753 2141 822 2176 fieri
835 2141 942 2190 potest

189 2189 354 2227 celerrime
367 2189 418 2224 sua
430 2189 545 2236 sponte
559 2194 750 2228 emoriatur.

239 2242 384 2288 Qarto.
412 2239 465 2274 Isti
476 2241 535 2274 viri
544 2265 552 2277 ‚
571 2241 648 2275 licet
659 2240 799 2274 aliorum
810 2238 942 2273 senten-

192 2292 251 2325 tias
260 2292 305 2324 ob
315 2302 493 2338 paucorum
505 2290 674 2328 mensium,
687 2290 757 2324 imo
766 2300 943 2337 paucorum

195 2339 321 2373 dierum
333 2337 531 2373 anomaliarn
543 2340 691 2383 rejiciant
700 2362 710 2378 ,
729 2341 763 2373 in
774 2337 824 2372 sua
834 2349 944 2372 tamen

193 2398 358 2422 annorum
377 2413 385 2425 ,
409 2386 480 2420 imo
507 2398 639 2421 centum
673 2387 885 2434 quadraginta
909 2389 943 2421 in

194 2435 259 2471 una
278 2437 446 2470 curatione
466 2436 604 2469 vulneris
617 2435 724 2472 bestiae
739 2435 944 2483 parachroni-

194 2483 299 2520 smum
316 2482 469 2518 leviss'ime
488 2484 702 2525 transvolant,
726 2487 806 2518 utin
820 2483 942 2535 Bright-

193 2547 297 2568 manno
319 2534 424 2567 videre
436 2532 479 2567 est
493 2532 532 2567 ad
548 2535 683 2580 Apocal.
708 2547 757 2576 ιζ.
775 2546 802 2568 v.
825 2545 856 2576 5.
883 2532 944 2567 Sed

191 2597 259 2618 non
278 2582 322 2617 est
343 2583 533 2617 hicanimus
554 2584 591 2617 ad
609 2579 833 2630 particularem
854 2581 946 2627 hujus

193 2633 358 2668 sententiae
384 2632 550 2667 censuram
585 2631 771 2667 descendere
793 2656 804 2671 ‚
833 2643 873 2666 ne
898 2633 947 2665 ni-

195 2684 299 2716 mium
323 2681 416 2728 supi-a
442 2693 626 2718 caeterarum
649 2682 789 2717 modum
816 2679 949 2728 quaestio

198 2730 330 2779 pre-:sens
341 2730 512 2766 excrescat.

247 2783 338 2814 Sexta
354 2779 511 2814 sententia
530 2779 573 2813 cst
593 2779 670 2813 Iunii
692 2783 723 2813 &
745 2777 950 2824 sequacium,

1287 147 1408 185 L113.
1434 146 1462 187 Ι.
1649 158 1724 191 251

980 228 1095 254 ratores
1114 218 1240 252 medios
1259 220 1297 253 ad
1317 221 1444 254 Daniel.
1459 230 1492 262 7.
1505 231 1535 254 v.
1553 229 1607 265 25.
1631 222 1727 254 malle

978 269 1051 300 anni
1064 267 1232 301 dimidium
1244 268 1293 301 sex
1304 266 1422 302 scilicet
1433 268 1553 303 menses
1565 267 1660 317 quam
1674 270 1731 303 de-

978 326 1048 348 ceiii
1068 316 1195 351 dierum
1220 317 1407 364 particulam
1421 330 1430 356 ;
1455 316 1503 351 sed
1515 320 1658 353 ultimos
1678 316 1731 351 hic

980 364 1103 397 medios
1113 365 1252 400 deserere
1263 391 1273 407 ‚
1293 364 1461 411 tacitoque
1472 379 1582 400 eorum
1596 368 1730 402 nomine

979 411 1045 446 sitis
1057 416 1150 447 acute
1160 427 1299 461 pungere
1309 417 1453 462 ipsorum
1465 416 1732 460 interpretamen-

979 473 1069 501 tum,
1093 462 1131 496 de
1149 464 1285 497 dimidio
1298 467 1394 504 anni3
1421 477 1488 498 non
1501 462 1626 497 tantum
1647 478 1730 499 con-

980 511 1170 546 demnantes
1182 511 1335 549 fa1fi‚sed
1348 514 1443 547 etiam
1456 513 1494 547 ad
1506 513 1643 560 Papilias
1652 515 1732 548 Tri-

978 560 1129 595 deniiiios
1137 574 1208 595 eam
1221 560 1412 597 sententiam
1425 564 1602 603 rejicientes
1614 562 1682 596 satis
1695 575 1732 595 a-

979 608 1115 645 culeatc'u
1133 613 1169 645 In
1184 610 1309 645 Daniele
1320 615 1545 647 Annotatores
1555 616 1580 646 A
1589 612 1733 659 nglicani

981 660 1079 705 primi
1099 673 1167 694 non
1188 659 1365 707 sequuntur
1384 662 1520 701 lunium,
1547 661 1593 695 sed
1614 674 1647 696 in
1659 659 1734 695 tota

982 709 1174 756 Apocalypsi
1194 710 1274 743 nihil
1285 710 1504 746 aliudhabent
1514 709 1617 758 >quam
1639 721 1736 744 nota-

981 769 1052 792 rum
1070 757 1168 798 Iunii,
1182 770 1217 792 ut
1232 758 1444 806 profitentur,
1462 759 1712 807 exscriptionem
1723 773 1734 793 :

983 808 1020 841 In
1039 807 1281 855 Apocalypseos
1293 821 1399 844 autem
1411 810 1575 844 undecimi
1594 809 1733 844 secundo

982 860 1012 891 δέ
1024 857 1121 896 tertio
1130 879 1139 892 ‚
1152 860 1186 889 &
1197 855 1405 892 decimitertii
1417 860 1534 905 quinto
1545 859 1643 893 Iunius
1653 871 1734 895 con-

979 907 1050 949 jicit
1062 903 1186 939 menses
1202 909 1232 938 δι
1244 905 1352 941 diesin
1362 921 1464 943 annos
1480 910 1568 942 mille
1577 909 1736 943 ducentos

982 954 1163 1000 sexaginta,
1183 966 1265 1001 quos
1276 955 1410 990 inchoat
1422 957 1438 990 :1
1451 956 1589 1004 passione
1602 954 1714 991 Christi
1724 981 1735 998 ‚

981 1006 1013 1036 &
1031 1004 1186 1037 terminat
1197 1004 1230 1038 in
1249 1002 1448 1038 Pontificatu
1472 1007 1618 1052 Bonisacii‘
1630 1008 1715 1040 tertii
1728 1029 1738 1043 ‚

981 1065 1068 1087 anno
1081 1051 1204 1087 Christi
1216 1053 1392 1088 millesimo
1401 1052 1621 1090 ducentesimo
1633 1067 1739 1089 nona-

983 1101 1109 1149 gesimo
1130 1113 1259 1150 quarto.
1287 1102 1414 1139 Verum
1434 1116 1501 1151 cap.
1517 1115 1570 1138 12.
1589 1102 1665 1138 vers.
1681 1115 1736 1149 14.

984 1161 1092 1198 tempus
1103 1174 1112 1191 ‚
1123 1161 1249 1199 tempora
1259 1177 1268 1193 ‚
1289 1155 1321 1186 &
1334 1151 1485 1187 dimidium
1497 1155 1626 1201 temporit
1636 1165 1740 1199 expo-

985 1201 1034 1234 nit
1045 1199 1084 1234 de
1095 1199 1199 1234 tribus
1213 1203 1307 1236 annis
1327 1201 1567 1237 Astronomicis
1582 1207 1612 1237 δε
1628 1200 1738 1237 semis-

984 1249 1025 1286 se,
1037 1248 1076 1283 ab
1089 1249 1185 1284 initio
1198 1249 1316 1286 scilicet
1331 1249 1410 1286 belli
1423 1251 1549 1298 Jurlaici
1565 1252 1602 1287 ad
1614 1253 1738 1286 Hiero-

984 1297 1186 1346 solymorum
1199 1301 1327 1335 ruinam
1339 1327 1348 1342 ,
1369 1302 1501 1349 quando
1516 1301 1690 1336 Christiani
1700 1313 1738 1335 ex

984 1347 1061 1382 urbe
1081 1345 1246 1397 fugientes
1263 1351 1409 1385 vixerunt
1427 1352 1517 1386 Pellae
1534 1367 1543 1392 3
1574 1355 1607 1386 ὃς
1629 1361 1741 1384 tamen

983 1397 1117 1445 eandem
1128 1399 1280 1433 Mulieris
1289 1398 1397 1446 fugam
1410 1401 1525 1434 codem
1536 1413 1603 1447 cap.
1616 1398 1694 1434 vers.
1705 1404 1740 1432 6.

985 1447 1321 1495 exponitProphetice
1331 1449 1369 1483 de
1384 1451 1475 1483 annis
1491 1450 1579 1484 mille
1591 1449 1738 1484 ducentis

984 1497 1160 1546 sexaginta.
1184 1501 1220 1532 In
1244 1498 1437 1546 Apocalypsi
1458 1499 1609 1533 Deodatm
1620 1523 1629 1538 ,
1659 1498 1739 1532 sicut

985 1557 1057 1582 ante
1068 1559 1141 1581 eum
1154 1546 1299 1581 Calvinus
1311 1552 1342 1581 δέ
1356 1550 1597 1588 Beza,omnino
1612 1548 1690 1586 silet,
1704 1549 1739 1581 in

985 1595 1073 1632 hisce
1092 1596 1251 1645 Mysteriis
1270 1595 1353 1632 nihil
1370 1596 1492 1633 habens
1510 1598 1599 1646 quod
1612 1595 1740 1645 profer-

985 1658 1044 1682 ret.

1032 1700 1068 1731 In
1096 1695 1154 1731 hac
1181 1694 1336 1732 sententia
1365 1694 1501 1744 juniani⁴
1521 1695 1738 1732 desideramus

984 1742 1095 1781 Pii‘m&
1106 1770 1115 1786 ‚
1138 1746 1227 1793 quod
1249 1747 1383 1781 Danielis
1408 1748 1534 1795 septimi
1551 1746 1738 1783 vicesimum

983 1797 1135 1845 quintum
1151 1796 1317 1844 restringat
1328 1797 1366 1830 ad
1377 1807 1438 1831 tres
1451 1809 1552 1831 annos
1561 1821 1570 1836 ,
1597 1800 1628 1830 ὃ(
1638 1795 1738 1829 dimi·
1779 1827 1788 1830 Δ

983 1847 1073 1881 dium
1091 1842 1239 1879 Antiochi
1256 1843 1409 1893 Eptplmnis
1420 1871 1431 1888 ,
1451 1846 1540 1893 quod
1558 1845 1669 1879 multis
1683 1857 1738 1878 ta—

984 1893 1132 1929 tionibus
1142 1899 1174 1930 &
1187 1896 1434 1930 austeritatibus
1452 1894 1546 1941 supi-:i
1558 1897 1736 1943 impugna-

983 1947 1100 1980 vimus.
1194 1975 1197 1977 .

1032 1992 1194 2028 Secundo.
1221 1992 1324 2040 Qiod
1333 1991 1398 2027 fine
1409 1992 1474 2028 ulla
1485 1994 1533 2028 vel
1549 1994 1674 2027 ratione
1685 1993 1736 2027 vel

983 2044 1173 2078 auctoritate
1185 2043 1318 2088 Apocal.
1334 2054 1345 2075 i
1356 2054 1385 2075 z.
1397 2055 1428 2076 v.
1442 2054 1498 2088 14·
1518 2054 1646 2090 tempus,
1658 2053 1736 2076 tem-

979 2106 1047 2142 pora
1057 2117 1064 2132 ‚
1075 2097 1105 2127 &
1117 2091 1268 2126 dimidium
1278 2090 1412 2138 temporis
1421 2091 1460 2125 de
1474 2094 1565 2127 annis
1577 2092 1740 2126 Astrono-

985 2144 1078 2178 micis
1090 2165 1100 2179 ‚
1117 2141 1234 2189 quibus
1249 2140 1424 2175 Christiani
1437 2143 1530 2176 Pellae
1541 2141 1738 2176 commorati

986 2191 1059 2227 sunt
1074 2205 1084 2232 ς
1108 2202 1223 2226 contra
1239 2200 1354 2224 omnes
1364 2191 1456 2224 locos
1468 2201 1536 2225 tam
1554 2191 1666 2237 capitis
1683 2200 1739 2224 11.

985 2241 1086 2289 quam
1109 2252 1163 2286 13.
1181 2244 1214 2274 &
1227 2241 1261 2274 in
1271 2239 1335 2274 hoc
1346 2235 1414 2286 ipso
1429 2251 1496 2288 cap.
1513 2251 1563 2275 12.
1579 2251 1662 2288 quos
1678 2235 1741 2286 ipse

987 2291 1066 2328 facit
1079 2290 1256 2337 paralleIOS.

1035 2337 1161 2374 Tertio.
1188 2338 1293 2385 Qod
1310 2338 1468 2373 calculum
1486 2337 1576 2372 suum
1599 2335 1742 2382 Prophe-

985 2391 1089 2423 ticum
1100 2387 1234 2422 inchoet
1243 2387 1259 2421 a
1269 2386 1410 2434 paffione
1420 2384 1533 2430 christi,
1546 2385 1621 2418 cum
1633 2396 1743 2418 tamen

990 2435 1128 2474 visiones
1139 2435 1187 2472 ha:
1199 2448 1307 2484 cap-4.
1320 2448 1349 2469 v.
1363 2447 1388 2469 1.
1402 2436 1547 2470 ditantur
1557 2430 1695 2481 expresse
1703 2432 1742 2468 dc

989 2486 1081 2522 rebus
1095 2485 1224 2521 futuris.

1039 2533 1181 2580 Qarto.
1207 2530 1314 2577 Quod
1340 2532 1500 2566 calculum
1526 2530 1616 2565 suum
1645 2530 1743 2565 Anti-

991 2583 1231 2618 christianarum
1265 2581 1522 2628 persecutionum
1550 2580 1678 2614 claudat
1705 2579 1744 2614 ad

990 2645 1111 2667 annum
1132 2628 1246 2666 chi-iffi
1265 2629 1470 2664 millesimum
1488 2629 1745 2664 ducentesimum

992 2680 1241 2729 nonagesimum
1257 2691 1407 2727 quartum
1419 2705 1427 2719 ‚
1450 2678 1527 2714 cum
1545 2691 1653 2713 tamen
1672 2679 1746 2714 ista-

993 2740 1063 2766 rum
1078 2730 1336 2778 persecutionum
1346 2727 1455 2764 fervor
1466 2733 1495 2763 ἃ
1507 2727 1597 2764 furor
1609 2730 1641 2763 in
1653 2727 1746 2763 testes

995 2782 1134 2815 vei-itatis
1153 2792 1223 2826 cap.
1239 2791 1251 2813 1
1264 2777 1382 2814 1.vers.
1395 2791 1429 2825 7.
1456 2780 1568 2813 multis
1587 2780 1677 2813 annis
1696 2778 1747 2812 se-

1799 2012 1826 2032 Εὖ

0 2857 2 2860 ,
39 2824 176 2862 fiquacmm
203 2829 327 2870 volasii,
341 2829 462 2869 Rolloa',
474 2829 620 2867 Deodm,
631 2827 744 2875 Napen'
756 2851 764 2865 ‚
777 2829 951 2862 Annotato-
996 2840 1116 2877 quotus
1129 2827 1177 2862 sit.

205 2976 279 3010 niele
292 2976 538 3012 Astronomicos
548 3002 557 3018 ‚
573 2988 604 3011 at
619 2978 652 3010 in
666 2973 862 3023 Apocalypsi
875 2977 953 3008 Pro-

206 3026 374 3073 pheticos:
400 3029 436 3060 In
447 3026 578 3060 ‘Daniele
588 3027 685 3060 etiam
699 3026 817 3059 nolunt
829 3035 888 3058 tres
899 3038 952 3058 aii-

205 3088 265 3109 iios
276 3078 307 3108 δε
319 3075 488 3108 dimidium
502 3099 511 3114 ,
524 3076 572 3109 scd
583 3087 645 3110 tres
655 3087 758 3109 annos
775 3078 805 3107 ὃ(
816 3075 951 3119 particu-

204 3126 269 3158 lam
288 3126 362 3156 anni
388 3136 486 3170 quam
504 3137 543 3157 eit
571 3124 762 3158 Maccabaeis
781 3123 820 3157 ad
842 3123 951 3156 decem

204 3174 269 3207 dies
297 3171 499 3220 restringunt.
531 3174 583 3206 De
604 3172 666 3206 hoc
684 3174 808 3207 calculo
829 3170 953 3207 fortasse
974 3194 976 3200 ι

203 3220 298 3257 alitis.-
327 3219 378 3256 liic
390 3218 515 3256 tantum
526 3232 608 3256 noto
622 3223 821 3269 Anglicanos
835 3223 951 3256 Anno—

43 2866 186 2932 [ζ”ῗὲῖμ
202 2892 264 2912 rum
280 2879 473 2931 Anglz'corum
496 2882 529 2913 δε
548 2879 699 2912 aliorum.
732 2878 778 2910 [li
799 2889 954 2910 numeros
1045 2881 1179 2924 Naperus
1190 2876 1296 2910 noster
1313 2876 1394 2911 lunio
1408 2874 1650 2928 Briglitmannum
1666 2878 1743 2921 jun·
1762 2881 1845 2909 Etiam

14 2907 17 2964 i
50 2912 97 2974 24?
113 2917 125 2932 ⁰
205 2940 320 2963 omnes
330 2929 454 2963 nostros
466 2926 581 2962 volunt
592 2925 760 2965 definitos,
772 2924 872 2960 sedin
884 2928 950 2958 Da·
996 2939 1086 2974 gens,
1101 2931 1132 2960 δέ
1145 2926 1264 2972 aliquid
1275 2926 1315 2961 de
1327 2925 1382 2960 suo
1394 2926 1528 2965 addens,
1540 2938 1643 2960 annos
1656 2926 1745 2959 mille
1764 2921 1868 2960 Napcri.

998 2978 1157 3010 ducentos
1182 2973 1344 3023 sexaginta
1371 2975 1504 3010 inchoat
1530 2974 1569 3008 ab
1604 2976 1745 3022 Imperio

997 3025 1201 3065 Conflasztini,
1221 3025 1351 3072 quando
1367 3023 1513 3069 Sylveflro
1531 3027 1619 3072 Papae
1632 3025 1746 3059 urb-em

998 3077 1140 3109 Romam
1171 3076 1350 3120 Imperator
1386 3071 1568 3113 concessit,
1601 3072 1748 3122 adeoque

996 3123 1115 3158 claudit
1136 3124 1166 3156 in
1187 3136 1275 3156 auno
1303 3120 1472 3156 millesimo
1491 3123 1747 3170 quingentesimo

997 3171 1189 3220 sexagesimo
1208 3195 1217 3208 ‚
1241 3171 1372 3218 quando
1397 3173 1505 3206 Scotia
1524 3176 1555 3206 &
1573 3174 1694 3220 Anglia
1712 3177 1746 3206 &

996 3224 1063 3257 aliae
1090 3232 1202 3270 gentes
1228 3219 1438 3257 Pontificium
1461 3226 1580 3270 jugum
1607 3219 1747 3257 excusse-

1335 3271 1368 3304 Ii
1397 3283 1415 3305 2
1657 3279 1745 3308 tunt.
