2048 3343
432 102 497 129 ΕΤ
554 92 960 131 CHRoNOL

994 100 1021 128 o
1056 103 1079 129 e
1116 99 1193 129 tc
1224 103 1237 128 1
1294 92 1471 134 anu.

1659 90 1738 140 '235

193 165 339 216 jungitur
351 163 549 200 disertissime
563 167 595 200 in
608 178 674 200 uno
686 164 790 204 hirco,
805 165 836 199 in
849 167 940 207 cujus
957 164 961 188 i
982 165 1071 200 Hinc
1089 164 1174 200 certe
1195 161 1338 212 sequitur
1370 168 1487 214 Regna
1522 165 1737 203 successorum

193 218 295 263 capite
314 212 379 262 ipse
407 214 583 248 Alexander
600 214 677 249 facit
703 226 805 247 cornu
824 212 939 247 solita-
985 214 1172 248 effla-andri
1190 212 1249 248 effe
1261 226 1330 248 non
1349 215 1482 260 potuisse
1497 218 1647 264 Regnum
1658 216 1738 252 illud

189 268 286 301 rium,
298 267 329 298 δέ
345 277 382 298 eo
393 263 494 298 fracto
505 261 694 298 successores
704 260 849 296 efficiunt
860 273 940 307 qua-
983 260 1226 308 quartunucum
1239 275 1305 297 non
1315 265 1346 296 in
1359 264 1396 296 iis
1407 263 1457 297 sed
1469 268 1521 299 diu
1532 268 1667 313 posteac
1675 263 1738 300 lm-

189 325 264 348 tuot
275 326 393 348 cornua
405 315 437 348 in
451 312 608 348 confmffi
620 314 730 346 locum
741 307 940 344 enascentia:

979 312 1038 357 [lm
1052 322 1143 345 natus
1154 313 1189 347 sit
1201 337 1210 349 ‚
1223 316 1253 346 δέ
1270 310 1390 346 diutine
1403 312 1473 359 post
1484 327 1518 347 ea
1537 312 1646 349 chrisis
1665 315 1736 349 Re-

187 365 334 410 quinque
349 363 414 397 haec
433 372 554 395 cornua
570 362 602 394 in
621 361 713 394 unius
731 358 812 393 hirci
832 358 939 393 fronte
981 372 1083 406 gnum
1092 361 1287 396 ereetum-fit.
1315 359 1470 396 Praeterea
1485 363 1639 408 nusquam
1656 364 1734 399 dicit

186 412 391 448 consistentia
409 409 532 445 faciunt
565 412 750 444 Graecorum
784 410 938 457 Regnum
959 413 962 468 j

188 473 255 496 tam
280 473 381 494 unum
400 485 410 500 ,
435 458 533 507 quam
557 458 633 492 bina
655 461 688 494 in
711 460 815 507 capite
832 459 937 492 arietis

190 509 354 546 faciebant
383 521 485 544 unum
513 508 692 543 Medorum
719 513 750 544 δε
777 507 940 543 Persarum

191 561 360 607 Regnum.

239 606 395 643 Decimo.
421 607 577 655 Regnum
596 618 745 655 quartum
766 603 943 654 perseverat

190 659 229 694 ad
249 658 423 693 secundum
443 656 552 703 christi
569 658 744 691 adventum
760 671 772 698 ς
798 655 858 690 Sed
876 655 944 688 Re-

189 717 254 756 gna
267 705 479 742 successorum
494 706 659 740 Alexandri
668 705 772 740 eversa
784 703 857 739 sunt
869 713 943 737 ante

188 756 302 791 c'hn'fh
316 756 493 790 adventum
515 757 670 802 primurn.
701 755 808 799 Major
822 752 943 787 funda—

189 808 287 841 turin
304 807 389 839 Dan.
403 817 432 839 2.
445 818 476 841 v.
486 817 544 851 44.
557 808 588 839 δι’
600 816 633 846 7.
648 817 675 839 ν.
690 817 767 849 7.ac
779 817 813 846 9,
840 803 943 853 Priori

189 857 268 891 loco
282 882 290 895 ,
309 865 458 902 quartum
481 855 636 901 Regnum
656 851 831 900 perseverat
844 854 943 899 nique

189 905 268 940 dum
287 903 457 939 destruitur
475 901 669 937 &Dominio
689 912 808 936 aeterno
821 897 944 946 Christi.

189 954 279 1002 quod
299 954 379 988 nulli
405 953 458 986 alii
488 953 626 998 priticipi
646 963 703 985 aut
728 950 851 997 populo
872 947 944 994 post

191 1000 332 1044 Christum
353 1001 507 1036 tribuitur
525 1014 533 1035 :
561 1002 637 1035 loco
657 999 827 1045 posteriori
846 996 944 1031 bestia

192 1062 304 1101 quarta
317 1064 384 1086 non
396 1050 563 1096 aboletur.
575 1050 679 1083 donec
691 1044 945 1082 Chn'fflthronus

191 1102 230 1136 ad
240 1100 584 1144 universalejudicium
596 1097 742 1144 erigitur.

241 1150 345 1197 Qod
361 1148 411 1183 hic
431 1145 578 1181 Lmherus
593 1150 625 1181 &
645 1158 719 1180 cum
732 1159 772 1180 eo
790 1145 941 1180 aliiGer-

193 1201 282 1233 mani
301 1197 471 1243 Theologi
495 1195 701 1230 concludunt
732 1204 856 1230 certum
884 1192 943 1228 esse

163 1288 166 1292 .
189 1248 432 1282 Germanorum
443 1246 631 1292 Imperium,
643 1256 702 1279 nec
712 1243 729 1278 ὲ
739 1245 870 1283 Tamis,
883 1255 943 1278 nec

81 1752 125 1771 tr.

4 2671 5 2686 ¹
42 2665 64 2692 C
65 2663 168 2691 onir-tria

4 2703 5 2722 ἶ
45 2706 132 2735 Polani
137 2714 177 2731 ar-

2 2751 5 2769 Ι
42 2752 158 2784 gramenta

2 2794 4 2799 ’
38 2784 177 2821 solvamur.

95 2838 102 2855 i
111 2846 117 2854 .

188 1296 231 1332 ab
244 1297 312 1330 aliis
324 1293 491 1344 quibusvis
500 1296 567 1329 erui
580 1295 663 1342 posse
681 1290 779 1341 usque
793 1293 831 1327 ad
844 1306 942 1327 mun-

189 1345 220 1380 di
234 1344 334 1379 finem
346 1372 354 1387 ‚
373 1358 442 1379 non
455 1344 499 1379 est
508 1343 581 1378 satis
596 1342 745 1378 solidum.
769 1344 854 1377 Nam
866 1342 944 1391 quid

188 1406 272 1431 vetat
285 1396 429 1429 Turcam
440 1394 603 1429 sedentem
628 1392 944 1440 Constantinopoli,

187 1448 221 1480 &
233 1457 291 1491 pro
307 1445 526 1478 Orientalium
539 1446 774 1489 Imperatorum
787 1441 944 1477 successo-

189 1507 223 1528 re
234 1494 263 1527 se
274 1492 429 1528 ferentem
442 1517 452 1533 ‚
474 1492 586 1527 haberi
603 1488 688 1539 posse
701 1504 761 1538 pro
771 1493 873 1526 altero
884 1505 944 1539 pe-

190 1544 229 1577 de
240 1566 247 1578 ‚
263 1555 367 1590 eoque
378 1541 521 1577 maxime
542 1540 648 1575 ferreo
661 1541 805 1575 Romani
816 1541 945 1576 Princi-

191 1590 305 1640 patfiS,
332 1603 396 1625 tam
418 1604 514 1639 quam
542 1592 731 1626 Germaniae
757 1591 944 1638 Principem

191 1654 292 1689 prope
305 1642 438 1687 ‚luteum
458 1644 490 1676 &
509 1640 682 1676 testaceum
701 1639 862 1676 sedentem
887 1641 946 1676 Vi·

195 1705 298 1726 ennce.

244 1740 396 1788 Denique
420 1741 493 1787 plus
518 1737 594 1774 facit
614 1739 652 1774 ad
673 1739 811 1788 gloriam
833 1735 947 1773 Chrifli

193 1789 366 1834 θεοινθςώπε
377 1816 386 1831 ,
403 1801 437 1823 ut
455 1789 524 1837 post
537 1791 796 1824 incarnationem
807 1791 871 1834 jam
884 1788 946 1822 ho-

191 1851 249 1873 mo
272 1838 376 1873 faetus
394 1839 533 1873 destruat
553 1841 742 1874 Romanum
769 1839 944 1886 Imperium

189 1889 368 1923 maximum
388 1913 397 1928 ‚
419 1887 608 1936 caeterasque
633 1888 748 1923 mundi
774 1887 946 1935 potestates

188 1938 383 1972 mediatorio
404 1937 460 1972 suo
473 1938 591 1986 Regno
604 1938 770 1982 subjiciat,
800 1935 944 1986 quamut

187 1986 297 2021 divinfi
308 1986 360 2021 sua
372 1992 403 2022 ὅ(
416 1998 545 2022 tantum
556 1988 719 2022 ordinaria
738 1986 944 2023 Providentia

187 2038 307 2084 Regna
328 2037 522 2072 Graecorum
542 2038 596 2071 diu
612 2048 687 2072 ante
706 2037 734 2072 se
754 2047 870 2072 natum
890 2049 942 2071 ex-

185 2086 291 2120 tineta
301 2085 439 2120 aboleat.
464 2088 632 2121 Sententia
643 2088 829 2121 communis
838 2083 943 2131 christi

187 2134 377 2170 mediatoris
389 2135 552 2170 honorem
562 2139 593 2170 &
606 2138 788 2183 potentiam
799 2135 945 2176 illustrat,

182 2197 287 2233 vquarn
308 2183 479 2220 adversaria
498 2184 640 2220 multum
660 2186 808 2220 obscurat
827 2189 859 2219 &
879 2187 944 2219 im-

194 2245 323 2268 minuit.

242 2283 304 2316 Sed
321 2283 484 2318 videamus
503 2296 573 2331 quae
588 2284 638 2318 vel
656 2297 715 2332 pro
733 2282 764 2319 se
773 2283 821 2318 vel
833 2294 945 2318 contra

196 2342 256 2364 nos
266 2330 441 2366 Adversarii
459 2330 510 2366 hic
528 2331 674 2366 afferant.
699 2334 832 2378 ‘Piscator
841 2345 943 2366 unum

195 2376 327 2413 tantum
342 2379 437 2414 habet
449 2391 677 2426 argumentum
690 2406 698 2420 ,
718 2385 750 2415 &
766 2380 891 2414 Rollocus
899 2381 945 2414 al-

195 2439 301 2463 terum
315 2452 324 2467 ‚
350 2428 470 2476 quibus
488 2429 584 2462 lunius
603 2429 695 2463 addit
718 2431 861 2464 tertium.
887 2429 946 2464 Ista

196 2476 348 2511 Deodatus
361 2480 394 2511 &
406 2477 566 2524 Anglicani
577 2478 780 2512 recentiffimi
793 2489 946 2512 mutuan-

193 2536 257 2563 tur,
272 2525 351 2560 nihil
363 2526 524 2561 addentes
536 2527 574 2561 de
586 2526 641 2561 suo
658 2540 668 2568 ς
693 2528 743 2562 sed
754 2526 874 2561 Polanus
886 2528 946 2561 tria

192 2576 246 2609 illa
263 2576 462 2611 extendit-ad
481 2577 631 2611 undecim
643 2601 653 2617 ,
682 2590 752 2624 quae
763 2589 824 2611 nos
834 2577 945 2611 omnia

194 2626 302 2672 paucis
313 2625 433 2659 diluere
446 2626 650 2661 conabimur.

244 2675 388 2708 Primum
408 2674 521 2709 ‘Polam'
547 2686 778 2722 argumentum
806 2674 870 2709 hoc
890 2673 944 2708 est.

196 2723 261 2758 Sub
271 2723 371 2758 finem
381 2725 487 2771 Regni
500 2727 604 2772 quarti
616 2736 767 2759 venturus
778 2735 845 2759 erat
858 2724 942 2770 Mefi-

187 2775 243 2816 siau
259 2798 269 2813 ‚
304 2777 338 2808 ἃ
358 2773 573 2808 ἀείὶωᾶυωε
598 2776 712 2807 omnia
729 2775 865 2820 imperia
890 2786 945 2819 per

194 2824 371 2870 Imaginem
385 2822 624 2869 repraesentata:
655 2822 718 2857 Sed
735 2824 856 2868 Messm
875 2834 944 2855 non

195 2874 283 2905 venit
293 2871 348 2905 sub
358 2871 456 2907 finem
475 2872 675 2907 Monarchiae
685 2873 863 2910 Romanae,
885 2882 944 2904 nec

195 2931 265 2954 eam
277 2919 330 2954 suo
342 2922 482 2956 adventu
493 2921 669 2956 destruxit:
696 2920 766 2955 imo
778 2919 857 2955 veto
868 2931 946 2954 nato

196 2965 314 3001 Clm‘sso
333 2969 442 3004 floruit
460 2970 557 3018 quam
585 2971 727 3005 maxime
753 2971 945 3005 Romanum

195 3020 381 3064 Imperium.
421 3020 518 3064 Resp.
543 3018 677 3055 (hrist'm
705 3031 858 3055 venturus
882 3029 947 3052 erat

197 3079 265 3101 non
285 3065 341 3100 sub
360 3066 458 3102 finem
478 3066 531 3102 scd
547 3082 621 3104 ante
638 3069 770 3104 finitum
790 3071 944 3115 Regnum

982 409 1144 455 Scriptura
1155 435 1163 448 ‚
1180 417 1197 443 (.
1208 407 1321 448 lmllum
1334 410 1438 444 statim
1453 409 1470 444 εὶ
1485 411 1594 457 primo
1606 413 1661 446 (uo
1676 413 1731 447 acl-

983 469 1080 493 vcntu
1091 458 1326 493 destrueturum
1339 460 1491 507 Regnum
1507 471 1671 507 quartum,
1684 461 1737 496 sed

983 506 1112 541 tantum
1124 507 1369 542 destructurum.
1395 511 1490 555 Lapis
1501 509 1625 543 excisus
1635 509 1673 544 de
1684 523 1739 543 ru-

985 569 1022 603 pe
1034 556 1213 591 aboliturus
1229 568 1295 592 erat
1310 560 1508 605 Imaginem,
1530 559 1659 593 sednon
1675 558 1738 592 sta-

984 606 1045 639 tim
1057 609 1088 640 &
1105 619 1201 653 quam
1223 606 1362 652 primurn
1382 607 1506 641 excisus
1524 607 1589 642 est:
1616 607 1679 642 hoc
1691 607 1739 642 fa·-

985 655 1094 688 nurus
1106 666 1173 689 erat
1185 652 1318 690 chrissus
1328 666 1393 690 tem
1401 669 1476 703 pore
1489 667 1689 704 opportune,
1702 661 1739 691 δε

986 704 1103 751 partim
1115 707 1183 748 jam
1194 704 1314 738 dudum
1325 705 1481 752 praestitit,
1491 719 1526 740 ac
1536 708 1652 753 partim
1663 706 1741 740 ante

985 755 1061 787 &in
1074 752 1216 789 adventu
1227 756 1282 789 {uo
1299 754 1442 790 secundo
1457 754 1561 790 adhuc
1580 755 1741 804 praestitu-

984 814 1037 837 rus
1048 800 1104 836 est.

1033 850 1228 885 Secundum.
1262 851 1417 899 Regnum

985 899 1028 934 est
1039 899 1176 934 divisum
1189 901 1222 933 in
1232 899 1297 934 duo
1308 913 1410 941 crura,
1420 902 1497 937 duas
1508 902 1630 938 scilicet
1643 902 1740 938 fami-

986 946 1042 982 lias
1056 948 1239 999 Lagidarum
1257 952 1289 983 ὃ(
1301 950 1512 985 Seleucidas—um
1526 975 1537 991 ‚
1565 953 1616 987 led
1634 956 1743 1000 Impe-

987 998 1068 1031 rium
1082 998 1271 1032 Romanum
1290 1011 1359 1033 non
1370 998 1475 1033 statim
1488 1000 1621 1035 divisum
1632 1002 1696 1036 fuit
1708 1004 1744 1036 in

987 1046 1064 1082 duo.
1092 1045 1192 1093 Resp.
1217 1048 1294 1082 Non
1312 1049 1392 1082 dicit
1410 1048 1570 1096 Propheta
1587 1050 1745 1096 Regnum

987 1107 1139 1142 quartum
1154 1096 1260 1130 statim
1278 1096 1417 1133 divisum
1431 1099 1469 1132 iri
1481 1099 1513 1131 in
1525 1098 1591 1132 duo
1605 1124 1614 1138 ‚
1631 1111 1749 1146 reprae-

987 1144 1088 1179 sentat
1099 1145 1229 1192 quidem
1240 1146 1395 1195 Regnum
1406 1157 1559 1194 quartum
1571 1146 1629 1182 sub
1642 1147 1746 1196 figura

988 1195 1127 1228 duorum
1147 1195 1286 1242 pedum‚·
1324 1195 1376 1231 sed
1397 1196 1514 1231 binitas
1535 1198 1653 1244 pedum
1675 1210 1746 1232 non

988 1245 1090 1292 magis
1104 1246 1259 1291 importat
1269 1245 1464 1281 divifionem
1482 1247 1578 1281 unius
1594 1248 1698 1294 Regni
1711 1248 1745 1282 in

989 1293 1067 1327 bina
1079 1317 1089 1333 ‚
1109 1295 1206 1341 quam
1218 1293 1339 1330 binitas
1350 1308 1507 1331 aereorum
1519 1295 1681 1331 femorum
1699 1294 1749 1331 se-

989 1342 1082 1377 cabat
1099 1342 1267 1378 Alexandri
1284 1345 1438 1393 Regnum
1462 1345 1531 1393 ipso
1555 1347 1688 1382 vivente
1710 1348 1746 1380 in

988 1392 1054 1426 duo
1065 1416 1074 1428 ,
1099 1405 1152 1428 aut
1164 1391 1283 1427 binitas
1298 1394 1505 1429 brachiorum
1519 1405 1746 1443 argenteorum

990 1441 1148 1476 Persarum
1161 1443 1277 1491 Regna
1288 1443 1451 1479 dividebat
1462 1446 1494 1479 in
1505 1443 1747 1485 duo‚1’raeterea

990 1491 1209 1526 concedamus
1223 1492 1342 1527 notaifl'e
1357 1493 1517 1528 Danielem
1527 1494 1743 1529 dividendum

989 1539 1080 1575 fuiffe
1090 1542 1243 1589 Regnum
1253 1546 1421 1589 quartum,
1434 1543 1516 1578 nihil
1532 1555 1638 1577 tamen
1646 1543 1745 1578 habet

989 1590 1078 1639 quod
1088 1592 1244 1638 importat
1255 1591 1446 1626 divisionem
1458 1592 1539 1627 hanc
1551 1592 1642 1627 fuisse
1653 1590 1746 1627 futu-

989 1654 1054 1675 ram
1066 1641 1116 1675 vel
1128 1642 1234 1675 statim
1246 1642 1358 1688 Regni
1377 1643 1490 1682 initio,
1506 1643 1555 1676 vel
1567 1654 1746 1690 antequam

988 1691 1139 1738 Regnum
1161 1689 1366 1724 descendnset
1386 1692 1423 1726 ad
1444 1691 1537 1738 pedes
1563 1696 1598 1725 δέ
1624 1691 1747 1739 digitos

990 1743 1123 1788 pedum,
1140 1750 1210 1773 tum
1221 1740 1353 1774 demum
1366 1754 1431 1775 non
1444 1743 1476 1775 in
1486 1741 1551 1775 duo
1562 1740 1616 1776 sed
1629 1741 1745 1775 decem

990 1789 1109 1838 pedum
1123 1789 1244 1836 digitos
1256 1789 1468 1825 dividendum
1479 1789 1542 1825 fuit
1552 1816 1562 1832 ‚
1586 1802 1669 1838 quot
1678 1790 1745 1824 ho-

992 1841 1043 1875 die
1056 1840 1171 1886 Regna
1183 1850 1222 1872 ex
1239 1839 1394 1874 Romano
1406 1842 1547 1888 Imperio
1559 1851 1653 1874 enata
1671 1841 1747 1888 qui-

989 1889 1063 1923 dam
1084 1898 1268 1922 numerant.
1297 1889 1338 1922 Et
1355 1889 1376 1923 fi
1395 1887 1477 1924 olim
1498 1891 1596 1924 etiam
1612 1890 1746 1925 Roma-

989 1950 1067 1973 num
1081 1939 1258 1983 Imperium
1272 1937 1411 1973 divisum
1423 1937 1500 1986 saepe
1511 1938 1651 1974 fueritin
1664 1940 1746 1974 duo:

989 1990 1058 2022 duae
1077 1985 1235 2021 faffiones
1259 1989 1291 2021 in
1311 2000 1351 2021 eo
1377 1986 1509 2022 fuerunt
1535 1988 1742 2034 pervetustae‚

989 2038 1143 2072 nimirum
1158 2038 1240 2070 inter
1252 2036 1350 2082 Syllam
1363 2041 1393 2071 δι.
1407 2036 1546 2071 Adarium
1557 2059 1565 2072 ‚
1575 2038 1744 2071 Ciceronem

988 2091 1021 2121 &
1037 2085 1199 2121 Catilinam
1210 2109 1220 2125 ,
1233 2088 1400 2134 Pompejnm
1416 2089 1450 2120 &
1463 2089 1596 2133 Caefhrem
1608 2110 1619 2127 ‚
1630 2089 1745 2136 Augu-

982 2136 1058 2182 stum
1070 2140 1100 2171 δι
1113 2135 1291 2170 Antonium.
1319 2136 1377 2169 Per
1388 2134 1508 2176 multas
1522 2137 1619 2170 etiam
1640 2148 1745 2170 anno-

989 2199 1061 2220 rum
1079 2186 1242 2220 centurias
1259 2184 1397 2221 stabilita
1414 2185 1479 2219 fuit
1492 2186 1669 2220 Orientalis
1679 2187 1745 2219 Irn-

991 2236 1071 2281 perii
1088 2233 1128 2267 ab
1150 2234 1360 2268 occidentali
1377 2233 1489 2269 divifio
1508 2257 1518 2271 ‚
1547 2237 1580 2268 &
1599 2236 1633 2268 in
1654 2233 1743 2268 hunc

990 2282 1088 2331 usque
1098 2284 1185 2318 diem
1196 2284 1341 2318 Romani
1353 2284 1485 2330 Imperii
1495 2281 1744 2331 infigneestdu—

990 2334 1064 2380 plex
1076 2334 1205 2380 Aquila.
1233 2333 1337 2380 Qod
1350 2333 1387 2367 ad
1400 2330 1588 2367 successores
1602 2332 1745 2366 Alexan-

991 2382 1036 2415 dn·
1051 2406 1061 2422 ‚
1089 2393 1123 2415 ut
1141 2384 1173 2416 in
1189 2381 1323 2415 historia
1343 2381 1450 2416 videre
1472 2380 1535 2415 est,
1563 2381 1656 2414 multi
1668 2381 1745 2414 anni

990 2429 1083 2477 elapsi
1096 2430 1167 2464 sunt
1176 2429 1364 2478 priusquam
1383 2428 1605 2464 dividerentur
1616 2430 1648 2463 in
1658 2428 1723 2463 duo
1734 2441 1745 2463 ε

992 2481 1157 2526 Scriptura
1176 2493 1233 2514 eos
1250 2477 1446 2526 repraesentat
1466 2489 1500 2512 ut
1513 2488 1656 2525 quatuor
1673 2490 1747 2512 cor-

993 2540 1056 2561 nua
1068 2531 1100 2561 3:
1110 2538 1253 2574 quatuor
1262 2529 1377 2572 capita,
1388 2526 1541 2574 nusquam
1554 2539 1590 2559 ut
1600 2527 1676 2561 duo.
1702 2527 1746 2561 Et

993 2578 1090 2616 vere),
1108 2587 1209 2610 cornu
1223 2576 1408 2624 primarium
1421 2574 1483 2609 fuit
1502 2576 1654 2620 Regnum
1667 2576 1744 2610 Ma-

992 2625 1185 2660 cedonicum
1205 2648 1215 2661 ‚
1243 2624 1369 2671 dignius
1392 2626 1440 2660 vel
1472 2627 1662 2672 AEgyptiaco
1689 2626 1742 2661 vel

992 2675 1121 2722 Syriaco
1132 2700 1140 2713 ‚
1167 2674 1273 2709 donec
1285 2676 1318 2708 in
1328 2675 1442 2709 I‘erleo
1452 2673 1469 2708 ὲ
1480 2675 1643 2708 Romanis
1653 2687 1743 2720 everf

992 2725 1058 2758 sum
1075 2724 1130 2758 est.

1043 2772 1147 2818 Qiod
1160 2771 1180 2806 fi
1191 2772 1319 2818 Judaeos
1332 2771 1488 2818 respicias,
1501 2773 1536 2806 iis
1545 2771 1671 2819 quidem
1684 2775 1746 2807 La-

984 2821 1062 2871 gidae
1073 2824 1219 2868 AEgyptii
1230 2822 1405 2870 aliquando
1417 2821 1681 2862 dominabantur,
1694 2821 1747 2856 sed

994 2882 1104 2904 tamen
1120 2872 1231 2904 omnis
1241 2872 1424 2919 Judaeorum
1438 2870 1616 2918 persecutio
1631 2869 1649 2904 εὶ
1669 2870 1746 2906 solis

994 2918 1162 2959 Sele-acidis,
1175 2932 1379 2968 nequaquam
1401 2919 1418 2953 ἐι
1434 2921 1552 2970 Lagtdis
1574 2922 1725 2966 provenit
1736 2944 1747 2961 ‚

992 2971 1036 3003 ita
1047 2980 1083 3003 ut
1095 2969 1182 3004 nulla
1193 2969 1368 3004 commoda
1381 2971 1463 3003 ratio
1475 2966 1510 3004 iit
1522 2982 1580 3017 pro
1592 2969 1746 3006 divisione

994 3019 1102 3065 Regni
1113 3018 1246 3053 Graeciae
1259 3021 1290 3053 in
1302 3020 1378 3052 duo.

1039 3069 1190 3101 Tertium
1215 3068 1320 3101 Polam·
1338 3078 1577 3114 argumentum.
1601 3068 1743 3103 Familiae.

197 3127 348 3163 quartum
365 3141 375 3156 ,
395 3118 428 3150 in
440 3116 553 3151 diebus
569 3118 688 3154 scilicet
704 3120 811 3167 Regni
822 3118 945 3165 quarti,
970 3134 971 3159 l
993 3127 1144 3163 quartum
1157 3117 1310 3164 Regnum
1323 3117 1574 3152 administrantes
1583 3117 1647 3152 suas
1657 3118 1744 3152 divi-

197 3176 274 3200 nam
299 3177 390 3201 natus
413 3164 457 3200 cst
483 3164 617 3204 florente
644 3169 783 3220 Augus'io
813 3167 945 3204 Caesate.

994 3166 1096 3203 sioncs
1121 3169 1282 3215 conjugiis
1303 3166 1503 3204 conabantur
1520 3179 1628 3204 curare
1645 3185 1655 3209 ,-
1680 3166 1743 3201 Sed

1330 3215 1399 3265 Gg
1427 3228 1446 3265 2.
1682 3216 1746 3263 1³10,

1454 863 1604 902 quartum
1632 854 1738 889 statim
1780 894 1786 901 ¹
1818 884 1825 892 ,
