2048 3343
37 1369 127 1414 Nequ-

35 1416 132 1450 ,unta

34 1781 120 1810 Sexta
127 1786 157 1804 ex

34 1821 90 1850 alcis
96 1830 152 1847 con-

424 152 491 182 ετ
548 144 1234 184 CHRONOLOGICI

185 227 350 263 interram
379 219 534 255 chanaan
560 216 761 254 reducendos
782 213 943 250 arbitran-

185 287 256 313 tur,
278 271 368 307 utibi
381 270 649 316 Hierosolymam
663 263 877 302 rcaedificent,
907 265 941 295 &

184 322 294 373 priscis
305 320 364 355 suis
374 317 634 355 habitationibus
643 315 797 350 fruantur
809 336 818 351 ,
833 311 889 346 ubi
901 311 940 344 ri-

185 385 222 409 tu
245 370 434 408 Christiano
452 369 486 401 in
508 364 630 413 magnii
650 375 726 410 pace
745 360 942 396 &felicitate

183 425 282 459 etiam
304 414 468 455 mundana
490 415 529 449 ad
549 413 724 449 secundum
746 410 870 446 Christi
887 408 942 443 ad-

183 482 317 509 ventum
332 470 439 502 Deum
452 466 574 500 colant.
601 463 654 497 Ad
663 462 728 496 hoc
737 458 944 508 propositum

185 523 252 557 loci
262 520 296 554 lii
310 514 470 557 Ezekielis,
482 513 503 548 si
514 515 569 561 qui
581 513 647 553 alii,
660 509 803 546 multum
814 509 944 544 tendere

186 571 356 607 videntur,
385 564 557 612 quomodo
577 574 687 597 antem
704 560 867 609 applicent
879 558 943 593 sin-

186 622 277 669 gulas
290 616 458 664 Prophetae
471 624 575 661 partes
586 612 755 647 literaliter
764 635 774 652 ,
799 620 855 644 aut
866 620 945 657 quas

186 681 297 706 earum
315 665 447 712 mystice
465 666 722 711 interpretentur
737 685 747 701 ,
775 672 827 694 me
845 660 944 698 latet,

186 719 338 756 nondum
360 716 447 749 enim
469 713 565 758 hujus
585 711 748 746 sententiae
761 708 944 744 asseclarum

185 770 256 806 ulla
278 769 312 801 in
343 762 514 804 Ezekielem
547 760 665 809 scripta
693 762 728 795 in
758 770 846 792 meas
873 769 945 791 ma-

188 831 250 855 nus
265 824 490 864 pervenerunt.
528 810 581 846 1².st
601 809 734 858 quidem
748 806 851 856 prima
864 806 946 841 facie

184 867 348 905 sententia
365 864 433 899 haec
445 860 585 910 speciosa
597 886 606 899 ,
632 872 702 908 quae
722 859 850 893 multos
862 859 947 891 Pro-

186 918 360 967 phetarum
373 913 465 948 locos
482 909 558 944 alias
569 908 716 943 difficiles
729 905 821 942 facile
837 905 948 952 expla-

186 979 257 1006 nat,
274 965 324 1000 sed
337 973 549 1008 praeterquam
564 958 653 1006 quod
665 970 753 992 nova
763 957 819 997 sit,
845 957 944 990 alium

187 1016 207 1053 Ξ
233 1011 491 1051 protestantibus
526 1007 683 1043 omnibus
718 1004 950 1052 Interpretibus

188 1066 358 1103 tramitem
373 1059 518 1096 insistens
532 1083 542 1095 ‚
566 1067 678 1092 metuo
698 1054 787 1090 valde
798 1052 872 1089 cum
895 1064 949 1087 to-

191 1127 261 1152 tam
274 1115 382 1149 lucem
405 1106 563 1158 prodissrit
575 1133 584 1146 ,
609 1118 650 1141 ne
661 1105 760 1139 nimis
773 1103 948 1139 Chiliasta-

193 1178 270 1202 xum
281 1161 382 1200 vitula‘i
397 1155 489 1193 arasse
499 1155 731 1203 comperiatur.
758 1154 953 1200 Utcunque,

193 1215 312 1250 camin
323 1206 484 1258 praesentia
493 1219 563 1240 non
573 1202 832 1239 examinabimus
842 1227 852 1243 ‚
872 1215 950 1249 prae-

193 1263 349 1301 stolantcs
371 1257 621 1304 dumintegram
640 1251 749 1300 apert&
760 1250 840 1287 facie
858 1256 951 1288 &re-

195 1322 291 1348 moto
301 1308 396 1343 omni
408 1306 482 1342 velo
493 1304 743 1351 conspiciamus.

245 1360 374 1403 Quinta
390 1353 546 1390 sententia
556 1353 600 1389 est
611 1364 726 1387 eorum
736 1351 794 1399 qui
806 1347 952 1389 Ezekielia

194 1411 354 1460 tEmplum
364 1432 374 1449 ‚
384 1405 509 1444 urbem,
520 1408 550 1439 &
562 1414 653 1438 terra:
664 1401 859 1436 divisionem
872 1422 880 1435 ‚
889 1395 954 1434 una

190 1474 268 1499 cum
289 1459 402 1496 Ioannia
418 1453 504 1492 novzi
522 1450 726 1489 Hierusalem
739 1450 878 1498 Apocal.
891 1460 950 1483 21.

195 1525 254 1548 22.
291 1509 331 1544 ad
352 1505 532 1542 Ecclesiam
560 1505 596 1537 in
623 1502 716 1536 coelis
742 1497 953 1546 triumphan-

190 1573 260 1597 tem
271 1557 416 1595 referunt
426 1581 434 1593 ,
446 1558 481 1590 in
493 1554 590 1600 hujus
601 1552 699 1586 etiam
710 1548 869 1584 sententia
877 1561 953 1582 exa-

191 1623 270 1647 men
281 1609 434 1644 nolumus
443 1603 494 1639 hic
503 1600 705 1640 descendere,
717 1598 793 1634 esim
806 1598 953 1646 proprius

194 1660 302 1707 magis
314 1661 345 1693 &
356 1654 568 1691 commodior
578 1654 607 1688 ei
619 1653 711 1686 locus
722 1651 755 1684 in
765 1647 953 1698 quaestioni.

193 1709 255 1745 bus
268 1706 513 1756 Apocalypticis
523 1710 699 1739 remaneat.

243 1758 296 1793 De
311 1757 450 1792 aliorum
463 1765 574 1789 mente
583 1752 725 1787 diximus
740 1772 750 1789 ,
776 1747 884 1783 nostra
909 1744 955 1790 (si

196 1811 322 1858 Judaeos
339 1803 515 1843 excludas)
542 1816 581 1838 ex
599 1802 731 1849 reliquis
743 1796 787 1833 est
805 1795 955 1832 conflata.

196 1861 326 1896 Ultima
342 1856 409 1891 haec
430 1850 579 1893 Ezelielis
606 1851 685 1888 visio
702 1849 740 1884 ad
758 1847 886 1896 Judaeos
896 1847 954 1881 Ba-

133 1903 150 1923 ’“
196 1909 319 1957 bylone
331 1905 439 1941 exules
451 1902 670 1938 consolandos
682 1899 698 1935 a
710 1901 784 1934 Deo
794 1895 884 1932 missa
894 1923 903 1937 ,
916 1896 955 1932 ad

199 1969 348 2005 tempora
373 1964 514 2002 quatuor
540 1950 705 1987 reserenda
724 1948 863 1984 videtur.
887 1948 956 1982 Pri-

195 2007 298 2045 mom
305 2008 373 2040 ulta
383 2003 482 2038 habet
492 2002 531 2037 de
542 2001 768 2036 restauratione
778 1995 895 2045 templi
905 1995 955 2031 se-

197 2058 297 2095 cundi
308 2060 339 2091 &
353 2054 468 2103 populi
479 2052 587 2087 reditu
598 2051 636 2085 ad
649 2047 808 2084 desertam
821 2048 908 2083 suam
918 2049 954 2081 δε

197 2107 375 2145 desolatam
389 2098 779 2151 patriam.Secund6,quae
788 2098 862 2133 huic
872 2108 957 2132 tem·

195 2153 523 2207 poriaccommodari
542 2163 612 2186 non
632 2150 762 2198 possunt
778 2147 958 2187 sarmulta,

197 2219 313 2244 eorum
326 2216 445 2252 magna
456 2214 526 2250 pars
534 2201 574 2236 ad
584 2202 692 2248 priora
700 2197 844 2233 Ecclesiae
857 2196 956 2231 Chri-

198 2256 308 2292 stianae
319 2264 469 2301 tempora
480 2251 645 2300 spe&ant:
673 2250 730 2284 ubi
743 2249 806 2282 Dei
816 2247 960 2294 populus

200 2305 364 2351 exJudaeis
376 2307 407 2337 δι
417 2301 571 2350 gentibus
582 2297 782 2346 compositus
794 2294 960 2345 augustius

200 2352 309 2389 multo
320 2354 485 2398 templum
495 2377 503 2389 ,
513 2354 544 2383 &
557 2350 716 2394 ampliora
726 2348 797 2380 tum
809 2349 843 2380 in
856 2346 959 2391 Spiri-

201 2402 346 2438 tualibus
363 2413 436 2434 turn
457 2400 491 2432 in
510 2396 748 2444 temporalibus
765 2397 865 2429 aDeo
876 2394 961 2427 dona

203 2449 338 2501 possedit
347 2476 356 2488 ‚
371 2461 467 2494 quarn
479 2447 591 2481 seculis
602 2444 765 2493 prioribus
777 2441 962 2491 assequeba—

201 2513 263 2536 tur.
290 2497 406 2534 Tertio
416 2522 424 2538 ‚
442 2498 584 2543 aliquam
593 2496 702 2530 multae
713 2493 844 2528 visionis
857 2504 960 2540 partes

202 2549 311 2587 referri
324 2548 475 2582 videntur
484 2545 525 2580 ad
537 2557 685 2592 tempora
695 2542 841 2577 Ecclefiae
851 2543 885 2576 in
897 2553 961 2576 ter-

207 2602 251 2635 ris
263 2600 378 2634 ultima
392 2622 403 2637 ,
431 2596 564 2645 quando
576 2605 647 2629 tota
657 2593 775 2629 domus
796 2590 886 2626 lambi
898 2616 906 2628 ‚
930 2595 962 2626 δι

208 2652 372 2697 integrum
404 2645 611 2681 Israelitaruin
637 2655 753 2690 corpus
787 2643 819 2676 in
846 2639 964 2675 infide-

206 2701 297 2735 litate
312 2710 347 2732 ac
362 2696 465 2731 craffis
474 2694 618 2730 tenebris
628 2693 725 2728 hodie
737 2690 897 2739 sepultum
911 2703 963 2724 re-

204 2748 315 2796 surget
326 2746 342 2781 a
353 2747 492 2781 mortuis
503 2770 512 2785 ‚
528 2748 562 2778 δε
574 2742 636 2779 una
648 2756 722 2778 cum
732 2743 881 2789 gentium
895 2740 964 2786 ple-

206 2798 359 2834 nitudine
370 2795 492 2830 fruetur
504 2796 541 2828 iis
552 2795 614 2828 Dei
624 2790 867 2840 promissis‚quae
879 2801 967 2824 non-

208 2849 286 2882 dum
309 2845 444 2894 praestita
470 2853 633 2891 apparent.
671 2838 803 2882 Quarto
814 2865 823 2878 ‚
852 2851 921 2885 qua:
932 2840 966 2871 in

209 2895 271 2931 hac
290 2896 412 2930 visione
429 2899 463 2929 &
485 2894 553 2928 aliis
573 2891 744 2937 Prophetis
754 2888 902 2924 Ecclesia:
914 2884 968 2920 seu

212 2944 398 2993 Judaeorum
409 2970 418 2985 ‚
445 2943 496 2978 seu
509 2942 657 2991 gentium
674 2965 684 2981 ‚
710 2938 763 2974 seu
778 2952 815 2974 ex
828 2935 968 2984 utrisque

216 2995 326 3035 mixtae
339 2996 372 3028 in
384 2996 475 3028 terris
487 3005 554 3027 non
566 2991 771 3026 conveniunt
785 3013 794 3029 ‚
822 3001 859 3022 ea
878 2986 917 3020 ad
930 2984 965 3018 su

214 3055 344 3091 pernam
356 3043 556 3077 Hierusalem
568 3038 673 3074 secure
682 3063 691 3075 ‚
711 3042 745 3073 &t
757 3037 874 3085 absque
887 3035 967 3084 peri-

215 3092 292 3127 culo
310 3093 424 3125 erroris
448 3089 557 3124 referri
585 3087 718 3136 possunt
735 3103 744 3121 .·
773 3087 969 3132 distinguere

215 3154 327 3177 autem
338 3139 468 3173 visionis
482 3150 586 3186 partes
596 3163 604 3176 ,
622 3143 652 3172 &
665 3135 723 3172 suo
735 3137 876 3184 quasque
890 3145 971 3168 tem-

1297 137 1422 177 an.
1452 136 1482 177 1.
1667 147 1740 185 283

987 222 1154 262 utcunque
1172 209 1270 246 nobis
1289 210 1321 244 in
1335 209 1497 256 praesentia
1515 209 1553 245 ad
1564 208 1646 246 hanc
1657 222 1743 258 ope·

990 274 1056 297 ram
1069 275 1177 311 neque
1187 262 1296 296 otium
1306 258 1351 294 est
1359 281 1370 299 ,
1382 272 1487 308 neque
1497 261 1638 296 animus.

1165 348 1562 390 QJAEST101X.

1002 425 1076 458 eAn
1092 422 1135 456 ad
1151 422 1224 455 hanc
1245 418 1395 466 Epocham
1413 417 1607 453 maximarum
1626 418 1739 456 urbium

1104 470 1246 507 Ninives
1259 474 1296 508 (7
1307 469 1485 552 Bagylonis
1495 468 1640 504 excidium

1304 521 1348 568 spe
1376 529 1404 552 et
1415 522 1432 552 ?

991 601 1274 659 MAximarum
1301 599 1432 636 urbium
1461 598 1614 635 finistima
1642 596 1752 634 solent

1079 650 1137 687 effe
1150 651 1215 686 fata
1229 675 1239 692 ,
1262 661 1434 699 paucarum
1455 651 1592 684 memini
1614 650 1647 683 in
1666 650 1754 684 anti-

991 701 1053 750 qufi
1065 699 1198 735 historiz‘i
1209 713 1279 749 quae
1290 699 1345 735 sub
1358 698 1537 747 insignibus
1558 699 1754 733 calamitati-

995 752 1054 787 bus
1065 750 1146 798 saepe
1158 763 1226 785 non
1239 761 1432 798 gemuerunt
1445 765 1455 792 3
1482 747 1552 783 imo
1563 747 1640 783 vero
1654 747 1754 783 hodie

995 802 1029 836 in
1039 800 1104 836 suis
1115 798 1285 835 ruderibus
1301 798 1346 843 (si
1358 795 1459 833 modo
1470 797 1625 846 supersint
1640 799 1690 833 vel
1700 809 1755 831 ru-

995 851 1098 892 dera)
1120 850 1280 896 pleraeque
1300 849 1429 896 sepultae
1447 851 1577 894 jacent,
1604 850 1756 896 antiqua-

996 913 1067 936 rum
1079 897 1174 932 facile
1184 899 1346 946 principes
1356 899 1476 933 Ninive
1486 900 1522 931 &
1533 895 1658 941 Babylon
1671 922 1681 937 ,
1703 909 1753 931 re-
1770 893 1843 962 ἔφη
1851 895 1903 922 Bao*

1780 946 1800 972 y
1813 946 1857 962 One

1770 979 1872 1005 Ninive

996 950 1056 997 giae
1083 946 1343 982 Monarcharum
1369 947 1570 994 Assyriorum
1597 950 1630 981 δι
1649 943 1754 980 Chal-

997 999 1141 1033 daeorum
1153 995 1240 1031 sedes
1252 1020 1262 1037 ‚
1288 1006 1358 1030 utra
1377 998 1481 1040 major
1497 997 1582 1031 inter
1593 998 1755 1031 maximos

996 1048 1144 1082 au&ores
1153 1045 1410 1082 controversum.
1435 1044 1580 1079 Diodorus
1592 1046 1704 1080 Siculus
1717 1058 1755 1080 ex
1769 1063 1816 1097 jor.

999 1099 1093 1141 Ctefia
1102 1109 1203 1145 quem
1216 1094 1360 1144 sequitur
1368 1092 1470 1130 Strabo
1486 1118 1495 1132 ‚
1528 1094 1668 1129 Niniven
1685 1095 1758 1129 vult

1000 1146 1177 1182 duodecim
1198 1155 1451 1194 praeterpropter
1463 1143 1652 1179 milliaribus
1664 1140 1761 1187 Baby-

999 1195 1094 1231 lonem
1121 1195 1264 1244 superare
1276 1220 1287 1236 ,
1319 1195 1455 1230 Ntmves
1489 1194 1579 1229 enim
1608 1192 1760 1241 peribolo

1001 1245 1127 1282 ascribit
1145 1245 1296 1280 milliaria
1313 1244 1476 1292 sexaginta
1491 1257 1499 1277 ε
1524 1245 1623 1278 trium
1635 1241 1762 1278 scilicet

1001 1297 1127 1331 dierum
1141 1320 1150 1336 ,
1171 1306 1205 1329 ut
1216 1294 1314 1330 habet
1325 1293 1488 1341 Propheta
1498 1296 1582 1328 Ionas
1593 1318 1603 1334 ,
1630 1294 1691 1329 iter
1700 1305 1761 1340 pe-

1000 1346 1101 1381 destre
1119 1343 1172 1379 seu
1190 1344 1287 1379 stadia
1305 1345 1544 1392 quadringenta
1570 1344 1761 1391 ofioginta.

1000 1393 1139 1439 Babyloni
1155 1391 1232 1430 νει-ὸ
1254 1390 1381 1429 tantum
1394 1393 1490 1428 stadia
1500 1404 1646 1428 trecenta
1659 1394 1763 1427 οὲὶο-

1000 1447 1092 1494 ginta
1119 1445 1276 1496 quinque·
1319 1443 1376 1478 Ast
1402 1441 1572 1478 Herodotus
1599 1441 1761 1487 Babyloni

1001 1509 1070 1530 non
1080 1496 1211 1530 tantum
1229 1504 1280 1529 tot
1293 1492 1391 1528 stadia
1409 1504 1493 1542 quot
1507 1492 1652 1527 Diodorus
1663 1492 1764 1527 Nini-

1002 1559 1038 1581 ve
1057 1544 1211 1593 assignat,
1235 1542 1291 1580 sed
1309 1544 1461 1592 Paufiznm
1474 1544 1507 1576 in
1519 1541 1580 1577 suis
1593 1541 1763 1576 Arcadicis

1002 1595 1150 1630 seulibro
1163 1594 1219 1629 suo
1233 1595 1351 1628 οᾶανο
1361 1617 1370 1633 ‚
1393 1592 1596 1636 Babylonem
1608 1603 1677 1626 non
1689 1601 1765 1635 tan-¹

1002 1645 1072 1681 ttirn
1087 1642 1226 1692 expresse
1235 1644 1358 1678 Ninive
1370 1640 1423 1677 seu
1436 1642 1529 1676 Nino
1542 1668 1550 1682 ,
1577 1641 1630 1675 scd
1645 1640 1761 1675 omni-

1004 1695 1064 1731 bus
1075 1697 1172 1731 etiam
1185 1706 1262 1741 quas
1273 1695 1328 1727 Sol
1340 1703 1485 1740 unquam
1498 1692 1616 1738 aspexit
1626 1689 1763 1724 urbibus

1003 1744 1231 1794 magnitudine
1251 1740 1379 1789 praefert
1392 1767 1401 1781 ,
1427 1740 1560 1777 Diodoro
1577 1744 1610 1775 &
1630 1737 1765 1774 Stiabom'

1003 1795 1072 1830 tota
1095 1794 1204 1830 fronte
1225 1791 1394 1827 occursans
1411 1815 1420 1828 ‚
1446 1792 1504 1839 qui
1527 1791 1673 1825 Niniven
1693 1801 1766 1825 non

1003 1842 1135 1880 tantum
1162 1841 1332 1890 Babylone
1358 1842 1469 1876 multo
1495 1843 1652 1885 majorem
1677 1836 1766 1873 affit-

1006 1904 1117 1935 mant‚
1129 1905 1242 1929 verum
1257 1894 1357 1927 etiam
1371 1892 1523 1926 omnium
1536 1902 1608 1937 quae
1619 1899 1766 1936 unquam

1006 1944 1138 1980 fuerunt
1158 1952 1213 1978 aut
1231 1939 1346 1977 futurae
1365 1939 1441 1975 sunt
1460 1939 1592 1974 urbium
1605 1937 1766 1987 amplissi-

1006 2007 1093 2030 mam
1110 1992 1289 2041 praedicant.
1321 1989 1435 2026 Saliani
1445 1990 1638 2024 conciliatio
1649 1999 1717 2023 tam
1728 2001 1765 2023 ao

1005 2055 1110 2093 pertas
1122 2041 1402 2077 contradictiones
1413 2052 1483 2074 non
1496 2036 1589 2072 sonat
1608 2060 1619 2075 ‚
1645 2037 1766 2072 distin-

1003 2095 1077 2143 guit
1086 2093 1139 2127 hic
1148 2094 1232 2127 inter
1242 2090 1447 2137 Babylonem
1458 2086 1477 2122 zi
1487 2086 1675 2121 Semiramide
1684 2099 1769 2121 con·

1006 2145 1107 2179 diram
1119 2147 1150 2179 &
1160 2142 1294 2178 eandem
1313 2139 1331 2173 εὶ
1341 2134 1616 2174 Nehuchadnezare
1626 2134 1769 2184 amplifi-

1005 2206 1109 2230 catam
1122 2217 1131 2231 ,
1146 2192 1232 2241 quasi
1245 2192 1301 2226 illa
1319 2188 1442 2224 Ninive
1454 2183 1561 2225 fuisset
1570 2187 1688 2223 minor,
1698 2185 1771 2220 haec

1010 2248 1125 2289 major.
1155 2241 1221 2277 Sed
1232 2241 1336 2276 inanis
1350 2237 1394 2273 est
1406 2238 1472 2273 haec
1486 2235 1672 2277 distinfflo,
1690 2233 1771 2270 cum

1008 2295 1156 2328 austeres
1173 2291 1212 2326 de
1229 2301 1367 2338 utraque
1387 2287 1464 2322 urbe
1481 2287 1659 2334 loquantur
1669 2286 1702 2321 in
1712 2284 1772 2320 suo

1007 2343 1101 2379 flore,
1136 2339 1289 2377 Praeterea
1307 2337 1452 2373 asseritur
1470 2337 1568 2384 gratis
1595 2335 1658 2370 sine
1675 2334 1772 2369 omni

1009 2392 1087 2427 teste
1101 2391 1279 2438 Babylonis
1292 2388 1392 2425 veteri
1404 2386 1554 2432 peribolo
1565 2380 1772 2417 aNebmhad-

1008 2454 1116 2478 necare
1127 2441 1303 2488 quicquam
1319 2436 1482 2482 adjeClum
1496 2431 1617 2468 nedum
1634 2441 1770 2467 centum

1009 2501 1082 2527 tota
1094 2489 1203 2524 stadia.

1058 2541 1139 2574 Non
1151 2537 1285 2586 quidem
1296 2536 1399 2581 placet
1418 2530 1544 2567 Diodori
1563 2528 1745 2577 hyperbole
1756 2527 1769 2570 ,’

1009 2587 1101 2638 quod
1112 2587 1254 2622 Niniven
1265 2583 1444 2618 extruxerit
1457 2581 1560 2615 Ninus
1570 2578 1605 2614 ess
1615 2577 1769 2626 amplitu-

1010 2641 1085 2675 dine
1097 2648 1133 2671 ut
1150 2647 1219 2671 non
1236 2631 1366 2669 tanturn
1384 2643 1501 2666 omnes
1520 2630 1643 2677 priores
1655 2626 1708 2663 sed
1719 2626 1771 2662 fu-

1012 2700 1096 2723 turas
1107 2688 1205 2721 etiam
1214 2695 1331 2718 omnes
1341 2683 1486 2717 civitates
1497 2676 1668 2726 superaret.
1682 2678 1770 2712 Nam

1012 2746 1224 2786 praeterquam
1244 2731 1335 2780 quod
1352 2731 1391 2765 de
1411 2729 1527 2765 futuris
1547 2727 1770 2775 contingenti-

1014 2789 1073 2823 bus
1084 2789 1197 2821 veritas
1209 2796 1278 2818 non
1287 2782 1324 2817 lit
1334 2782 1546 2815 determinata
1558 2803 1567 2819 ‚
1581 2782 1612 2812 δέ
1622 2777 1656 2811 τὸ
1669 2782 1771 2819 μέλλον

1014 2837 1109 2870 omni
1130 2833 1261 2869 mortali
1278 2831 1316 2867 sit
1336 2830 1468 2876 ᾳόξαόν,
1494 2825 1576 2862 certe
1589 2825 1608 2860 li
1625 2839 1697 2861 vera
1709 2826 1771 2860 sint

1014 2885 1133 2933 quaede
1141 2883 1298 2917 Tartariae
1310 2878 1469 2916 Cambaloii
1480 2876 1529 2911 seu
1543 2875 1657 2911 Chinae
1669 2875 1772 2923 Qin-

1008 2936 1057 2981 si’y
1066 2943 1120 2968 aut
1131 2933 1266 2980 ,AEgypti
1277 2931 1357 2964 Cairo
1367 2929 1560 2964 recentiores
1571 2935 1770 2964 memorant,

1018 2983 1065 3018 hae
1089 2982 1232 3018 Niniven
1257 2978 1401 3015 multum
1429 2976 1579 3013 excedere
1611 2975 1772 3009 videntur.

1015 3033 1211 3078 Utcunque,
1223 3042 1310 3065 extra
1331 3025 1584 3064 controversiam
1606 3024 1649 3059 est
1668 3023 1775 3058 maxi-

1019 3095 1088 3116 mas
1106 3083 1174 3114 illas
1194 3079 1325 3124 Assyriae
1341 3077 1435 3112 urbes
1453 3078 1591 3110 Niniven
1606 3078 1636 3109 &
1650 3071 1773 3119 Babylo-

1017 3145 1083 3165 nem
1104 3130 1288 3164 inimicitiis
1312 3132 1344 3162 &
1365 3125 1556 3161 crudelitate
1582 3126 1616 3158 in
1637 3134 1776 3159 veterem

1767 1019 1847 1057 fuerit
1856 1016 1911 1046 maea‘

218 3192 289 3239 pori
303 3189 448 3235 adaptare
460 3188 498 3222 ad
512 3191 701 3233 interpretes
720 3185 902 3232 locimagis
917 3181 972 3216 sal-
1021 3182 1086 3214 Dei
1114 3179 1272 3227 populum
1298 3189 1415 3211 omnes
1439 3188 1519 3223 quas
1550 3173 1605 3208 501
1631 3183 1776 3220 unquam

218 3251 285 3276 tem
298 3235 383 3288 prius
395 3236 495 3286 quim
505 3236 548 3273 ad
561 3236 829 3284 Clitonologiain
841 3233 972 3283 spest2t,
996 3233 1001 3311 ἰ
1021 3229 1145 3278 aspexit
1158 3229 1252 3265 urbes
1263 3223 1483 3312 antecssfiiie}
1491 3224 1577 3260 Nam
1589 3220 1776 3302 Ninivecgg
