2048 3343
452 141 521 171 ετ
581 135 1248 176 Ciiitonorocxct

196 219 302 243 tatum
317 207 584 255 transgreffiones
599 220 746 256 unquam
767 205 807 242 eo
820 206 950 240 abomi-
1000 210 1034 242 δε
1054 208 1165 256 stupor
1190 220 1257 242 non
1270 211 1376 256 potest
1398 212 1472 246 satis
1493 223 1553 257 pro
1569 210 1690 248 meiito
1704 225 1760 248 ext

194 257 338 291 nationis
352 257 586 302 processerunt.

225 308 305 352 'Tei
315 305 374 341 tio.
386 309 516 345 Cornu,
527 307 567 340 de
577 319 646 352 quo
659 308 766 352 cap.8.
779 303 841 337 fuir
853 303 950 336 initio

190 367 329 402 parvum
343 370 350 391 ε
380 356 445 390 Sed
461 356 610 389 Antiochus
626 357 772 401 Epiphanes
784 353 890 386 statim
905 352 946 385 ab

189 405 287 438 initio
307 402 364 438 suo
378 403 441 437 fuit
454 406 500 437 vit
515 415 670 450 magnus,
691 403 823 437 Antiochi
844 404 947 448 Magni

192 453 289 490 filius.
327 453 425 500 Resp.
447 455 594 499 Epiphanes
613 454 715 499 Magni
733 452 869 499 quidem
884 451 945 485 fuit

189 501 287 538 filius,
300 501 442 536 sed-natu
455 503 576 540 minor,
589 504 732 537 cui,dum
748 504 868 536 viveret
882 499 945 534 fta-

188 563 324 585 ternarii
338 555 444 596 major
459 554 587 585 Seleucus
598 576 607 591 ,
636 550 869 585 nihilomnino
884 549 945 584 fuit

188 611 349 648 potentia:
361 626 371 641 ‚
389 613 449 635 ncc
465 600 533 634 ulla
553 602 644 647 regio
656 600 804 634 civitai‘ve
817 602 867 632 etii
880 600 944 633 do-

189 653 372 684 minaretur
394 663 402 683 :
427 649 495 684 imo
516 648 593 683 v'cro
611 651 734 696 captivi
752 650 791 683 ad
806 649 944 681 modum

191 699 288 733 obses
306 702 340 732 i'n
362 701 488 746 privata
499 696 634 733 fortuna
648 700 765 733 Romae
779 697 943 745 degebat‚·

189 750 235 782 ita
253 760 288 782 ut
306 749 491 796 Principum
515 750 611 795 pauci
630 750 760 782 minora
771 747 946 782 habuerint

190 799 366 845 principia.

240 846 390 887 Quarto.
417 847 536 880 Cornu
547 858 682 893 parvum
697 845 772 880 vers.
784 860 812 887 9.
835 856 904 891 cap.
915 845 942 878 8.

188 897 289 931 crevit
301 895 392 943 supra
404 907 527 929 cornua
538 898 664 942 priora:
676 895 780 939 Atqui
796 895 946 928 Antiochus

187 941 343 992 Epiphanes
362 957 533 991 nunquam
544 947 678 988 aequavit
695 944 881 992 potentiam
895 942 945 975 vel

187 995 232 1029 sui
244 996 342 1040 patris
356 997 483 1028 Antiochi
496 997 604 1041 Magni.
635 995 734 1039 Reip.
751 990 865 1026 Versus
878 1002 943 1023 no-

189 1055 251 1077 nus
263 1045 411 1089 loquitur
422 1043 461 1076 de
472 1056 574 1077 cornu
589 1054 691 1089 parvo
705 1043 737 1073 in
750 1040 778 1074 se
789 1043 822 1074 δε
836 1039 942 1087 respe-

189 1094 243 1127 Ctu
256 1094 375 1133 Austri,
389 1093 590 1129 Orientis,ac
601 1088 941 1137 Judaeae,nullaautcm

187 1142 365 1175 instituitur
384 1144 450 1183 ejus
468 1141 676 1187 comparatio
692 1151 767 1172 cum
786 1138 942 1172 cornibus

186 1188 519 1235 vcrl'fimtstaviquafi
533 1191 557 1221 is
568 1193 677 1234 major
690 1188 816 1221 futurus
825 1184 941 1225 fuiffet,

185 1240 236 1273 vel
255 1240 414 1272 Alexandro
432 1238 479 1270 vel
499 1242 617 1284 quovis
643 1250 681 1271 ex
702 1238 771 1278 ejus
797 1247 941 1282 quatuor

182 1287 423 1322 succcfloribus.
437 1286 689 1334 Evalitquidem
699 1285 794 1320 valde
807 1297 942 1333 magnus

183 1338 331 1382 relpetstu
350 1349 528 1380 parvorum
541 1337 674 1371 suorum
688 1337 940 1382 prineipiorum‚

183 1385 256 1419 imo
277 1383 351 1419 vero
364 1386 470 1420 nullus
490 1398 527 1420 ex
542 1385 695 1420 Alexandri
706 1382 944 1418 succeffimbos

186 1438 256 1478 ejus
271 1435 380 1468 seculo
399 1447 476 1468 eum
498 1436 547 1469 vel
562 1433 713 1482 potenti&
730 1435 779 1468 vel
792 1432 945 1481 magnifi-

187 1483 293 1517 centiss
310 1486 463 1529 aequavit.
496 1484 594 1519 Certe
622 1485 770 1519 Ptolemais
791 1485 825 1516 in
845 1485 946 1529 AEgy*

187 1545 248 1580 pto
263 1559 271 1573 ‚
293 1537 326 1566 δέ
349 1534 445 1579 Perfieo
465 1535 497 1566 in
521 1534 718 1567 Macedonia
736 1534 827 1566 omni
842 1533 946 1579 gloria

187 1582 336 1615 anteibat
352 1606 361 1622 ,
391 1586 424 1616 δε
444 1580 521 1615 vcro
542 1594 667 1628 patrem
690 1581 781 1615 suum
807 1589 947 1628 Magnum

999 257 1107 302 piodi.

1049 306 1216 340 Ultimum
1234 303 1347 346 parkeri
1359 318 1602 354 argumentum.
1630 311 1755 344 Pervius

1001 351 1147 401 (inquit)
1169 356 1201 388 iii
1223 357 1336 390 locum
1359 358 1584 401 adaequatdics
1602 357 1651 392 bis
1664 359 1752 392 mille

995 412 1164 436 trecentos
1183 403 1469 449 persecutionibus
1492 409 1620 441 Antiochi
1644 424 1655 442 :
1682 409 1751 442 illas

994 462 1101 486 autem
1117 452 1256 485 inchoat
1267 466 1355 487 anno
1368 456 1559 488 Graecorum
1572 455 1751 491 centesimo

993 500 1243 548 quadragcfimo
1259 504 1355 536 tertio
1368 528 1376 543 ‚
1391 506 1424 537 &
1439 502 1561 538 claudit
1573 504 1751 540 centelimo

994 549 1248 598 quadragesimo
1269 552 1392 585 otstavo
1408 577 1418 592 ,
1444 553 1508 586 hoc
1529 553 1628 600 paeto
1645 555 1754 586 exclu-

994 603 1117 632 duntur
1142 611 1205 634 tres
1225 598 1355 634 menses
1382 605 1415 635 δι
1441 602 1618 636 duodecim
1647 601 1716 636 dies
1734 602 1752 635 εὶ

996 648 1160 695 Propheta
1171 647 1312 695 exptessi.
1324 649 1411 698 Ergo
1424 649 1612 698 supputatio
1623 650 1754 685 dierum

997 698 1196 732 naturalium
1210 710 1276 731 non
1290 700 1396 744 potest
1407 701 1536 734 admitti
1550 700 1753 746 Resp.Qid

995 746 1037 780 ad
1049 759 1110 781 nos
1121 750 1214 781 tinius
1224 747 1350 794 Jesuiiae
1370 750 1551 783 auCtoi-itas
1574 774 1584 790 ,
1609 749 1753 797 singula-

996 807 1064 829 rem
1084 796 1233 843 inprimis
1245 796 1360 830 callem
1374 797 1414 831 ab
1426 797 1584 835 omnibus
1597 798 1691 832 sociis
1702 798 1752 832 fe-

995 847 1136 892 patatim
1157 844 1347 881 insistentis?
1373 848 1502 882 Deinde
1522 847 1604 882 male
1626 851 1751 883 pererius

995 895 1192 940 principium
1205 894 1338 928 istorum
1352 896 1479 930 dierum
1493 898 1524 930 in
1539 909 1627 931 anno
1641 909 1754 932 cente-

995 942 1077 974 fimo
1091 942 1340 989 quadragesimo
1352 946 1449 978 tertio
1468 944 1575 992 posuit
1595 945 1752 994 (utsupra

994 991 1317 1033 demonstravimus)
1335 993 1412 1026 licet
1431 996 1463 1025 in
1487 994 1552 1028 hoc
1570 1007 1681 1029 errore
1701 995 1752 1028 se-

993 1052 1135 1083 quacem
1156 1039 1274 1075 habeat
1286 1047 1431 1089 Hugonem
1443 1045 1586 1076 Grotium.
1620 1043 1751 1078 Tertio.

995 1088 1059 1123 Etli
1071 1088 1155 1124 male
1168 1092 1291 1124 Pererim
1301 1092 1455 1137 antiquos
1465 1093 1626 1125 terminos
1636 1089 1750 1126 remo-

993 1140 1073 1172 verit
1084 1164 1095 1179 ,
1111 1143 1144 1173 &
1158 1138 1285 1173 dierum
1299 1138 1399 1173 finem
1413 1142 1495 1174 ultra
1508 1142 1752 1189 templi'pnrga-
1781 1169 1784 1172 Α

992 1189 1119 1221 tionem
1148 1191 1379 1235 prorogaverit
1394 1215 1403 1229 ,
1433 1190 1694 1237 principiumque
1716 1202 1751 1224 in

991 1249 1081 1270 anno
1094 1237 1273 1272 centesimo
1283 1238 1537 1287 quadragesimo
1550 1241 1650 1273 tertio
1661 1239 1751 1273 loca-

992 1288 1075 1321 verit
1086 1287 1106 1327 ,'
1120 1299 1188 1320 non
1202 1300 1303 1334 prout
1314 1287 1454 1322 debebat
1466 1301 1540 1322 cum
1556 1291 1674 1324 saliano
1685 1313 1694 1325 ‚
1714 1293 1749 1324 &

991 1336 1060 1370 aliis
1071 1337 1103 1368 in
1119 1343 1209 1369 anno
1223 1339 1337 1384 priori;
1351 1349 1459 1372 tamen
1471 1337 1486 1371 ‘Ji
1500 1337 1556 1372 suo
1569 1340 1748 1386 principio,

993 1382 1112 1418 scilicet
1128 1386 1223 1419 initio
1237 1388 1314 1419 anni
1325 1387 1493 1422 centefimi
1511 1386 1750 1434 quadragesimi

994 1435 1132 1473 tertii,ad
1145 1446 1286 1469 mortem
1299 1433 1441 1477 Antiochi,
1453 1435 1523 1470 satis
1536 1436 1684 1483 congrue
1700 1437 1749 1471 bis

997 1483 1085 1519 mille
1112 1495 1277 1519 trecentos
1305 1487 1372 1519 dies
1398 1485 1560 1519 naturales
1588 1497 1752 1526 numerat,

995 1534 1091 1580 quod
1105 1532 1224 1581 absque
1237 1532 1298 1568 ullfi
1313 1536 1442 1569 ratione
1460 1535 1594 1575 parkerus
1612 1547 1753 1570 conatur

997 1585 1203 1631 impugnare.

1297 137 1480 180 .L113.I.
1683 152 1757 192 255

1823 326 1849 354 7.

193 1629 387 1665 successibus
399 1634 432 1665 in
448 1633 593 1679 AEgypto
606 1636 635 1666 ἃ
646 1631 760 1680 ]ιιάεεὲι
777 1629 875 1681 longe
888 1643 948 1664 an-

198 1679 388 1715 tecellebat.

246 1729 388 1772 Quinto.
420 1730 541 1776 Magna
555 1730 617 1765 fuit
630 1743 732 1765 cornu
745 1730 833 1777 parvi
845 1729 949 1777 gloria

1046 1634 1125 1666 Haee
1139 1631 1247 1673 parkeri
1259 1631 1332 1666 sunt
1344 1643 1461 1667 contra
1473 1645 1535 1668 nos
1548 1644 1751 1681 argumenta,
1773 1642 1881 1670 parkeri

996 1695 1056 1728 pro
1078 1682 1107 1717 se
1128 1684 1256 1729 aliquot
1274 1681 1365 1716 affert
1383 1695 1415 1716 ut
1428 1683 1548 1729 probet
1560 1696 1665 1718 cornu
1678 1695 1752 1730 par·
1773 1683 1877 1720 “bfi‘rdss

997 1745 1074 1766 vum
1086 1733 1181 1778 cap.8
1193 1733 1365 1766 .denotare
1379 1732 1613 1767 Antichristum
1628 1735 1755 1767 Roma-
1773 1732 1908 1753 ”⁰⁷¹“m'

193 1779 228 1814 in
245 1778 371 1820 Austro,
384 1780 536 1818 Oriente,
550 1783 583 1813 &
596 1779 711 1825 Jiidcez'i
730 1794 738 1814 ε
766 1781 869 1824 Atqui
886 1782 949 1826 Epi-

188 1831 291 1876 pbanis
304 1841 421 1876 magna
438 1830 623 1875 ignominia
641 1828 703 1863 fuit
718 1828 873 1862 omnibus
886 1828 949 1861 istis

190 1879 295 1915 locis,
316 1890 392 1911 nam
405 1876 531 1924 legatus
547 1880 716 1912 Romanus
732 1881 849 1925 Popilius
861 1886 951 1913 Laenas

189 1924 280 1973 virga
290 1925 373 1960 vireft
384 1939 461 1960 eum
473 1928 565 1969 ejecit
578 1929 723 1976 AEgypto
743 1942 751 1962 ι
778 1929 858 1962 Iudas
867 1934 951 1961 Mac·

191 1977 297 2011 rabiens
315 1988 417 2010 omne
443 1978 511 2018 ejus
534 1977 638 2011 robur
659 1979 690 2011 in
710 1978 820 2024 Judaea
841 1977 950 2025 fregit,

193 2027 337 2070 Elyinaitae
358 2027 389 2058 in
411 2023 518 2059 Persia
538 2038 614 2060 eum
638 2026 804 2072 lapidibus
825 2039 950 2073 prope-

193 2075 336 2109 modum
348 2073 545 2110 obttieiunt.
555 2074 650 2124 Resp.
660 2076 853 2123 Dinstingue
866 2087 951 2109 tem-

193 2136 289 2172 pora.
315 2125 494 2157 Maximam
507 2128 671 2171 Epiphanes,
681 2124 744 2171 qufi
756 2126 812 2159 diu
822 2124 953 2160 frueba-

194 2184 259 2211 tur,
270 2173 410 2219 gloriam
423 2174 557 2207 tandem
572 2174 695 2220 ubique
707 2174 853 2220 perdidit
866 2188 874 2208 ε
887 2176 948 2207 mi-

195 2220 261 2256 sera
273 2220 394 2256 fuerint
406 2225 474 2267 ejus
485 2225 590 2268 prima
603 2227 636 2256 &
650 2225 766 2257 ultima
780 2246 786 2257 .
807 2235 872 2256 non
883 2235 952 2256 me-

197 2271 248 2304 dia
260 2294 269 2307 ,
289 2283 324 2304 ut
343 2274 444 2305 Daniel
456 2271 527 2307 satis
539 2271 621 2307 clare
635 2271 782 2321 praedixit
794 2270 952 2305 vicesimo

202 2321 321 2365 quinto
335 2321 459 2354 octavi.
499 2333 501 2335 ·

251 2367 362 2401 Sexto.
388 2369 503 2401 Cornu
517 2380 652 2415 parvum
674 2369 862 2416 perduravit
874 2367 954 2404 vers.

209 2427 265 2461 17.
279 2419 311 2449 ὃς
331 2428 380 2457 19.
408 2416 506 2461 usque
525 2419 562 2450 ad
587 2416 811 2451 mundifinem
826 2419 953 2451 &iram

203 2465 267 2499 Dei
283 2462 491 2497 noviffimam
507 2489 515 2501 ‚
538 2467 662 2498 nonita
676 2468 824 2500 Antiochus
838 2468 955 2513 Epipha-

197 2525 258 2548 nes.
307 2512 405 2558 Resp.
442 2516 548 2548 Daniel
570 2526 639 2547 non
663 2515 808 2559 loquitur
830 2516 869 2548 de
891 2514 957 2549 fine

199 2562 312 2602 seculi,
326 2561 378 2596 sed
393 2564 501 2611 Regni
512 2564 702 2597 Graecorum
717 2567 750 2597 &
762 2562 959 2610 persecutio-

202 2625 243 2646 ne
258 2612 345 2646 istius
357 2617 462 2645 cornu
476 2637 484 2651 ,
503 2613 593 2658 quod
605 2612 719 2646 diserte
733 2612 849 2653 νει-[9.
862 2625 957 2646 exor-

202 2673 273 2694 tum
293 2661 412 2695 dicitur
433 2662 473 2695 ab
490 2674 558 2695 iino
583 2674 726 2708 quatuor
746 2659 958 2696 succeffotum

200 2712 378 2749 Alexandri,
390 2722 488 2756 prout
504 2714 636 2757 Ephraim
650 2714 752 2745 Huitiu
764 2714 794 2743 in
809 2711 893 2744 litinc
905 2714 958 2746 lo-

199 2772 275 2794 cum
290 2759 375 2793 refrt}
390 2760 601 2793 demonstrat.
628 2762 696 2794 Nec
709 2762 772 2806 ipse
786 2762 959 2800 laccln'atles,

201 2811 256 2854 qui
273 2806 392 2848 parkero
404 2810 435 2841 in
449 2808 506 2842 hac
519 2808 569 2842 sti-21
581 2807 737 2842 sententia
751 2807 915 2855 praeceffit,
927 2812 959 2842 in

202 2856 267 2891 hoc
287 2857 424 2891 articulo
446 2856 574 2891 anobis
587 2858 746 2892 dill'cntit:
767 2870 958 2903 quanquam

207 2907 334 2940 minimi
347 2907 542 2954 pendendus
559 2907 707 2941 videatur
723 2906 958 2940 Rabbinorum

205 2954 341 2989 istorum
368 2958 400 2990 in
429 2958 588 3004 plerisque
610 2955 891 2989 stolidissimorum
911 2955 960 2988 vel

206 3002 379 3039 consensus
402 3007 451 3038 vel
473 3006 641 3040 diffensus.
681 3005 780 3041 Certe*
797 3005 959 3039 iaccmades

208 3052 251 3086 ad
271 3052 501 3100 ve1·s.8.cap.8.
523 3067 666 3101 quatuor
687 3057 842 3090 Alexandri
859 3058 961 3101 Magni

209 3099 403 3135 successores
415 3104 483 3136 vult
497 3107 646 3139 Romulum
660 3108 773 3139 Romae
792 3130 801 3144 ,
829 3106 957 3138 Alexan-

208 3152 293 3185 dmm
309 3152 508 3185 Alexandriae
520 3177 529 3192 ,
549 3156 685 3188 Herodem
700 3156 834 3192 Aconae,
850 3158 883 3187 δε
898 3161 960 3186 An-

207 3199 540 3236 tioclmmAntiochiae.
568 3204 677 3249 Hujus
696 3204 802 3240 delitii
821 3204 961 3238 amentia

996 1794 1088 1815 num.
1104 1782 1170 1815 Istis
1180 1793 1249 1814 non
1258 1782 1391 1828 expedit
1400 1781 1655 1824 immorati,sunt
1665 1785 1755 1816 enim

995 1830 1164 1866 leviuscula
1177 1829 1307 1864 tantum
1318 1858 1326 1870 ‚
1346 1830 1437 1877 quod
1457 1832 1601 1866 nostram
1617 1832 1657 1867 de
1668 1843 1757 1866 tern-

997 1879 1136 1928 poribus
1148 1880 1362 1927 quaestionem
1378 1879 1500 1925 spectat
1511 1906 1522 1922 ,
1537 1881 1707 1916 videamus
1720 1893 1756 1916 ur

997 1930 1050 1964 ille
1064 1930 1133 1963 dies
1144 1941 1297 1975 exponar.
1325 1931 1406 1964 Vult
1418 1930 1495 1963 istos
1507 1927 1567 1964 effe
1582 1931 1758 1979 Propheti-

997 1991 1070 2019 cos,
1084 1976 1139 2013 sed
1153 1991 1256 2019 novo,
1270 1982 1304 2013 &
1316 1991 1477 2025 quantum
1490 1980 1632 2014 arbitror
1643 2003 1649 2015 ,
1661 1993 1758 2027 pror-

999 2028 1048 2062 sus
1068 2026 1219 2076 lingulati
1238 2028 1357 2061 modo.
1394 2027 1504 2062 Primo
1518 2027 1755 2062 affirmatdiem

998 2076 1049 2111 hic
1071 2076 1250 2124 fignificare
1269 2089 1338 2110 non
1358 2088 1483 2111 annum
1505 2076 1760 2111 sedannidimi-

1000 2128 1094 2161 dium
1117 2152 1126 2166 ‚
1154 2124 1196 2160 eo
1219 2124 1308 2173 quod
1336 2127 1489 2160 nominet
1510 2129 1617 2161 Daniel
1636 2126 1758 2161 diesin

1001 2175 1203 2222 quibuserat
1214 2188 1309 2210 mane
1321 2178 1354 2209 δε
1368 2175 1516 2222 vespera‚·
1536 2188 1633 2209 mane
1645 2187 1758 2210 autem

1001 2231 1035 2260 &
1048 2224 1175 2272 vespera
1187 2223 1262 2258 sunt
1273 2226 1403 2258 initium
1418 2228 1451 2258 δε
1462 2224 1759 2259 Ηηίεάἰείἀίίὶίῃᾶἰ

1000 2273 1017 2308 ὲ
1029 2275 1127 2307 noete
1140 2298 1148 2312 ,
1170 2275 1213 2307 ita
1227 2274 1292 2307 dies
1314 2272 1362 2306 bis
1381 2274 1619 2313 milletrecenti
1632 2272 1687 2308 seu
1701 2287 1758 2308 ve-

1002 2323 1089 2371 spera
1109 2327 1142 2357 &
1163 2335 1259 2358 inane
1277 2323 1405 2356 dierum
1418 2323 1464 2357 bis
1480 2325 1567 2358 mille
1586 2335 1759 2356 trecento-

1002 2384 1074 2405 rum
1092 2371 1320 2406 distinstorum
1332 2372 1348 2406 a
1358 2372 1515 2405 noekibus
1526 2397 1534 2411 ‚
1554 2370 1676 2404 faciunt
1687 2372 1758 2405 dies

1002 2419 1160 2454 naturales
1172 2422 1289 2466 viginti
1301 2431 1443 2465 quatuor
1454 2418 1758 2455 horarunmanium

1005 2471 1090 2503 mille
1102 2481 1234 2504 centum
1246 2471 1502 2515 quinquaginta:
1518 2468 1666 2501 hiantem
1679 2470 1758 2503 anni

1006 2520 1203 2564 incipientes
1214 2518 1230 2552 ἒι
1242 2519 1345 2559 Christi
1358 2516 1589 2551 trecentefimo
1605 2516 1760 2562 sexagesl-

1008 2579 1073 2604 mo,
1088 2565 1247 2600 finiuntur
1258 2569 1290 2598 in
1305 2563 1478 2598 mille-finio
1490 2563 1757 2612 quingentesimo

1007 2615 1140 2650 decimo
1164 2641 1175 2655 ‚
1208 2614 1346 2662 quando
1374 2611 1514 2650 Lutherus
1540 2615 1758 2663 oppugnabat
1803 2618 1805 2621 ⁴

1009 2666 1051 2698 Pa
1081 2676 1140 2700 atri.

1056 2677 1311 2748 Eronunciarem
1324 2713 1457 2760 quidem
1473 2725 1535 2759 ego
1555 2713 1641 2748 hunc
1653 2715 1759 2748 calcu-

1006 2764 1074 2797 lum
1095 2763 1271 2797 ridiculum
1294 2788 1303 2800 ‚
1330 2762 1386 2796 nisi
1408 2776 1443 2797 ex
1464 2763 1697 2810 Nova-Anglii
1711 2767 1760 2800 vir

1007 2813 1123 2845 doehis
1136 2824 1209 2844 eum
1223 2810 1448 2849 transmifillet,
1462 2816 1494 2846 &
1507 2813 1700 2847 Carrellmilli
1717 2815 1758 2849 ad

1006 2859 1137 2906 praeltim
1149 2858 1760 2908 fuiffetobstetricatus,iittunquenon

1008 2907 1136 2956 poffum
1157 2922 1223 2942 non
1251 2923 1364 2945 notare
1392 2923 1514 2957 magna:
1540 2910 1758 2948 absurditatis.

1008 2959 1201 2992 Ordinarius
1213 2962 1299 2993 enirn
1313 2962 1437 2994 dierum
1450 2960 1643 2993 naturalium
1658 2963 1762 3007 vigin-

1009 3009 1030 3040 ti
1043 3019 1183 3054 quatuor
1195 3008 1350 3043 horarum
1362 3010 1504 3042 calculus
1516 3013 1547 3041 iii
1561 3008 1652 3043 sacris
1663 3009 1763 3045 literis

1008 3057 1051 3089 est
1064 3068 1221 3101 permane
1237 3059 1464 3103 &.vesperam.
1493 3059 1542 3091 Au
1561 3060 1663 3092 Gemi
1675 3088 1680 3095 .
1694 3063 1761 3094 dies

1009 3118 1128 3139 omncs
1149 3109 1193 3138 ita
1212 3110 1375 3140 numerati
1388 3106 1477 3142 fuere
1489 3107 1617 3141 tantum
1632 3108 1762 3142 dierum

1010 3155 1201 3188 naturalium
1226 3157 1383 3190 dimidia?
1413 3156 1541 3190 Etveio
1555 3169 1594 3190 an
1615 3158 1764 3191 Mundus

1009 3215 1135 3240 creatus
1145 3204 1190 3240 est
1200 3205 1315 3243 diebus
1331 3203 1381 3242 stx
1392 3199 1448 3255 q'ui
1461 3206 1631 3255 redigendi
1645 3207 1715 3239 sunt
1728 3208 1761 3239 in

1593 3256 1756 3289 naturales
