2048 3343
21 701 123 729 rrimus

18 737 164 778 spalaecnfis
181 746 276 780 quem
298 733 370 768 citas
389 732 433 767 est
461 727 599 780 Origenes
613 730 664 764 lib.
679 743 704 776 3.
720 733 774 764 de}
787 733 869 774 >gadr-
888 732 935 765 U-

18 791 50 808 ex
67 785 171 814 ongene
182 785 407 830 numquodque
421 782 513 829 igitur
526 793 575 814 vas
593 791 626 814 ut
640 781 686 814 vel
699 780 734 814 ad
747 779 904 814 honorem
919 778 935 813 a

12 818 170 897 2232?
183 833 335 866 Creatore
348 830 597 869 reformetunvel
609 829 646 864 ad
659 830 935 869 contumeliam,ex

18 908 122 927 ''Utrten5

18 939 168 974 christiani-
181 932 258 978 justa
272 931 335 966 haec
349 931 466 966 videtur
480 928 615 968 assertio,
636 932 668 963 &
682 940 752 962 cum
767 929 855 962 omni
869 929 935 975 pie-

14 978 110 1016 smum.

144 2369 147 2373 '
185 2361 290 2400 fluxit,
304 2370 452 2408 quantum
464 2361 664 2406 Hieronymus
676 2357 763 2404 epist.
778 2369 827 2402 59.
845 2359 883 2390 ad
891 2361 940 2390 A-

491 120 927 159 Emsrorxc

182 191 220 226 de
235 191 396 240 probabile
408 190 466 226 esse
479 192 600 227 decreta
613 192 722 227 divinae
741 190 934 238 praedestina-

182 241 276 276 tionis
287 241 323 275 ad
339 239 464 276 salutem
476 240 534 275 effe
546 254 582 276 ex
595 242 719 289 praevisa
730 241 792 276 fide
803 240 935 276 &bonis

181 290 339 337 operibus.
364 289 457 337 Resp.
489 291 600 324 Nullus
617 291 759 324 omnium
777 290 934 324 dietorum

181 340 326 374 locorum
339 339 433 373 habet
448 339 588 384 spllabam
601 339 647 373 vel
664 339 701 372 de
714 337 842 384 praevisis
855 349 931 382 ope-

182 389 281 428 ribus,
295 389 340 422 vel
354 388 476 434 praevisa
490 387 568 426 fide,
581 391 612 422 &
626 384 859 433 perseverantia,
877 396 930 419 ne-

180 439 254 472 dum
267 437 305 471 de
317 437 465 470 omnibus
478 435 574 470 tribus
586 460 596 475 ,
625 445 658 469 ut
671 444 704 469 tu
723 432 908 482 proposuisti
921 458 932 473 ‚

181 499 276 534 quare
294 486 347 533 qui
365 496 447 519 tuam
467 483 585 519 causam
604 495 697 532 agunt
715 483 933 519 accuratissime

181 535 548 582 Remonstrantessselgae
557 534 644 568 locos
657 533 716 567 hos
729 546 839 568 omnes
852 544 932 580 quos

182 586 216 620 iu
227 597 334 619 manus
347 596 411 619 tuns
424 585 593 632 Spalatenfis
607 581 706 631 posuit
717 607 727 623 ‚
753 591 934 631 praetereunt

182 646 217 670 ut
229 632 319 668 causae
332 634 465 668 omnino
479 633 610 667 inutiles.

228 684 303 719 Post
317 685 482 731 Scripturas
496 682 612 716 accedis
629 680 665 715 ad
678 692 790 727 patres.
815 682 935 716 Primus

183 880 278 929 seipso
292 880 389 915 causas
403 884 434 915 &
445 879 621 914 occasiones
635 878 772 925 praestitit
787 879 934 913 creatori:

181 993 242 1017 tate
260 980 470 1018 concordans,
490 989 523 1012 ut
541 991 577 1012 ex
591 977 831 1023 praecedentibus
843 976 935 1011 causis

181 1030 427 1078 unumquodque
440 1041 488 1063 vas
502 1028 549 1063 vel
559 1027 596 1061 ad
605 1027 778 1067 honorem,
799 1027 846 1062 vel
858 1038 934 1060 con-

180 1081 338 1116 tumeliam
353 1088 544 1126 praeparetur.
557 1074 649 1123 Resp.
665 1077 695 1110 Si
708 1075 935 1124 negarem‚haec

178 1128 335 1166 verbaess'e
344 1129 488 1176 Ortgenbh
497 1127 638 1160 auetores
644 1136 715 1159 tuos
724 1124 870 1160 haberem
877 1136 935 1171 pro

179 1180 329 1228 patronis.
343 1179 445 1220 Voffius
459 1174 682 1210 cnimhistoriae
690 1175 854 1221 Pelagianae
863 1186 930 1220 pag.

178 1243 246 1275 273.
261 1230 300 1262 ait
311 1227 394 1262 valde
406 1228 649 1264 incertum‚num
662 1223 710 1257 isti
727 1224 781 1254 dee*
796 1225 870 1263 >gazan
887 1232 937 1255 aut

178 1277 380 1325 quoscunque
401 1277 476 1310 alios
497 1275 646 1309 habemus
665 1270 782 1307 tantum
795 1271 886 1307 latinia,
899 1284 935 1306 ex

180 1327 244 1363 solfa
259 1327 365 1372 Ruffini
379 1325 451 1364 fide,
467 1325 523 1358 fint
535 1325 603 1360 vere
618 1323 766 1369 Origrnis.
789 1320 849 1355 Sed
863 1320 936 1355 dato

177 1378 272 1412 verba
284 1377 338 1410 ista
351 1378 486 1423 Origenis
500 1373 574 1413 esse,
589 1371 664 1406 nihil
676 1369 791 1404 faciunt
799 1371 836 1404 ad
850 1381 935 1404 tuam

177 1425 291 1461 sinesin,
303 1424 379 1458 nihil
393 1425 562 1471 loquuntur
574 1421 612 1457 de
625 1431 741 1456 aeterno
754 1420 819 1454 Dei
828 1420 932 1455 decre-

180 1486 234 1514 to,
250 1472 299 1509 sed
313 1473 411 1508 solum
425 1475 462 1507 de
478 1475 543 1517 ejus
556 1471 738 1506 executione
751 1471 936 1518 temporali,

179 1525 326 1559 nimirum
338 1523 374 1556 de
388 1523 558 1556 rationibus
572 1525 602 1555 &
617 1519 721 1556 causss‚
735 1531 788 1553 cur
804 1523 892 1555 Deus
905 1533 935 1554 a-

180 1575 239 1608 lios
252 1571 420 1621 glorificet,
433 1572 508 1605 alios
522 1571 654 1604 damnet.
684 1568 784 1617 Qd
797 1567 837 1602 fic
849 1570 937 1604 intel-

180 1623 303 1671 ligenda
318 1621 373 1656 siut
385 1620 476 1656 verba
490 1618 577 1655 facile
590 1619 743 1653 concedes
756 1641 766 1655 ,
789 1616 810 1651 si
822 1618 839 1652 a
853 1620 939 1654 curti

183 1673 283 1720 magis
297 1683 406 1706 eorum
419 1671 451 1704 in
464 1670 548 1713 Voffio
561 1669 709 1704 citatione
725 1667 812 1703 vadas
825 1668 861 1703 ad
875 1669 937 1716 ple-

183 1723 306 1756 niorem
314 1725 344 1756 &
352 1720 555 1768 prolixiorem
562 1719 593 1753 in
601 1718 769 1766 Spalatenfi,
781 1717 849 1752 ibis
858 1728 936 1753 tern-

182 1771 339 1818 poralibus
346 1769 465 1804 affitibus
473 1770 558 1808 Dei,
571 1768 608 1802 de
617 1767 729 1815 quibus
737 1765 807 1801 solis
814 1777 864 1802 tua
870 1780 937 1803 ver-

182 1822 223 1857 ba
234 1821 419 1867 loquuntur,
433 1818 515 1853 idem
527 1817 685 1853 concludit
696 1817 806 1851 auEtor
818 1817 856 1851 de
863 1818 938 1852 affi-

182 1871 241 1904 bus
256 1870 321 1904 Dei
333 1869 468 1908 aeternis,
492 1866 540 1903 scd
553 1866 759 1902 conclusionis
772 1865 856 1901 istius
871 1879 936 1903 ver-

183 1920 224 1954 ba
236 1932 303 1967 quae
315 1917 377 1953 sola
390 1930 483 1966 agunt
497 1919 534 1953 de
548 1917 702 1952 elefflone
710 1941 721 1957 ‚
739 1927 772 1951 tu
786 1929 851 1951 non
863 1929 938 1964 pro-

184 1968 261 2005 fers,
275 1969 377 2015 itaque
390 1968 467 2001 nihil
479 1967 523 2002 est
535 1968 620 2015 quod
628 1967 664 2002 ad
671 1979 705 2001 ea
718 1963 917 2014 respondeam
930 1989 938 2002 ,

185 2023 217 2054 δι
231 2017 324 2056 vero,
338 2029 370 2051 ut
383 2017 531 2052 arbitror,
545 2029 701 2064 nunquam
710 2015 879 2062 produces,
891 2014 938 2050 us-

184 2080 247 2115 que
260 2066 338 2101 adeo
351 2064 475 2100 absurda
488 2064 570 2105 sunt,
591 2078 624 2100 ut
636 2066 735 2099 nullus
747 2065 939 2100 Christianus

185 2129 220 2151 ea
232 2127 422 2162 concoquat.
448 2116 511 2150 Hic
525 2115 569 2149 est
581 2115 634 2150 ubi
642 2113 771 2162 priscum
784 2114 821 2149 de
835 2116 940 2163 Orige-

185 2179 220 2199 ne
233 2164 363 2199 verbum
380 2165 483 2198 locum
499 2165 638 2211 inprimis
652 2164 744 2198 habet
756 2188 766 2203 ‚
782 2164 836 2198 ubi
850 2166 939 2204 male,

184 2227 280 2249 nemo
294 2216 379 2260 pejus
389 2237 397 2249 ‚
424 2225 598 2260 nunquam,
618 2225 651 2248 ut
664 2212 741 2248 mihi
754 2213 882 2261 quidem
894 2215 940 2248 vi-

184 2265 288 2303 detur,
311 2263 327 2296 a
340 2260 544 2309 cujuscunque
557 2262 725 2296 Christiani
738 2263 878 2296 nominis
891 2275 940 2296 ca-

182 2314 268 2347 lamo
275 2322 393 2346 tantum
401 2322 545 2344 tetrarum
553 2309 767 2345 absurditatum
775 2322 858 2344 mare
865 2322 940 2356 pro-

185 2416 288 2445 vitum
300 2410 338 2444 de
352 2409 483 2443 eolibro
497 2420 551 2455 per
560 2408 638 2442 viam
646 2406 824 2453 compendii
835 2404 941 2452 inipsis

188 2463 325 2509 Ortgem's
338 2458 439 2493 verbis
455 2455 643 2504 deprompsit
656 2480 666 2495 ‚
691 2456 840 2503 quicquid
851 2454 942 2499 Ruffi-

187 2524 242 2544 mu
256 2514 286 2544 δε
297 2512 427 2541 Socrates
435 2505 560 2541 afferant
573 2506 603 2540 in
611 2506 811 2540 contrarium.
827 2507 861 2538 In
873 2504 942 2552 ipsis

186 2573 255 2607 quae
274 2555 361 2592 affers
378 2557 478 2592 verbis
500 2558 565 2600 ejus
580 2553 689 2603 scopus
709 2554 753 2589 est
768 2554 942 2601 primariam

186 2608 375 2643 infinitarum
383 2605 500 2641 suarum
507 2605 724 2639 absurditatum
731 2603 882 2651 probare,
896 2604 941 2637 ni-

189 2659 304 2692 mirum
316 2658 431 2690 animas
444 2655 589 2689 humanas
601 2656 632 2688 in
639 2655 744 2702 aliquo
751 2652 945 2687 infinitorum

190 2707 391 2745 mundorum,
406 2706 459 2752 qui
467 2705 549 2739 hunc
555 2729 565 2744 ‚
580 2704 611 2738 in
619 2716 684 2751 quo
692 2703 821 2740 vivimus
833 2700 947 2736 succes-

191 2757 253 2793 sive
265 2755 435 2803 sequentur,
443 2753 577 2788 evasuras
590 2755 638 2788 vel
649 2753 774 2801 angelos
781 2752 829 2787 vel
838 2752 947 2787 diabo-

193 2807 262 2846 los3
280 2804 443 2839 secundum
456 2804 540 2837 bona
557 2804 605 2837 vel
620 2803 699 2836 mala
711 2801 759 2835 sua
771 2814 865 2848 opera
878 2814 945 2849 quae

195 2857 286 2890 Deus
296 2854 408 2889 viditin
414 2853 517 2900 aliquo
533 2853 670 2899 priorum
678 2850 867 2885 mundorum
875 2848 949 2897 ipsas

196 2903 372 2952 praestitisse,
380 2901 552 2951 priusquam
559 2902 590 2935 in
599 2901 657 2935 ulla
664 2912 796 2947 corpora
807 2896 949 2933 infunde-

195 2965 312 2988 rentur:
327 2952 392 2986 haec
399 2953 523 2986 materia
531 2950 575 2985 est
582 2949 894 2996 conclusioniS,quam
902 2961 950 2982 re-

198 3004 250 3038 ‹St‘e
262 3001 399 3035 omisisti.
423 2999 643 3036 Conclufionis
656 2999 747 3044 hujus
766 2998 858 3032 verba
878 2997 950 3032 cum
968 2995 971 3009 ¹

198 3050 438 3096 Ruffiaus,qurim
445 3049 545 3096 potest
553 3045 818 3088 amice,transfert;
825 3047 889 3080 hrec
897 3046 951 3080 sic-

200 3113 234 3135 ut
255 3100 271 3145 [
284 3110 317 3131 ut
328 3110 429 3131 autem
440 3100 500 3131 alia
512 3099 724 3144 animaefierent
740 3100 772 3130 in
792 3095 929 3129 honorem
941 3119 950 3134 ‚
969 3109 971 3144 ¹4

957 118 1466 159 ACottaa-ro.
1668 129 1728 166 127

968 194 1166 239 Hieronymus
1178 191 1334 226 intervitia
1341 190 1522 229 detestanda,
1537 188 1726 238 serpentes&

969 241 1102 286 viperas,
1116 251 1149 274 ut
1161 241 1316 286 loquitur,
1332 240 1510 274 istiuslibri:
1528 250 1561 274 ut
1573 241 1605 273 in
1617 241 1680 274 aliis
1688 241 1726 273 il-

970 288 1007 322 lic
1020 289 1105 323 libris
1122 291 1281 337 Origenem
1294 285 1366 322 facit
1382 299 1499 334 patrem
1512 292 1618 325 exirit,
1640 294 1671 324 &
1686 301 1724 322 o-

969 338 1087 371 mnium
1100 337 1274 376 haetefium,
1299 337 1340 370 ita
1353 337 1403 370 hic
1417 338 1503 371 illum
1518 338 1653 372 invenies
1666 341 1724 371 Pa-

968 385 1129 419 triarcham
1136 387 1380 433 Pelagianorum,
1395 385 1465 419 cum
1473 387 1658 421 electionem
1666 386 1724 421 do-

968 445 1017 469 cet
1027 446 1063 468 ex
1074 434 1221 480 operibus
1230 458 1239 473 ,
1256 447 1322 468 non
1332 434 1450 468 tantum
1463 445 1496 468 ut
1505 447 1540 468 ex
1553 435 1724 470 occasioni-

969 484 1027 519 bus
1035 507 1043 520 ,
1056 481 1105 517 sed
1114 483 1206 517 etiam
1214 489 1289 516 ut'ex
1296 482 1412 518 caufisa
1422 495 1506 530 parte
1519 483 1624 520 nostrfi
1632 509 1642 525 ‚
1656 484 1722 519 imo

969 545 1003 568 ut
1016 545 1052 567 cx
1065 532 1181 567 meritis
1196 545 1204 566 ε
1225 531 1288 565 istis
1300 529 1361 578 ipse
1374 534 1528 568 molina
1540 533 1622 566 craffi
1638 534 1725 568 Pela-

970 580 1108 631 gianismi
1122 592 1230 615 notam
1244 581 1345 614 inurit.
1370 580 1428 615 Ista
1442 583 1594 616 Arnoldm
1606 606 1616 621 ,
1640 587 1672 617 &
1685 595 1725 616 o-

970 644 1056 667 mnes
1070 630 1325 666 Remonstrantes
1333 631 1449 666 centies
1462 630 1724 678 profitenturlon-

972 680 1087 729 giffime
1102 680 1118 715 a
1132 678 1180 714 sua
1194 690 1297 714 mente
1309 678 1407 715 abesse
1418 704 1429 720 ,
1454 679 1520 714 imo
1544 680 1575 713 in
1587 679 1650 714 istis
1663 678 1725 727 ipse

972 734 1109 778 Origenes
1123 729 1179 763 fibi
1191 729 1310 764 videtur
1322 729 1551 769 contradicere;
1567 741 1636 762 nam
1645 729 1726 762 inal-

971 780 1035 815 terfi
1056 779 1233 828 Spalatensts
1260 779 1408 813 citatione
1430 778 1588 813 concludit
1612 777 1727 812 nullam

971 827 1188 877 praescientiam
1204 826 1476 874 praedestinationis
1488 826 1604 862 causam
1612 825 1727 861 censeri

972 877 1056 927 posse
1064 892 1074 919 3
1091 890 1167 925 ergo
1181 877 1268 924 quod
1280 875 1368 911 affers
1381 890 1417 911 ex
1431 879 1558 926 Ortgene
1571 875 1646 910 nihil
1655 875 1727 911 facit

971 929 1007 962 ad
1019 939 1104 962 tuam
1124 925 1262 965 causam,
1291 938 1359 973 quae
1376 937 1478 961 autem
1496 926 1679 960 antecedunt
1694 929 1728 961 &

971 976 1199 1024 consequuntur
1211 974 1228 1009 a
1239 985 1270 1008 te
1282 976 1372 1009 citata
1390 986 1451 1009 tam
1465 973 1531 1010 sunt
1543 973 1679 1014 absurda,
1693 986 1728 1009 ut

970 1024 1134 1061 necessario
1147 1025 1186 1059 ab
1199 1024 1287 1058 omni
1300 1024 1479 1058 Christiano
1486 1023 1721 1069 rejiciendasint.

1018 1075 1193 1110 Secundum
1207 1084 1294 1107 tuum
1309 1072 1524 1108 testimonium
1537 1073 1581 1107 est
1595 1086 1631 1108 ex
1642 1076 1724 1107 Am·
1738 1085 1865 1112 Secundus·

971 1125 1057 1172 brofio
1065 1125 1102 1160 de
1109 1124 1170 1159 fide
1181 1122 1271 1168 lib-5.
1280 1134 1344 1169 cap.
1353 1135 1379 1157 2.
1389 1122 1560 1171 Apostolus
1572 1124 1629 1163 ait,
1642 1136 1725 1170 quos
1737 1133 1768 1150 ex
1777 1124 1886 1152 Ambro-

971 1173 1116 1222 praescivit
1124 1177 1154 1208 &
1168 1171 1389 1219 praedestinavit
1396 1197 1406 1212 ‚
1419 1185 1485 1207 non
1492 1173 1574 1207 enim
1582 1183 1650 1207 ante
1657 1185 1726 1220 pre-
1732 1163 1772 1242 ξε
1774 1174 1816 1232 ἴ
1819 1174 1831 1191 r
1833 1173 1876 1192 '⁰⁷³
1880 1179 1891 1184 ”

971 1223 1146 1261 destinavit,
1160 1220 1254 1270 quam
1267 1219 1430 1267 praescivit,
1444 1219 1494 1256 sed
1507 1234 1643 1270 quorum
1661 1234 1727 1256 me-

971 1274 1026 1307 rita
1039 1269 1198 1319 praescivir,
1223 1282 1334 1304 eorum
1353 1272 1475 1318 praemia
1493 1270 1727 1320 praedestinavit.

972 1321 1065 1370 Resp.
1089 1319 1261 1362 Ambrosius
1280 1320 1379 1366 capite
1398 1321 1462 1355 hoc
1477 1333 1502 1355 z.
1521 1325 1553 1356 &
1571 1331 1644 1355 toto
1668 1320 1730 1355 isto

973 1372 1026 1406 lib.
1041 1384 1066 1417 5.
1081 1368 1191 1405 refutat
1203 1382 1239 1403 ex
1253 1369 1405 1417 Scriptura
1417 1370 1731 1405 utdamnabilemim-

972 1422 1117 1469 pietatem
1132 1420 1207 1455 illud
1221 1418 1337 1467 dogma
1349 1443 1359 1459 ‚
1385 1419 1473 1467 quod
1487 1423 1604 1453 Arium
1622 1419 1697 1454 dicit
1713 1418 1732 1453 εὶ

974 1471 1116 1506 Diabolo
1129 1468 1283 1509 didicisse,
1298 1469 1443 1503 nimirum
1456 1468 1611 1503 essentiam
1621 1469 1730 1507 Patris,

973 1522 1038 1555 Filii
1050 1544 1062 1560 ‚
1088 1524 1120 1556 ὅ(
1133 1517 1262 1567 Spiritfis
1275 1520 1305 1552 S.
1326 1517 1384 1553 esse
1396 1530 1461 1552 non
1474 1518 1602 1553 eandem
1616 1516 1666 1552 sed
1682 1518 1731 1552 di-

973 1569 1101 1610 versam,
1114 1569 1201 1617 quod
1213 1578 1315 1602 tamen
1328 1577 1361 1602 tu
1374 1579 1444 1602 cum
1453 1578 1510 1602 tuo
1518 1566 1624 1611 Wrstto
1636 1564 1730 1601 diser-

973 1621 1003 1656 te
1017 1618 1168 1654 affirmas:
1183 1617 1249 1651 haec
1264 1617 1391 1651 materia
1405 1617 1480 1651 loco
1493 1616 1509 1651 τὶ
1522 1627 1552 1651 te
1562 1616 1727 1650 nominato

973 1670 1118 1704 tra&atur
1124 1693 1133 1709 ‚
1148 1666 1198 1702 sed
1204 1667 1242 1701 de
1250 1666 1454 1701 tui-‘citatione
1461 1666 1578 1701 nullum
1585 1665 1725 1701 verbum.

974 1719 1087 1767 Capite
1105 1716 1233 1766 quidem
1253 1716 1348 1750 tertio
1366 1716 1491 1752 invenio
1509 1713 1678 1763 quaedama
1695 1725 1727 1749 te

973 1770 1061 1804 citata
1074 1780 1141 1816 quae
1160 1766 1210 1800 hic
1222 1765 1418 1813 perpendam.
1442 1765 1599 1802 Αυᾶοτεε
1611 1762 1730 1809 tuiVofl

966 1821 1026 1866 sius
1039 1822 1071 1853 &
1083 1816 1253 1866 Spalatenfis
1266 1814 1359 1850 fufius
1377 1814 1469 1850 verba
1483 1816 1577 1850 citant
1595 1814 1626 1848 in
1645 1813 1729 1848 hunc

975 1868 1121 1907 modum3
1137 1877 1203 1900 non
1214 1864 1258 1899 est
1265 1877 1371 1900 meum
1377 1865 1449 1900 dare
1456 1863 1661 1913 quijustitiam
1668 1860 1730 1897 ser-

975 1931 1016 1954 vo
1030 1942 1040 1958 ‚
1065 1927 1130 1951 non
1146 1914 1284 1963 gratiam.
1311 1914 1459 1962 Idemque
1471 1913 1508 1948 ad
1521 1924 1638 1961 patrem
1650 1908 1731 1947 refe-

974 1980 1043 2002 rens
1056 1965 1184 2001 addidit,
1198 1963 1318 1998 dabitur
1331 1963 1443 2011 quibus
1455 1973 1592 2010 paratum
1606 1961 1650 1997 est
1661 1987 1672 2002 ,
1697 1971 1731 1996 ut

975 2016 1151 2052 ostenderet
1157 2025 1274 2062 patrem
1282 2014 1373 2047 etiam
1385 2025 1450 2046 non
1464 2012 1668 2059 petitionibus
1676 2012 1730 2045 de-

977 2065 1056 2101 ferre
1068 2064 1179 2100 solere,
1196 2060 1246 2097 sed
1257 2061 1389 2101 meritis,
1409 2062 1480 2108 quia
1493 2061 1582 2095 Deus
1589 2059 1732 2106 persona-

977 2128 1044 2150 rum
1057 2127 1121 2148 non
1137 2112 1181 2147 est
1193 2122 1352 2158 acceptor,
1366 2110 1447 2145 unde
1460 2114 1491 2145 &
1503 2109 1672 2157 Apostolus
1679 2110 1730 2145 ait,

977 2178 1057 2214 quos
1070 2161 1216 2211 praescivit
1228 2164 1289 2195 &c.
1299 2161 1329 2194 Si
1337 2159 1430 2196 verba
1442 2159 1497 2194 ista
1511 2159 1625 2206 probes
1635 2184 1645 2198 ‚
1658 2171 1733 2206 pro-

977 2213 1085 2249 ceffisti
1100 2210 1226 2247 ulterius
1239 2210 1332 2258 quam
1346 2209 1436 2243 initio
1451 2207 1600 2255 professus
1613 2221 1644 2242 es
1659 2232 1667 2244 ‚
1689 2207 1732 2241 ibi

979 2265 1009 2296 in
1023 2261 1166 2297 doetrina
1177 2260 1338 2294 ele6Honis
1346 2257 1516 2306 progressus
1530 2270 1561 2291 es
1573 2255 1734 2304 quousque

979 2311 1056 2344 ullus
1068 2308 1334 2343 Lutheranorum‚
1349 2307 1424 2341 dum
1436 2306 1733 2353 praedestinationem

979 2358 1185 2405 posteriorem
1198 2356 1259 2390 fide
1272 2357 1415 2394 doceres,
1439 2360 1471 2389 8:
1484 2355 1643 2402 quousque
1656 2355 1733 2388 ullus

979 2406 1233 2440 Arminianorum
1241 2428 1251 2443 ‚
1268 2403 1342 2438 dum
1355 2401 1605 2450 perseverantiam
1619 2403 1735 2449 praede-

979 2454 1143 2488 stinatione
1155 2454 1292 2501 priorem
1305 2450 1436 2491 faceres,
1449 2452 1497 2486 vel
1511 2451 1670 2499 quousque
1686 2452 1734 2485 ul-

980 2505 1025 2538 lus
1037 2502 1169 2550 Papista,
1182 2503 1255 2536 dum
1269 2500 1567 2548 praedestinationem
1580 2501 1617 2535 ab
1630 2501 1734 2548 operi-

980 2553 1037 2588 bus
1052 2551 1260 2599 suspenderes:
1274 2549 1322 2585 sed
1335 2550 1384 2584 hic
1398 2550 1520 2597 longius
1534 2552 1609 2584 ultra
1623 2562 1735 2584 omnes

982 2603 1077 2637 curris
1091 2602 1167 2636 dum
1182 2600 1370 2635 elefflonem
1381 2600 1398 2634 a
1410 2600 1525 2633 meritis
1532 2600 1574 2633 vis
1589 2599 1735 2646 pendere.

983 2653 1106 2687 Omnes
1124 2649 1256 2697 Papistae
1273 2650 1380 2684 volunt
1401 2649 1561 2683 elefflonis
1575 2650 1737 2682 executio-

983 2714 1056 2736 nem
1079 2700 1226 2734 nimirum
1249 2698 1507 2747 glorificationem
1528 2697 1700 2744 dependsre
1719 2697 1736 2731 εὶ

983 2751 1115 2789 meritis,
1131 2748 1181 2784 sed
1193 2761 1264 2783 cum
1277 2747 1483 2796 Javelluscum
1496 2748 1596 2794 paucis
1610 2746 1738 2780 Schola-

985 2799 1133 2834 sticorum
1145 2796 1243 2846 ipsum
1255 2809 1403 2832 aeternum
1410 2797 1566 2831 decretum
1578 2795 1739 2831 eleetionis

987 2849 1003 2883 a
1018 2848 1135 2883 meritis
1150 2848 1247 2882 voluit
1259 2845 1434 2894 suspendere
1447 2869 1456 2885 ,
1482 2845 1535 2880 etsi
1552 2857 1622 2879 cum
1635 2846 1738 2880 multis

987 2896 1273 2932 modificationibus
1291 2894 1384 2943 usque
1402 2895 1439 2929 ad
1453 2892 1546 2929 solam
1561 2895 1739 2940 congruita-

987 2958 1066 2984 tem,
1080 2951 1111 2982 &
1124 2946 1338 2980 conditionem
1346 2944 1406 2979 fine
1417 2947 1479 2992 qui
1489 2957 1570 2984 n0n;
1584 2944 1739 2979 molina

988 3007 1056 3031 tuus
1071 2994 1167 3044 ipsum
1184 2996 1284 3040 rejicit
1304 3005 1336 3028 ut
1355 2993 1526 3041 periculos&
1545 3005 1695 3028 errantem
1708 2995 1740 3027 in

989 3046 1054 3091 ipsfi
1065 3045 1137 3084 fide,
1150 3057 1324 3091 quanquam
1336 3044 1426 3078 verba
1437 3043 1487 3076 hic
1500 3042 1516 3076 a
1527 3053 1557 3076 te
1569 3044 1657 3077 citata
1669 3043 1740 3077 lon—

989 3094 1027 3142 ge
1040 3094 1117 3128 ultra
1137 3093 1287 3141 Javellum
1299 3093 1461 3140 loquantur
1473 3090 1610 3138 expresse
1622 3092 1659 3126 de
1672 3104 1741 3126 me-

203 3152 300 3183 aliaer'n
309 3150 515 3181 contumeliam
527 3151 725 3181 materiarum
738 3145 955 3191 causarumque
970 3145 971 3153 ¹

204 3197 396 3248 praeceffirunt
413 3198 546 3245 merim]
571 3197 662 3232 etiam
683 3195 737 3231 ista
754 3194 847 3233 verba
866 3194 955 3241 ponit

990 3145 1054 3177 ritis
1068 3142 1191 3177 summae
1205 3142 1421 3188 condignitatis
1434 3154 1501 3189 quae
1514 3138 1623 3175 scilicet
1635 3141 1739 3174 locum

990 3192 1105 3228 habent
1117 3193 1148 3227 in
1159 3191 1260 3236 judice
1272 3192 1325 3239 qui
1337 3190 1480 3237 justitiam
1493 3188 1626 3238 sequitur
1633 3202 1697 3223 non
1711 3202 1740 3222 a·

1601 3250 1721 3273 morem
1730 3261 1740 3277 ,
