2048 3343
65 190 148 227 rufium
159 200 198 218 er-

58 243 94 272 ga
103 233 173 259 Mil-

60 272 149 301 tiadem
157 273 195 299 in-

54 311 187 354 gratitudo.

66 1618 165 1655 Praefcre

65 1660 165 1686 Darius

69 1702 181 1728 Xerxem

68 1744 116 1775 maj
121 1741 157 1767 ori

61 1782 204 1820 fratrisfi-

64 1822 182 1858 tabafini.

74 2414 169 2440 Xerxes

73 2454 170 2481 numine

73 2494 196 2529 ampellienr

75 2534 108 2562 ad
116 2537 140 2562 G
143 2545 186 2562 νι-

75 2586 127 2603 cum
137 2575 186 2603 bel-

78 2617 134 2644 lum.

456 116 522 143 Ετ
580 106 1493 147 Cnnouotoc1c1L113.1.
1685 116 1756 150 115

218 179 376 218 Mltiades
386 177 438 215 suii
455 182 574 216 virtute
594 180 635 214 ad
648 178 872 215 Marathonem
890 178 962 212 Bar-

217 232 358 266 bai-icam
380 229 567 265 servitutem
587 230 627 264 ab
653 228 791 262 Athenis
817 228 959 274 depulit,

214 279 494 327 splendidissimam
509 279 676 314 victoriam
687 276 725 310 de
736 275 831 311 Persis
840 277 963 311 retulit,

213 329 433 364 nihilominus
453 325 608 362 leviffimii
625 326 665 360 de
682 325 773 360 caus&
791 324 964 360 foedissime

214 381 296 414 mori
311 380 414 412 virum
436 376 648 410 Athenienses
659 387 795 423 cogunt.
826 377 937 409 Statim
950 376 965 408 a

213 424 419 464 Marathonifi
446 425 553 473 pugn&
589 426 752 473 promittit
779 423 936 459 A‘liltiadcs
954 449 962 464 ‚

213 475 282 525 quo
298 476 426 510 duceret
440 475 506 522 ipse
517 473 726 522 sequentibus
740 475 851 521 opima
864 473 964 520 spolia

213 528 424 573 &ingentem
441 524 588 572 praedam.
614 525 684 557 Hac
697 522 748 571 spe
761 522 963 557 clarissimum

212 577 316 610 virum
340 574 482 623 sequitur
494 585 612 621 magna
631 574 741 620 populi
763 572 875 606 turba:
902 574 965 606 itur

213 626 247 659 in
260 624 394 658 insulam
409 627 510 661 Paron,
521 623 686 657 obsidetur
697 621 879 669 aliquandiu
891 620 965 654 urbs

211 672 344 714 frustra,
367 675 446 720 quin
459 676 489 706 &
502 671 567 719 ipsc
579 697 587 711 ‚
608 671 685 705 dum
701 685 757 719 per
765 672 874 705 Cereris
885 680 968 704 tem-

213 723 258 770 pli
281 736 393 758 muros
413 732 549 756 conatur
574 723 606 755 in
629 721 743 755 urbem
769 721 966 762 irrumpere,

211 773 314 820 lapsus
326 770 507 819 confringit
524 770 649 808 femur,
668 783 737 805 non
752 769 824 804 satis
837 763 967 816 expedi-

213 824 339 858 tionem
359 821 442 856 hanc
459 822 662 855 temerariam
682 818 770 854 luiss'c
790 820 894 854 virum
910 830 965 864 pu-

213 869 504 907 tantAthenienses
514 868 698 917 gravissimo
708 867 907 908 vulnere‚nifi
920 869 969 900 in-

213 921 306 969 super
326 921 536 955 mulc‘taretur
554 919 792 966 quinquaginta
817 917 946 949 talentis
958 938 968 954 ‚

215 972 282 1007 haec
294 983 367 1005 cum
381 982 447 1003 non
456 968 586 1002 haberet
597 969 628 1001 in
639 967 751 1004 bonis,
765 963 906 1012 praestarc
919 967 970 1008 ju-

217 1022 296 1056 bent
307 1031 452 1066 corpore.
471 1016 667 1060 Conjiciunt
679 1016 711 1048 in
724 1025 883 1048 carcerem
896 1037 903 1050 ,
914 1012 969 1046 ubi

218 1070 360 1106 vulneris
372 1069 465 1101 dolor
474 1067 604 1110 locique
613 1063 969 1110 ped0r‚&vinculorum

221 1120 350 1154 novitas
368 1117 498 1162 optimo
517 1114 586 1147 viro
603 1114 745 1146 animam
763 1121 969 1158 extorquent.

220 1165 408 1202 Mirandum
427 1162 493 1209 ipsa
514 1171 617 1195 morte
637 1163 697 1196 viri
726 1174 794 1196 non
813 1161 970 1206 expletam

219 1215 343 1264 popelli
355 1211 521 1247 insaniam,
533 1213 653 1246 nolunt
666 1210 725 1245 alia
738 1213 810 1259 lege
821 1210 858 1244 ad
870 1210 972 1257 sepul-

217 1276 321 1300 turam
343 1263 508 1296 demortui
519 1261 599 1295 tradi
612 1273 728 1308 corpus
742 1285 752 1300 ‚
773 1258 871 1308 quam
891 1261 970 1293 utin

217 1314 316 1362 patris
333 1313 444 1347 locum
465 1310 646 1346 succederet
671 1309 756 1344 silius
777 1307 909 1350 Cimon‘,
939 1311 971 1343 in

215 1374 343 1400 carcere
355 1360 505 1409 eousque
531 1358 732 1395 remansurus
755 1361 789 1393 in
816 1359 971 1399 vinculis,

215 1413 322 1448 donec
343 1412 500 1446 mulctam
532 1408 732 1457 persolveret
753 1408 790 1442 ad
818 1409 970 1442 ultimum

218 1461 449 1510 quadrantem:
477 1462 600 1506 accepit
613 1459 839 1493 conditionem
855 1459 971 1496 Cimon,

218 1511 335 1557 suaque
348 1512 468 1556 pietate
479 1507 728 1544 Atheniensium
740 1509 846 1544 voluit
859 1509 968 1556 ingra-

220 1561 396 1595 titudinem
412 1558 567 1607 superare.

270 1613 403 1644 Parante
417 1609 507 1643 Dario
517 1610 549 1642 in
566 1612 740 1656 AEgyptum
753 1607 784 1642 id
799 1608 869 1648 iter,
882 1605 974 1655 quod

224 1672 292 1694 non
309 1658 443 1694 siverunt
464 1655 617 1705 capessere
629 1657 694 1691 fata
706 1682 714 1697 ‚
737 1669 807 1691 nata
824 1656 913 1692 estin
928 1669 974 1690 re-

225 1708 277 1757 gifi
298 1709 400 1744 domo
426 1720 546 1756 magna
565 1707 782 1741 controversia
801 1719 809 1739 t
843 1705 975 1754 quidam

227 1760 319 1793 Dario
331 1756 459 1792 fuerunt
470 1768 543 1792 ante
555 1757 707 1802 Regnum
721 1754 802 1794 filii,
823 1756 974 1799 aliosjam

224 1821 363 1855 regnans
376 1807 508 1853 suscepit
522 1819 562 1840 ex
573 1803 693 1849 eAmſj‘a'
704 1830 712 1845 ‚
725 1804 793 1851 syri
804 1802 890 1839 filia:
917 1804 974 1838 ho-

222 1869 295 1891 rum
306 1858 467 1891 maximus
478 1853 539 1889 fuit
550 1857 677 1893 Xerxes,
693 1851 890 1904 Artabafimes
900 1853 977 1888 islo-

222 1918 307 1942 rum.
340 1909 484 1953 AEquum
506 1904 633 1940 rebatur
659 1902 855 1951 Artabafhnes
879 1903 919 1937 ad
946 1902 976 1938 se

220 1956 295 2005 post
306 1966 429 2002 patrem
440 1955 592 1990 devenire
604 1954 759 2000 Regnum
773 1977 781 1990 ‚
801 1965 915 2001 utpote
926 1955 978 1987 cui

224 2005 550 2053 primogenitutaejus
562 2000 722 2038 tribuisset
733 2013 854 2043 natura3
867 2002 979 2037 contra

226 2057 340 2088 Xerxes
351 2053 439 2088 fratri
451 2056 576 2100 privata
590 2054 687 2100 patris
702 2051 788 2086 bona
807 2065 875 2086 non
893 2053 978 2086 invi-

225 2103 344 2144 debat,
373 2105 497 2150 quippe
512 2104 570 2150 qui
598 2102 692 2136 Darii
716 2103 832 2149 privati
858 2103 980 2149 primus

223 2153 328 2190 fuisset
341 2152 448 2192 filius5
475 2151 524 2186 sed
545 2151 603 2185 sibi
624 2163 763 2199 regnum
780 2155 852 2195 jure
869 2151 979 2186 deberi

218 2202 464 2240 contendebat,
490 2202 547 2250 qui
568 2201 663 2235 Dario
690 2202 836 2247 regnanti
857 2202 979 2245 primus

224 2253 403 2289 obvenisset
417 2265 425 2285 ε
454 2249 628 2286 secundum
666 2251 796 2283 Xerxem
829 2248 977 2294 judicare

226 2302 352 2337 Darium
362 2300 441 2337 fecit
463 2300 517 2336 seu
528 2302 581 2345 jus
593 2298 643 2344 seu
656 2300 760 2347 gratia.
781 2300 893 2333 matris
906 2302 978 2334 (Λ-

230 2352 318 2394 toffae.

279 2399 329 2433 Ut
349 2396 493 2444 primum
519 2399 551 2433 in
577 2399 667 2446 regio
684 2396 805 2433 throno
832 2395 980 2432 consedit

229 2450 340 2482 Xerxes
350 2471 358 2486 ‚
371 2447 451 2480 nihil
463 2447 509 2480 illi
520 2449 628 2493 potius
640 2445 702 2480 fuit
715 2446 810 2493 quam
824 2449 919 2493 patris
930 2448 980 2481 in-

230 2508 322 2546 cepta
332 2495 485 2543 perficere
497 2520 507 2536 ,
525 2499 669 2543 AEgypto
686 2495 723 2529 ad
732 2495 924 2540 obsequium
935 2508 982 2528 re-

230 2546 384 2582 ducendae
395 2546 531 2579 minima
542 2543 667 2578 suffecit
676 2557 784 2590 opera,
805 2543 854 2577 sed
867 2543 904 2577 ad
915 2545 982 2577 elu-

232 2596 349 2632 endam
361 2595 377 2629 a
387 2596 510 2629 Graecis
520 2592 697 2640 impressam
712 2595 743 2626 in
756 2591 861 2640 pugna
875 2593 982 2626 Mara-

232 2644 346 2681 thonia
355 2644 513 2679 maculam
524 2670 533 2683 ,
550 2644 663 2686 majori
674 2642 844 2676 nitendum
858 2639 919 2674 fuit
930 2642 981 2674 in-

228 2696 355 2731 dustrlssl'.
380 2695 582 2739 Magnopere
600 2691 792 2726 dissuadebat
808 2689 983 2727 Artabanus,

233 2748 323 2780 Dima
335 2742 428 2777 frater
438 2754 538 2776 omne
549 2754 622 2775 cum
635 2742 759 2775 Graecis
772 2741 907 2781 bellum,
918 2752 982 2774 tra-

232 2796 345 2841 xitque
360 2793 523 2826 rationum
538 2789 680 2838 pondere
698 2791 730 2823 in
750 2789 837 2822 suam
858 2787 985 2823 senten-

235 2845 310 2876 tiam
321 2840 423 2888 ipsum
435 2842 561 2874 Xerxem
572 2865 581 2879 ,
602 2849 672 2873 utut
685 2840 780 2872 initio
796 2850 935 2884 pronum
948 2838 986 2871 ad

239 2892 390 2926 Graecum
403 2893 482 2925 iter:
496 2889 545 2924 sed
558 2890 744 2934 Principum
756 2886 897 2921 consiliis
908 2899 986 2933 prae-

242 2939 285 2973 est
297 2940 404 2974 divina
417 2952 523 2980 mens,
542 2938 633 2972 semel
645 2940 804 2971 &iterum
821 2938 853 2970 in
866 2937 987 2970 somnis

243 2991 335 3022 Xerxi
345 2991 460 3034 pariter
474 2993 506 3024 ὃς
516 2986 669 3023 Artabano
680 2984 876 3034 graviffimas
889 2988 987 3020 inter-

242 3039 380 3071 minatur
405 3039 512 3072 clades
534 3039 729 3072 noeturnum
752 3035 909 3082 spectrum
931 3060 941 3076 ,
969 3034 990 3069 si

240 3099 308 3120 non
325 3087 710 3133 quamprimum'consilia
730 3088 762 3120 in
782 3086 914 3119 Graecos
932 3086 990 3118 ab-

244 3138 327 3179 jcc‘ta
339 3134 583 3173 resumerentur.
608 3137 685 3172 Non
702 3135 795 3172 audet
816 3137 883 3172 Rex
898 3145 992 3182 repu-

247 3198 343 3234 gnare
354 3185 440 3220 Deo.

1057 183 1092 214 In
1104 177 1256 214 faciendis
1271 181 1471 226 apparatibus
1483 180 1657 216 triennium
1674 179 1759 215 insu-
1778 176 1865 224 lutt'yss

1009 230 1068 263 mit
1089 243 1097 263 t
1122 242 1158 263 ex
1177 227 1334 263 omnibus
1352 230 1478 274 imperii
1495 224 1618 278 angulis
1637 243 1758 264 conve·
1778 218 1908 265 thrumbo-

1008 279 1073 311 ni1·c
1086 277 1184 321 jubet
1200 276 1312 311 Sardeis
1331 279 1510 312 exercitum
1525 304 1534 317 ‚
1555 278 1759 314 recensentur
1769 259 1873 328 {1222

1006 324 1057 360 hic
1069 327 1214 373 peditum
1229 327 1331 361 decies
1344 324 1459 373 septies
1471 328 1590 366 millia,
1609 330 1757 376 equitum
1778 312 1916 369 crudelitas.

1006 376 1174 423 octoginta
1186 377 1297 415 millia;
1309 375 1358 409 his
1368 375 1668 423 omnibusRegium
1681 390 1760 423 prae-

1007 423 1077 458 buit
1090 423 1149 458 suis
1161 424 1342 470 sumptibus
1356 426 1545 459 convivium
1565 428 1611 458 vir
1627 428 1759 472 quidam

1009 474 1040 507 in
1052 472 1150 521 Lydia
1165 475 1305 520 privatus
1318 498 1328 513 ‚
1347 475 1480 508 nomine
1493 470 1610 519 Pythias
1623 497 1631 512 ,
1645 486 1760 521 pecore

1006 526 1036 556 δι
1052 524 1205 569 pecunia,
1234 522 1253 557 si
1268 524 1339 570 quis
1359 536 1503 571 unquam
1517 548 1524 560 ‚
1541 523 1644 558 dives.
1669 523 1762 558 Xerxi

1010 571 1062 605 hic
1086 573 1183 618 gratis
1203 571 1325 606 obtulit
1347 574 1412 607 auri
1432 574 1620 620 argentique
1632 573 1764 619 praesen-

1010 633 1076 654 tem
1095 620 1254 655 summam
1271 621 1376 656 multo
1401 625 1574 656 maximam
1597 645 1604 657 .
1637 622 1676 656 de
1702 619 1763 668 qud

1011 669 1123 716 stipem
1145 682 1240 704 unam
1260 672 1418 720 attingere
1437 673 1540 709 renuit
1564 672 1667 718 Regia
1692 683 1766 704 ma-

1011 720 1231 766 gnanimitas,
1257 719 1312 753 sed
1334 734 1391 767 pro
1407 720 1458 755 sufi
1479 721 1674 755 liberalitate
1695 718 1766 766 sup-

1013 769 1100 815 plere
1122 768 1209 813 juffit
1227 792 1236 805 ‚
1261 769 1352 816 quod
1372 768 1473 813 Pyrhio
1495 769 1598 804 defuit
1616 770 1703 805 auri,
1727 768 1765 802 ad

1012 828 1154 865 quatuor
1173 819 1351 853 milliones.
1385 820 1464 854 Non
1485 820 1528 853 ita
1545 818 1630 853 belle
1654 829 1767 852 tamen

1014 866 1104 900 Xerxi
1121 878 1196 900 cum
1216 863 1319 909 Pythio
1341 880 1418 901 mox
1435 870 1589 902 convenit
1611 882 1619 901 z
1652 868 1768 915 seque-

1015 914 1131 948 bantur
1151 916 1280 961 Regem
1310 927 1346 947 ex
1367 913 1469 957 Pythii
1493 917 1600 951 liberis
1622 917 1768 964 quinque

1015 961 1092 1003 filii,
1106 963 1222 997 horum
1236 964 1381 997 maximo
1392 964 1566 1010 postulavit
1575 966 1702 1011 supplex
1715 977 1771 1012 pa-

1015 1013 1324 1047 terimmunitatem
1337 1012 1377 1046 ab
1392 1014 1508 1052 armis;
1531 1014 1568 1046 ad
1588 1025 1640 1046 eas
1663 1026 1772 1059 preces

1016 1062 1249 1097 excandescens
1285 1064 1396 1095 Xerxes
1414 1086 1424 1103 ,
1461 1059 1603 1096 dissecari
1640 1061 1773 1095 mandat

1018 1111 1114 1145 istum
1126 1110 1271 1146 filiorum
1287 1108 1394 1151 Pythii,
1407 1124 1463 1158 pro
1476 1124 1542 1158 quo
1554 1122 1643 1157 pater
1658 1107 1772 1144 orfiss'et

1017 1162 1221 1196 vacationem
1240 1159 1257 1194 ὲ
1283 1158 1371 1195 bello
1384 1185 1393 1196 ‚
1417 1158 1601 1206 diffcetique
1617 1170 1720 1207 partes
1736 1161 1770 1192 in

1018 1209 1164 1258 publica,
1186 1208 1250 1258 quli
1263 1211 1364 1255 copiis
1377 1210 1605 1244 transeundum
1617 1207 1680 1243 fuit
1690 1233 1700 1250 ‚
1723 1206 1773 1242 vizi

1018 1260 1192 1302 collocari,
1208 1258 1353 1294 &dextris
1368 1272 1485 1301 unam,
1508 1261 1640 1294 alteram
1657 1257 1676 1292 εὶ
1698 1258 1773 1293 sini-

1020 1309 1100 1344 stris.

1066 1362 1102 1393 In
1116 1359 1281 1407 Europam
1302 1361 1444 1405 trajicere
1467 1358 1563 1394 Xerxi
1582 1357 1683 1394 visum
1702 1356 1748 1392 est
1762 1381 1770 1395 ‚
1791 1359 1930 1398 Pki'ibspon-

1018 1421 1084 1443 non
1100 1408 1155 1442 ubi
1168 1420 1255 1455 pater
1272 1410 1310 1444 ad
1327 1410 1531 1457 Bosphorum
1546 1436 1553 1447 ,
1574 1407 1625 1443 sed
1642 1405 1725 1442 infra
1735 1405 1772 1440 ad
1791 1405 1901 1454 ‘flium'

1021 1459 1228 1505 Hellesponti
1249 1459 1430 1507 angustias,
1450 1458 1497 1493 ibi
1517 1458 1659 1493 Troadis
1679 1456 1771 1502 Aby-
1792 1447 1929 1510 >rusclum-

1020 1508 1098 1543 dum
1110 1511 1141 1542 δέ
1156 1507 1269 1543 Seston
1283 1508 1476 1543 Chersonesi
1487 1508 1659 1556 conjungit
1668 1507 1773 1554 gemi-
1791 1495 1855 1553 {2²⁰
1866 1492 1927 1529 “³⁶³

1020 1572 1064 1592 no
1079 1568 1201 1606 ponte:
1227 1571 1304 1605 quas
1317 1557 1460 1605 primum
1478 1558 1657 1592 connexuit
1675 1566 1774 1593 rates,

1020 1620 1069 1642 eas
1094 1604 1332 1653 Hellespontus
1366 1607 1557 1654 tempestate
1585 1615 1778 1640 commotus

1022 1657 1130 1691 diruit.
1156 1655 1215 1689 Ob
1234 1656 1316 1690 hanc
1334 1657 1498 1691 audaciam
1520 1654 1685 1690 insaniens
1705 1654 1778 1687 Rex

1023 1704 1233 1754 pelagojuffit
1243 1704 1346 1753 infligi
1357 1706 1485 1741 verbera
1497 1705 1628 1751 &injici
1642 1714 1780 1749 compe-

1025 1757 1078 1791 des
1096 1781 1106 1796 ,
1135 1757 1189 1802 qui
1223 1753 1384 1789 furentem
1412 1754 1662 1802 Hellespontum
1691 1749 1780 1799 quasi

1025 1806 1285 1852 compescerent,
1304 1804 1402 1839 sedin
1420 1804 1514 1849 hujus
1530 1801 1780 1849 insaniaepoeni-

1025 1856 1160 1889 tentiam
1175 1865 1249 1887 mox
1266 1853 1443 1888 deveniens
1460 1864 1494 1887 ut
1513 1854 1650 1899 placaret
1667 1850 1781 1885 inimi-

1026 1916 1100 1938 cum
1112 1916 1199 1938 mare
1210 1928 1220 1944 ,
1245 1916 1320 1937 cum
1338 1901 1549 1937 libaminibus
1560 1903 1636 1936 inid
1646 1900 1779 1949 projicit

1025 1954 1080 1988 sua
1100 1964 1199 1987 manu
1220 1951 1362 2000 phialam
1383 1964 1513 1988 auream
1527 1976 1538 1992 ,
1567 1961 1720 1986 craterem
1732 1961 1780 1982 ar-

1026 2012 1182 2051 genteum
1193 2006 1223 2036 &
1236 2001 1355 2036 ensem.

1074 2056 1108 2086 In
1121 2064 1283 2086 novorum
1296 2051 1446 2098 pontium
1466 2062 1534 2084 uno
1545 2048 1711 2083 transeunt
1723 2057 1776 2080 or·
1799 2048 1887 2084 Diflct

1027 2102 1099 2136 dine
1120 2103 1251 2136 militari
1273 2103 1372 2147 copiae
1392 2102 1425 2134 in
1441 2102 1536 2133 armis
1554 2096 1678 2145 septem
1695 2098 1778 2130 inte-
1799 2091 1897 2115 Xerxes

1027 2154 1092 2199 gris
1112 2151 1227 2185 diebus
1241 2174 1248 2187 ‚
1270 2148 1390 2197 absque
1414 2150 1477 2182 ulla
1494 2149 1542 2182 vel
1563 2147 1778 2181 noctuinter-
1793 2129 1939 2197 sssgzam·

1030 2200 1178 2235 mislione
1191 2202 1333 2235 itineris,
1350 2201 1382 2233 in
1398 2199 1500 2233 altero
1519 2201 1680 2242 jumenta,
1693 2196 1777 2234 lixae,

1029 2254 1059 2284 δέ
1073 2249 1229 2298 quicquid
1252 2247 1313 2282 fuit
1333 2248 1647 2295 impedimentorum
1666 2258 1674 2278 :
1704 2257 1781 2279 cum

1028 2312 1066 2333 ex
1078 2301 1223 2334 Praetorii
1236 2297 1365 2333 summo
1376 2297 1554 2344 despiceret
1573 2298 1686 2329 Xerxes
1705 2293 1784 2329 infi-

1030 2351 1132 2384 nitam
1149 2362 1218 2396 quae
1236 2348 1264 2383 se
1281 2347 1464 2396 sequeretur
1479 2346 1725 2380 multitudinem
1737 2343 1784 2376 vi-

1028 2411 1139 2433 rorum
1150 2421 1159 2434 ‚
1173 2396 1351 2442 lachrymas
1363 2393 1476 2430 fudisse
1492 2395 1592 2430 fertur
1605 2418 1614 2432 ,
1634 2403 1782 2440 quaeren-

1028 2450 1119 2495 tique
1131 2445 1254 2482 causam
1266 2445 1424 2481 Artabano
1440 2439 1634 2491 respondisse
1645 2466 1653 2482 ‚
1669 2440 1742 2474 flere
1754 2439 1783 2474 se

1029 2496 1150 2531 sortem
1167 2497 1344 2529 humanam
1357 2517 1366 2530 ‚
1385 2493 1460 2528 cum
1481 2494 1641 2538 cogitaret
1653 2513 1662 2528 ‚
1685 2502 1722 2523 ex
1733 2499 1784 2524 tot

1029 2547 1084 2592 qui
1104 2541 1242 2577 adessent
1257 2545 1400 2576 virorum
1414 2540 1549 2574 fortium
1569 2538 1727 2578 millibus,
1739 2551 1780 2573 ne

1031 2605 1132 2627 unum
1155 2592 1193 2626 ad
1218 2604 1340 2626 annum
1360 2588 1571 2625 centesimum
1598 2586 1782 2635 superfutu-

1029 2655 1110 2677 rum.
1130 2649 1132 2651 '
1534 2681 1536 2686 ,

1080 2688 1238 2726 Crevitin
1255 2690 1367 2723 itinere
1379 2689 1502 2736 semper
1512 2684 1676 2723 Persarum
1693 2698 1782 2721 exer·
1803 2694 1914 2727 secunda

1030 2743 1131 2776 citus,
1151 2752 1225 2774 nam
1240 2750 1276 2773 ut
1293 2740 1324 2772 in
1340 2739 1503 2785 Europam
1517 2738 1780 2781 venere,junxe-
1801 2741 1927 2775 lustratio-

1032 2799 1105 2824 runt
1117 2788 1146 2822 se
1157 2789 1242 2835 Regi
1255 2801 1322 2822 non
1333 2788 1433 2822 modo
1447 2789 1536 2821 variae
1546 2785 1713 2820 Thracum
1726 2797 1780 2819 na*
1799 2780 1910 2825 neplares

1032 2841 1140 2872 tiones
1160 2836 1213 2870 sed
1233 2839 1329 2872 etiam
1347 2835 1486 2871 Thessali
1514 2860 1523 2875 ‚
1557 2834 1754 2869 Macedones
1767 2857 1777 2875 ,
1799 2822 1933 2887 ιιιῄιιὲῑῖ.

1031 2887 1185 2921 Thebani
1199 2911 1207 2926 ›
1221 2889 1426 2921 &maximus
1438 2888 1573 2920 aliorum
1584 2885 1778 2919 Graecorum
1792 2863 1852 2930 Ἐξ
1860 2872 1939 2940 jeze*

1032 2949 1194 2972 numerus,
1209 2933 1691 2983 secundoigitur-invasitlibido
1704 2935 1780 2967 Xer·
1803 2946 1851 2976 m,
1866 2940 1940 2981 quam

1034 2999 1099 3020 xem
1110 2989 1265 3019 exereitus
1276 2985 1438 3023 lustrandi,
1450 2986 1524 3018 cum
1535 2983 1574 3018 ad
1583 2979 1784 3017 Samothracen
1803 2987 1940 3023 quivimu-

1012 3053 1015 3063 =
1035 3036 1128 3071 staret
1140 3035 1240 3069 classis
1252 3040 1283 3070 &
1295 3034 1408 3079 Dortfii
1421 3034 1459 3067 ad
1486 3032 1590 3068 Hebri
1609 3032 1688 3067 ostia
1700 3031 1782 3080 fige-
1803 3035 1911 3064 quama-

1035 3095 1144 3120 rentur
1154 3085 1260 3119 castra.
1803 3063 1940 3112 “m'’‘fbfm

1776 3130 1781 3136 .
1802 3108 1845 3134 vel
1852 3107 1942 3134 mtlttes

1079 3133 1174 3180 Apud
1194 3134 1317 3168 multos
1336 3131 1479 3167 Herodoti
1504 3133 1676 3167 auetoritas
1694 3142 1783 3177 parvi
1803 3147 1923 3177 vellixm.

1035 3182 1080 3219 est
1093 3182 1246 3231 ponderis
1257 3208 1266 3225 2
1280 3182 1361 3219 mihi
1371 3193 1482 3217 tamen
1503 3182 1626 3231 semper
1643 3179 1727 3219 visus
1738 3177 1783 3211 cst

1391 3235 1415 3269 P
1445 3244 1462 3267 2
1699 3230 1782 3262 inter
