2048 3343
6 226 8 246 ς
30 214 156 242 continua·

29 261 91 284 runt.

9 1190 11 1203 Ι
25 1204 87 1242 Qs
96 1201 157 1237 fif

18 1247 104 1281 suet-tu
118 1251 152 1273 <9¹

24 1290 160 1316 ‚Artaxer-

26 1337 69 1356 xes
78 1326 122 1365 qui

25 1369 108 1405 templi
117 1376 154 1392 1-

23 1407 146 1445 ‹sificatio-

26 1460 77 1477 nem
85 1450 158 1486 impe-

24 1490 138 1518 diverunt
147 1489 160 1517 ,ἒ

442 101 508 128 ET
570 90 1214 128 Cnnouotocxm

181 164 278 202 tertio
286 164 500 209 diejejuuium
514 163 744 198 continuaviez
769 159 825 194 etfi
841 160 931 192 euim

182 217 254 251 Rex
266 218 300 250 δε
311 221 430 249 Haman
440 214 528 262 apud
544 226 617 248 eam
628 213 725 245 tertio
737 209 791 243 die
804 206 928 254 epulari

179 264 273 306 sunt,
291 276 361 298 non
385 275 499 298 tamen
518 260 702 296 affirmatur
720 256 821 307 ipsam
834 255 930 291 sim-ul

180 327 256 350 cum
268 316 313 349 eis
325 315 491 362 epulatam
502 310 564 345 efle
581 323 590 344 τ
617 308 670 344 vel
682 307 702 342 si
717 309 769 342 cui
779 305 929 342 subtilius

180 365 249 399 hoc
258 363 427 399 videatur,
442 360 592 403 dicamus
605 358 703 406 ipsam
722 357 766 391 ad
779 358 930 392 tertiito-

181 417 246 449 tius
262 413 327 447 diei
338 411 503 457 jejunium
522 411 616 444 nullo
633 419 719 443 voto
735 405 825 441 Fuisse
835 405 926 441 obli-

181 473 294 511 gatam
307 483 317 497 ‚
334 472 411 494 nam
422 471 530 507 cap..4.
540 464 634 493 v;16.
647 457 744 493 verba
757 458 822 504 [ego
833 458 928 495 &an-

181 516 246 549 cille
255 523 317 547 mea
318 511 453 555 similiter
461 508 670 553 jejunabimus]
681 509 786 555 accipi
799 505 931 551 poffunt

180 560 222 598 de
232 574 275 600 re,
286 571 362 594 vero
371 556 490 593 seilicet
503 560 638 606 ipsarum
646 559 787 604 jejunio,
798 554 851 590 sed
864 566 930 588 nou

180 613 223 647 de
233 607 390 644 omnibus
399 609 442 642 rei
452 620 519 642 nou
531 607 713 642 necessariis
720 604 933 642 circumstan-

182 664 244 700 tiis,
255 663 287 693 in
300 659 413 706 primis
425 669 495 691 non
507 659 546 693 de
557 659 655 691 tertio
667 657 811 696 diemam
823 656 858 687 in
867 651 933 701 ipsa

182 709 392 759 obligatione
403 711 438 743 &
451 718 534 741 voto
545 707 630 753 pene
643 705 759 740 dilerte
772 704 933 738 indicatur

182 773 218 796 ea
234 758 401 804 exceptio,
419 758 499 791 dum
515 754 674 804 fignificat
686 752 933 802 seingresluram

181 811 222 845 ad
232 810 360 856 Regem
372 805 446 854 ipfis
459 804 736 852 jejunantibus‚ut
748 803 843 838 simul
856 813 934 835 cum

181 871 300 893 eorum
319 856 471 903 precibus
487 855 528 889 ad
538 857 661 895 Deum,
672 853 732 888 fuce
744 853 786 888 ad
799 854 932 900 Regem

182 905 439 958 supplicationes
449 903 654 939 offerrentur.

338 1002 642 1041 Quies-rto
691 1000 772 1029 v11.

219 1077 335 1114 uomodo
353 1077 518 1110 concilietur
539 1070 640 1106 Esdrae
650 1080 790 1117 quartum
809 1082 841 1106 v.
851 1073 887 1109 6,
901 1081 933 1111 7.

184 1114 234 1128 κ
303 1136 368 1159 cum
379 1124 584 1170 ejufilemsexto
593 1121 663 1167 verss
670 1133 721 1166 14,
737 1133 748 1155 1
757 1134 773 1161 5
787 1124 802 1152 ?

237 1204 335 1239 Riori
354 1201 436 1237 loco
449 1200 592 1236 alsetitur
610 1200 720 1235 hostes
736 1198 932 1245 Judaeorum

235 1259 517 1301 interrumpentes
538 1252 653 1298 templi
670 1254 703 1285 &
722 1250 813 1284 urbis
831 1248 934 1284 aedifi-

183 1305 351 1338 cationem
363 1304 403 1337 ad
414 1302 558 1349 Affnerum
571 1304 605 1334 δε
618 1307 810 1334 Artaxerxem
821 1300 932 1347 Reges

183 1351 352 1388 Persarum
372 1352 598 1399 querimonias
612 1346 780 1390 detulisse,
798 1361 934 1383 eorum-

181 1415 245 1450 que
268 1405 401 1450 Regum
419 1402 584 1435 mandatis
606 1396 822 1434 intermissum
838 1410 936 1447 opus.

181 1452 334 1487 Dubium
359 1451 403 1485 est
430 1450 580 1498 quisnam
604 1449 701 1484 fuerit
728 1448 779 1483 ille
798 1449 937 1496 Affuerus‚

182 1514 263 1536 num
276 1502 364 1535 Darii
374 1503 452 1534 Mede
462 1505 575 1546 pater?
593 1501 644 1532 An
656 1495 766 1545 Esthera
779 1500 936 1532 maritus?

182 1563 240 1585 aur
248 1552 320 1598 quis
331 1552 437 1585 alius?
466 1551 505 1583 Et
516 1548 590 1584 vero
604 1550 677 1596 quis
698 1546 797 1583 fuerit
810 1546 864 1582 ille
875 1555 934 1582 Ar-

182 1610 315 1635 taxerxes
327 1624 337 1639 ,
358 1599 578 1646 Longimanusne
587 1612 629 1632 an
643 1605 790 1635 Mnemon,
808 1610 848 1631 an
861 1599 935 1644 quis

184 1649 348 1685 tandem?
371 1652 392 1681 Q
404 1649 472 1683 erte
483 1647 561 1681 loco
572 1649 746 1695 posteriori
756 1645 936 1682 affirmatur

184 1701 301 1748 templi
310 1696 564 1732 aedificationem
580 1697 641 1730 unii
653 1708 726 1730 cum
738 1704 810 1747 Cyro
821 1702 852 1731 δε
866 1700 935 1731 Da-

185 1753 248 1788 rio,
267 1758 457 1783 Artaxerxem
483 1744 683 1794 promovisse
706 1758 776 1779 non
794 1745 936 1792 impedi-

184 1797 272 1832 viffe.
297 1797 338 1830 Et
353 1795 431 1830 vcro
451 1796 508 1842 qui
527 1806 701 1831 Artaxerxes
714 1794 936 1842 velimpedire

184 1845 234 1880 vel
254 1857 455 1894 promovere
473 1848 589 1893 potuit
609 1846 726 1892 templi
744 1844 934 1879 aedificatio-

183 1907 274 1935 nem,
287 1893 363 1929 cum
373 1895 492 1929 ealoco
508 1896 679 1942 posteriori
691 1893 934 1940 peifecstadica-

183 1956 237 1979 tur
255 1947 347 1979 Darii
364 1943 454 1978 sexto
471 1969 480 1981 ‚
509 1946 646 1991 quando
672 1945 822 1978 nondum
843 1955 936 1979 natus

187 2004 360 2030 Artaxerxes
369 2019 379 2035 ,
390 1993 461 2028 imo
475 1995 526 2028 vix
535 1997 603 2038 eius
616 2005 710 2041 pater
720 2001 825 2029 xerxes
835 1995 869 2027 in
879 2005 936 2028 cu-

183 2047 234 2079 nis
245 2055 316 2078 turn
329 2046 489 2091 temporis
501 2042 592 2078 fuiffe
605 2044 774 2078 videatur?

233 2092 334 2140 Resp.
363 2093 474 2127 Dubia
487 2093 555 2127 haec
565 2092 676 2128 solutu
689 2092 759 2127 satis
772 2091 871 2127 effent
885 2090 937 2126 fa-

184 2144 258 2178 cilia
268 2167 278 2182 ,
290 2141 346 2176 nili
361 2154 558 2190 magnorum
572 2143 715 2177 virorum
730 2141 863 2177 diversae
876 2141 935 2176 ad.

184 2192 326 2227 modum
353 2190 521 2227 sententiae
547 2195 701 2239 perplexa
725 2196 761 2226 δε
788 2189 939 2225 involuta

185 2242 366 2276 redderent
379 2266 388 2281 ,
410 2254 482 2287 quae
505 2244 538 2275 in
550 2241 579 2275 se
591 2240 667 2275 satis
677 2242 773 2289 plana
784 2240 866 2276 sum.
893 2248 939 2274 Jo-

185 2291 280 2337 {ephus
293 2290 430 2337 quidem
444 2291 572 2338 Scaliger
579 2292 774 2325 austoritate
786 2288 851 2328 suit,
864 2302 937 2337 quae

189 2337 310 2372 merito
333 2351 452 2385 magna
470 2340 516 2373 est
540 2365 550 2381 ,
573 2345 608 2374 ὃς
627 2338 735 2374 verbis
753 2338 940 2386 imperiosis

189 2386 382 2421 nostrorum
410 2387 585 2433 plerosque
600 2414 609 2427 ‚
636 2388 785 2435 inprimis
810 2390 937 2429 Iunium,

190 2435 376 2472 Deodatum‚
388 2438 558 2470 Reinoldum
568 2462 577 2477 ,
588 2439 746 2480 Calvisium
759 2462 769 2476 ,
783 2440 939 2477 Emmium,

190 2492 345 2520 Hovvaum
355 2509 364 2524 ,
377 2486 531 2531 Nisbetum
544 2511 554 2526 ‚
568 2493 755 2519 Annotatores
764 2487 943 2532 Anglicanos,

192 2538 227 2569 δέ
240 2534 361 2568 aliosiu
377 2537 447 2567 avia
458 2535 597 2570 seduxit.
624 2534 686 2569 Sed
700 2536 941 2581 Capellusfflsbe-

191 2587 249 2618 rius
263 2608 271 2620 ‚
289 2587 321 2617 ἃ
334 2582 386 2616 alii
399 2582 440 2617 ab
454 2596 496 2617 eo
509 2595 617 2618 errore
627 2582 687 2617 fibi
697 2594 854 2618 caverunt
872 2611 881 2624 ‚
907 2587 942 2618 &

193 2645 268 2667 cum
282 2631 389 2679 priscis
398 2633 634 2682 Interpretibus
644 2635 834 2679 callcm‚qui
845 2631 944 2667 nobis

192 2682 329 2730 quidem
342 2681 471 2715 videtur
483 2685 603 2716 rectior
613 2687 644 2716 ὃ(
655 2684 944 2730 expeditior,iusti-

195 2742 315 2765 terunt.
328 2733 454 2781 Scaliger
463 2735 495 2766 ὃ(
509 2732 660 2778 sequaces
672 2732 791 2766 volunt
804 2733 945 2778 Affuerum

195 2780 273 2813 loco
301 2782 405 2827 priori
440 2782 651 2814 nominatum
688 2779 778 2814 fuisse
808 2788 946 2820 Xerxem,

200 2831 313 2864 Hibera
327 2837 496 2870 maritum,
515 2835 548 2865 &
563 2839 758 2865 Artaxerxem
769 2827 862 2864 fuisse
872 2836 945 2863 Lon.

197 2878 346 2923 gimamcm
366 2883 432 2924 ejus
452 2879 555 2914 filium
576 2906 586 2921 ,
607 2880 659 2914 sed
679 2888 871 2916 Artaxerxem
884 2892 942 2927 po-

203 2927 327 2960 steriori
347 2931 423 2963 loco
444 2932 655 2964 nominatum
676 2930 791 2963 volunt
810 2936 945 2964 Mnemo-

203 2977 338 3021 nem,qui
347 2989 420 3011 cum
433 2991 524 3026 patre
535 2982 634 3014 Dario
646 2981 740 3014 Notbo
750 2981 946 3025 coujuncstus

203 3026 237 3058 in
249 3027 385 3068 imperio
396 3029 536 3061 ediRum
547 3028 589 3064 de
599 3028 728 3077 templo
740 3028 945 3077 perficiendo

205 3073 269 3109 uni
281 3085 357 3107 cum
369 3087 408 3108 eo
421 3077 539 3111 edidit.

256 3125 476 3170 Qiantopere
495 3127 647 3160 erraverit
674 3129 796 3176 Scaliger
821 3126 947 3162 confli-

206 3184 301 3209 tuens
321 3180 442 3209 Xerxem
456 3174 571 3217 Hibera
581 3176 736 3216 maritum
749 3203 759 3221 ,
771 3178 948 3226 quaestionc

1278 89 1451 130 L13.1.
1652 101 1730 140 157

973 159 1127 209 superiori
1137 159 1326 201 diximum&
1338 163 1438 208 qudm
1448 163 1626 198 immanem
1640 175 1728 200 rem-

976 223 1101 255 porumr
1124 208 1361 244 confusionem
1394 212 1427 246 iu
1460 214 1505 247 sui
1531 212 1725 260 sequacibus

975 260 1154 294 causaverit
1170 284 1181 300 ‚
1217 257 1415 295 affirmando
1444 262 1567 298 Darium
1594 266 1726 299 Nothum

976 309 1090 355 templi
1118 308 1447 346 consummatorem,
1472 312 1647 355 quaestione
1679 312 1729 346 se·
1769 349 1771 352 Α

975 359 1090 406 quenti
1114 359 1301 393 videbimus
1328 373 1336 394 :
1364 360 1403 392 in*
1424 360 1589 406 praelentifl
1615 363 1727 407 paucis

975 417 1088 441 coutra
1100 409 1167 451 ejus
1178 406 1376 442 senteutiam
1386 421 1450 456 prae
1462 407 1615 443 manibus
1626 423 1727 457 argu-

978 467 1176 491 meuvtarnur.

1027 504 1148 540 Primo.
1183 507 1308 554 Affiterus
1327 510 1362 542 δε
1382 515 1558 542 Artaxerxes
1578 506 1620 542 ab
1638 502 1725 554 Esdrai

1747 512 1875 549 ⁴Affiaerm

978 556 1081 601 priori
1100 558 1181 590 loeo
1196 558 1359 591 nominati
1371 557 1469 605 primi
1480 554 1614 591 fuerunt
1626 558 1730 604 Reges
1750 552 1787 580 '⁷¹⁴⁶
1803 563 1852 579 mm

980 603 1161 645 Persarum,
1171 607 1228 652 qui
1239 618 1353 641 contra
1367 609 1438 657 Cyri
1448 606 1640 642 mandatum
1651 607 1727 640 aedi.

981 653 1170 689 ficationem
1181 656 1297 703 templi
1317 657 1564 704 impediverunt
1590 671 1599 689 :
1626 659 1729 702 Atqui

980 711 1082 739 xerxes
1093 708 1127 739 δε
1140 713 1316 740 Artaxerxes
1323 709 1506 754 Longimanue
1514 717 1534 739 n
1540 719 1587 740 on
1594 705 1728 742 fuerunt

980 755 1079 800 primi
1092 754 1312 802 impeditores
1331 755 1419 790 istius
1440 755 1568 803 operis,
1586 755 1628 789 sic
1640 757 1730 789 enim

980 802 1080 850 usque
1103 804 1140 838 ad
1158 815 1278 837 eorum
1292 817 1393 852 regna
1411 803 1733 851 perseverfiffentJu-

980 853 1039 887 daei
1053 854 1085 885 in
1099 863 1140 885 eo
1150 864 1250 897 opere
1258 852 1382 899 absque
1393 855 1462 889 ullo
1474 855 1734 901 impedimento,

983 905 1018 935 δε
1028 899 1193 948 templum
1204 900 1301 936 facile
1313 900 1519 947 perfecistent
1529 915 1604 939 ante
1615 916 1674 939 eos
1684 916 1736 938 re-

979 960 1165 997 gesnatos,
1183 961 1259 984 nam
1271 950 1630 998 postintevrruptiouem
1649 964 1737 1000 opus

981 997 1114 1047 aggresii
1125 1001 1214 1034 Darii
1232 998 1379 1034 secundo
1393 1025 1404 1040 ,
1423 1001 1657 1046 colopho-nem
1671 1004 1736 1035 im-

981 1047 1161 1096 posuerunt
1186 1061 1274 1084 anno
1296 1052 1363 1094 ejus
1384 1049 1472 1084 sexto
1493 1074 1502 1089 ,
1528 1050 1737 1096 quadriennii

980 1098 1095 1145 spatio.
1131 1097 1201 1147 Qii
1211 1097 1291 1145 ergo
1302 1099 1426 1134 factum
1438 1110 1475 1133 ut
1487 1100 1565 1132 totis
1578 1099 1672 1132 aunis
1685 1097 1739 1132 se-

979 1147 1184 1196 ptemdecim
1195 1152 1265 1191 Cyri
1275 1152 1310 1183 &
1323 1149 1475 1194 cambysis,
1486 1152 1520 1182 &
1531 1148 1738 1195 quadragin-

981 1209 1014 1231 ta
1026 1195 1075 1230 sex
1086 1200 1175 1232 Darii
1185 1198 1317 1244 Hystaspis
1334 1197 1351 1232 ὲ
1367 1200 1461 1233 nullo
1481 1198 1631 1245 impediti
1649 1209 1736 1245 opus

979 1246 1064 1280 illud
1083 1258 1151 1281 non
1167 1244 1365 1293 perfecerint
1382 1258 1457 1282 ante
1477 1259 1618 1297 regnum
1635 1248 1737 1283 xerxis

982 1300 1017 1332 &
1028 1298 1199 1330 Artaxerxi}
1210 1300 1226 1330 ἓ

1027 1344 1194 1381 Secundo.
1216 1345 1328 1393 Estherae
1339 1347 1475 1381 maritus
1487 1345 1619 1394 ejusque
1638 1343 1737 1384 filius,

983 1406 1019 1430 ut
1029 1394 1163 1436 volunt,
1173 1396 1548 1444 ArtaxerxesJudaeorum
1559 1406 1648 1430 erant
1661 1399 1738 1441 ἐυερ-

982 1448 1068 1488 φέτοιμ
1078 1457 1147 1479 non
1156 1445 1279 1485 hostes,
1292 1448 1383 1489 Qus
1391 1457 1469 1494 ergo
1481 1445 1593 1480 credat
1605 1456 1738 1480 utrum-

982 1507 1048 1542 que
1067 1494 1155 1528 hunc
1174 1494 1217 1529 ad
1235 1493 1341 1529 finem
1353 1494 1454 1541 usque
1466 1496 1597 1530 suorum
1608 1496 1738 1529 dierum

1741 595 1796 632 furt
1804 596 1871 622 Xer-

1722 657 1727 662 .
1750 645 1813 666 xes,
1836 642 1863 662 ut

1749 677 1803 703 *vult
1813 679 1874 702 sca-

1747 718 1816 755 liger,
1827 716 1869 743 Iu-

1749 768 1805 785 nius
1816 776 1823 789 ‚
1832 764 1868 786 &³

1751 800 1803 827 alii.

983 1557 1060 1578 cum
1079 1543 1276 1590 Judaeorum
1306 1543 1457 1578 hostibus
1482 1542 1675 1592 conspirasse
1694 1543 1756 1600 ad·

983 1594 1097 1639 templi
1108 1592 1558 1641 sttuCiuramimpediendam
1572 1599 1586 1629 ἓ

1033 1642 1167 1678 Tertio.
1193 1645 1226 1677 Si
1248 1654 1324 1677 toto
1336 1653 1515 1691 regnorum
1526 1645 1623 1679 Xerxis
1635 1646 1670 1678 &
1683 1649 1742 1678 Ar..

983 1698 1113 1729 taxerxie
1124 1704 1276 1740 tempore
1287 1692 1445 1728 structura
1453 1695 1568 1740 templi
1577 1693 1740 1740 impedita

984 1741 1090 1777 fuilset
1101 1770 1109 1782 ‚
1131 1742 1231 1787 usque
1257 1742 1298 1776 ad
1324 1745 1418 1778 Darii
1433 1744 1525 1778 Nothi
1540 1741 1735 1784 secundum,

986 1804 1056 1827 tum
1069 1791 1085 1827 εὶ
1097 1790 1241 1825 fundato
1253 1791 1384 1839 templo
1404 1793 1447 1826 ad
1466 1790 1655 1840 perfeetum
1665 1791 1741 1826 fue-

985 1852 1062 1876 runt
1081 1842 1156 1875 anni
1175 1845 1189 1884 (
1203 1852 1238 1875 ut
1250 1838 1370 1876 fatetur
1381 1843 1534 1892 Scaliger)
1558 1839 1741 1875 minimum

985 1889 1300 1936 centum&septern
1323 1915 1334 1930 ‚
1360 1895 1395 1926 δε
1412 1901 1490 1925 toto
1507 1891 1567 1925 isto
1586 1902 1742 1939 tempore

987 1941 1145 1976 zorobabel
1154 1941 1188 1974 in
1199 1941 1404 1986 principatu,
1419 1944 1454 1975 δέ
1464 1940 1546 1985 lafita
1556 1942 1590 1975 in
1606 1939 1742 1974 summo

988 1990 1178 2025 Sacerdotio
1190 1988 1457 2037 perseverarunt:
1474 1987 1545 2023 imo
1555 1987 1636 2024 vero
1648 2000 1742 2032 uter-

990 2052 1054 2087 que
1075 2041 1109 2072 in
1127 2039 1189 2072 isto
1212 2050 1349 2073 munere
1371 2049 1442 2072 tam
1458 2037 1535 2073 ante
1551 2037 1648 2087 quim
1668 2037 1743 2085 post

989 2091 1161 2135 aliquanto
1171 2099 1321 2134 tempore
1331 2086 1404 2122 sunt
1416 2087 1527 2123 versati
1543 2102 1551 2123 :
1572 2100 1673 2123 nemo
1684 2099 1743 2121 au·

990 2151 1058 2174 tem
1071 2139 1263 2173 mortalium
1283 2137 1355 2185 post
1375 2136 1464 2171 filios
1476 2145 1546 2173 Noa
1562 2139 1594 2172 in
1605 2136 1672 2172 ullo
1683 2149 1744 2183 pu-

991 2189 1079 2224 blico
1089 2200 1224 2223 munere
1235 2187 1277 2222 ad
1287 2198 1397 2221 annos
1408 2198 1544 2221 centum
1557 2188 1744 2236 appropin-

989 2248 1114 2286 quaVit.
1555 2259 1557 2261 ·

1039 2285 1139 2329 Quid
1160 2284 1256 2332 quod
1277 2285 1472 2332 Judaeorum
1492 2283 1616 2319 multos
1626 2285 1746 2330 iisdie-

991 2335 1052 2370 bus
1070 2347 1176 2370 annos
1196 2336 1357 2370 ducentos
1375 2333 1483 2368 vixiss‘e
1502 2333 1567 2368 haec
1589 2333 1746 2367 sententia

990 2385 1070 2421 facit
1082 2410 1093 2426 ,
1112 2397 1188 2418 nam
1207 2383 1223 2418 εὶ
1241 2383 1452 2418 Monarchiae
1462 2383 1649 2429 Cyriprimo
1667 2404 1679 2421 ,
1702 2380 1746 2415 ad

992 2437 1086 2470 Darii
1097 2436 1189 2470 Nothi
1198 2435 1380 2469 secundum
1401 2450 1422 2470 ,·
1433 2442 1526 2467 erant
1539 2442 1672 2465 centum
1695 2429 1746 2464 se-

992 2484 1196 2530 ptemdecim
1216 2507 1226 2523 ,
1251 2486 1286 2516 &
1305 2482 1345 2516 ab
1358 2481 1470 2516 everso
1482 2480 1608 2525 templo
1625 2479 1666 2512 ad
1676 2480 1746 2527 pri-

995 2544 1088 2565 mum
1103 2532 1398 2575 cyrinumerantur
1410 2527 1431 2562 fi
1444 2541 1512 2563 non
1524 2526 1745 2576 septuaginta,

995 2579 1110 2614 saltem
1123 2579 1443 2627 quinquagintaduo
1456 2603 1466 2619 ‚
1482 2579 1538 2625 qui
1557 2588 1668 2612 autem
1679 2577 1748 2612 ob-

995 2628 1156 2665 servarunt
1167 2627 1310 2676 gloriam
1321 2629 1440 2676 prioris
1452 2627 1579 2674 templi,
1593 2628 1747 2674 oportuit

994 2679 1086 2714 fuiffe
1106 2683 1138 2712 in
1157 2679 1219 2712 hac
1230 2678 1460 2713 observatione
1475 2689 1638 2712 annorum
1648 2679 1749 2712 osto-

996 2730 1155 2768 decim‚cx
1163 2729 1210 2762 his
1218 2729 1337 2772 junstis
1346 2726 1500 2762 confiunt
1509 2737 1641 2762 centum
1653 2729 1748 2761 octo-

996 2781 1087 2826 giuta
1099 2776 1219 2824 septem
1231 2791 1239 2811 ε
1254 2781 1288 2812 &
1300 2776 1379 2813 vero
1390 2790 1503 2812 omnes
1514 2777 1570 2823 qui
1583 2775 1744 2823 templum

997 2828 1155 2875 posterius
1167 2828 1317 2861 viderunt
1329 2852 1337 2866 ,
1358 2839 1427 2861 non
1440 2826 1545 2860 statim
1559 2827 1746 2872 expirarunt

997 2879 1013 2912 iz
1025 2875 1092 2911 viso
1104 2877 1242 2923 templo,
1252 2875 1305 2911 sed
1316 2875 1442 2924 aliquot
1456 2877 1549 2909 annis
1560 2874 1746 2921 superfuisse

996 2938 1179 2975 potuerunt
1197 2939 1204 2963 ε
1228 2938 1395 2973 utrunque
1406 2925 1602 2972 Judaeorum
1623 2925 1745 2960 multos

996 2991 1037 3012 eo
1049 2976 1157 3010 seculo
1164 2977 1202 3010 ad
1213 2988 1347 3010 centum
1356 2977 1528 3023 odrogiuta
1538 2974 1659 3020 septem
1672 2987 1746 3021 per-

996 3028 1112 3062 venisse
1124 3027 1379 3061 incommodum
1389 3026 1433 3060 cst
1444 3050 1453 3066 ‚
1463 3026 1554 3072 quod
1566 3026 1662 3072 pauci
1673 3037 1747 3061 cot·

998 3077 1066 3112 dati
1081 3075 1279 3109 concedent.

1043 3126 1093 3162 Ut
1104 3125 1170 3159 haec
1181 3125 1282 3158 evitet
1293 3126 1417 3171 Scaliger
1429 3149 1439 3165 ,
1454 3136 1551 3173 negat
1563 3125 1700 3173 Haggaei
1714 3136 1744 3157 z.

1000 3188 1029 3213 v.
1046 3190 1077 3224 3.
1104 3173 1256 3210 affirmari
1269 3174 1350 3211 ullos
1360 3173 1556 3219 Judaeorum
1568 3184 1745 3219 utrumque

1358 3226 1389 3260 V
1418 3237 1432 3272 3
1585 3223 1748 3270 templum

1763 3120 1882 3159 Scaliger}

1763 3159 1885 3201 effiogmm.
