2048 3343
111 384 133 409 S
127 379 211 416 ybaris

109 420 198 449 deleta.

108 515 174 543 Gelo
185 516 240 542 Ρω-

107 567 192 583 norum
202 564 248 583 tre-

108 605 179 624 centa
187 597 240 624 mil-

107 639 235 676 Iiaficgat.

108 762 207 789 Xerxes

104 801 243 839 AEgyptios

99 842 177 880 facile*
184 841 224 870 do-

108 890 168 911 mat.

108 1449 167 1481 ,Ᾰᾶ
177 1447 250 1477 Ther-

86 1522 96 1537 ·
109 1503 148 1520 mo
154 1491 223 1528 pyliu

102 1532 238 1571 fiqueban-

108 1582 148 1602 tur
155 1576 182 1601 X
183 1583 225 1600 er-

108 1625 165 1642 xem
174 1614 247 1652 flaepra

107 1657 217 1694 quinqua
222 1672 231 1676 -

105 1699 158 1735 gies
165 1703 228 1723 cente
233 1712 241 1717 -

110 1747 143 1766 na
151 1737 232 1766 millia.

110 2141 229 2169 Omnium

106 2182 241 2220 pultberri-

111 2233 164 2252 mm
182 2223 230 2259 ipse

111 2266 208 2292 Xerxes
217 2271 245 2288 ac

111 2303 250 2340 rur-&zlav-

110 2343 229 2382 χίπιᾎέή

113 2386 243 2422 Itfortis·

105 2426 170 2461 fima
182 2429 247 2455 ,Λν-

111 2466 207 2502 temtfia.

116 2822 175 2854 ,Λά
182 2826 232 2851 En-

113 2872 172 2901 *αρε
182 2866 230 2891 Im-

106 2907 202 2942 perium
210 2916 237 2931 a·

110 2945 222 2981 sptralmt

117 2987 221 3014 Xerxes.

288 150 364 184 104
611 138 927 176 Orenrs

273 204 354 241 bant
367 206 489 253 asylum
507 219 514 240 :
533 205 611 241 hinc
629 207 735 242 statim
749 208 884 257 Sybaritae
895 217 1023 240 trecen-

269 266 301 289 ta
328 255 528 291 bellatorum
557 255 660 292 millia
692 269 809 290 contra
838 258 1023 291 Crotoniatas

269 305 419 339 educunt
441 319 449 340 ι
472 317 650 340 occurrunt
663 308 831 340 Crotoniatae
843 317 915 339 cum
929 304 1022 339 milli-

269 353 331 388 bus
349 365 482 389 centum
496 377 506 390 ‚
523 359 557 389 δέ
571 356 672 402 triplo
686 358 851 400 majorem
872 355 1025 402 Sybaritae

267 417 329 438 rum
358 406 536 439 exercitum
564 405 690 451 ingenti
717 404 817 451 strage
843 402 1020 442 debellant,

261 452 454 499 'urbemque
469 453 678 489 devidtorum
688 463 819 499 aequaut
833 451 915 486 solo.

319 503 416 535 Circa
425 504 541 537 eadem
553 514 704 550 tempora
714 504 864 536 Hamilcar
878 499 1019 536 Cartha-

268 551 412 600 ginensis
433 564 547 594 contra
562 553 750 601 Syracusanos
761 561 904 584 trecenta
919 549 1021 582 millia

268 600 428 635 Afrorum
450 605 485 636 &
508 600 734 648 Hispanorum
756 601 789 632 in
801 599 946 632 Siciliam
961 597 1026 630 ada

268 650 357 685 ducit
377 665 388 695 3
408 650 471 684 hos
489 662 607 684 omnes
620 659 775 695 tyrannus
794 647 862 680 Gelo
875 647 1020 680 interne-

271 700 366 733 cione
379 699 479 735 delet.

320 750 412 783 Cum
437 747 533 784 Darii¹
561 745 626 781 viti
644 743 814 780 Persarum
841 743 874 777 in
887 743 1021 778 Graecos

268 797 344 832 odia
363 810 432 832 non
453 793 664 842 expirfirunt;
693 803 729 828 ut
750 790 897 841 primurn
918 800 1023 827 Xerxes

265 844 388 882 solium
401 844 543 880 ascendit
553 867 561 882 ,
573 843 681 877 statim
694 841 835 891 paternis
845 840 960 874 institit
970 853 1022 875 ve-

266 894 375 943 stigiis.
414 895 522 928 Prima
539 890 598 939 ipfi
617 905 694 927 cura
715 889 778 925 fuit
797 891 968 937 AEgyptios
979 889 1022 924 ad

266 947 481 992 priusjugum
491 940 654 976 retrahere
672 967 682 982 ‚
709 939 813 974 facilis
823 951 898 973 cum
912 938 1021 973 imbe-

267 993 333 1028 cilli
347 992 406 1027 hac
419 1004 499 1026 runc
511 1000 608 1038 gente
629 988 729 1024 Persis
741 988 804 1024 fuit
821 987 914 1023 labor
934 1013 942 1026 ‚
968 987 1021 1022 sed

267 1054 306 1076 ex
317 1044 383 1077 alio
398 1041 526 1089 prorsus
537 1041 672 1076 metallo
683 1042 874 1074 Graecorurn
886 1038 1022 1085 perstora

267 1102 471 1139 repererunt.
653 1116 655 1119 .

318 1139 394 1174 Post
407 1142 504 1174 trium
516 1150 682 1172 annorum
695 1149 890 1185 apparatum
905 1137 1021 1184 ingen-

267 1201 317 1225 tes
330 1191 442 1236 copias
462 1195 566 1225 Xerxes
584 1186 693 1232 Abydi
713 1188 754 1221 ad
777 1190 883 1235 ripam
905 1187 1020 1220 Helle-

265 1239 379 1287 sponti
391 1238 584 1274 orientalem
600 1237 763 1275 lustravit,
775 1250 845 1284 qua*r
857 1237 969 1271 donec
979 1235 1020 1269 ad

265 1286 464 1337 Thermopyleu
474 1284 645 1321 Thessaliae
656 1297 791 1320 ventum
803 1284 1023 1331 esset,seinper

266 1337 453 1372 crescebant
468 1362 478 1377 ‚
505 1333 798 1382 confluentibusjn
809 1336 862 1369 via
881 1332 1022 1369 avicinis

266 1385 422 1435 gentibus
434 1385 545 1419 multis
559 1384 716 1419 millibus.

316 1437 406 1470 Licet
417 1436 450 1469 in
460 1433 759 1469 numeroXerxiani
770 1432 927 1477 exercitiis
937 1430 1020 1466 mul-

268 1484 341 1520 tum
377 1496 502 1519 varient
530 1485 679 1517 auc'tores
707 1493 775 1516 ram
803 1494 891 1516 nunc
918 1493 1020 1530 quam

269 1536 365 1574 olim,
375 1545 482 1568 tamen
495 1534 589 1580 quod
600 1545 638 1566 ex
650 1533 789 1567 Herodoto
800 1535 834 1566 ἃ
845 1533 916 1566 aliis
927 1529 1021 1564 affert

269 1584 408 1629 Usherius
428 1583 469 1617 de
486 1584 601 1629 viginti
623 1581 674 1615 sex
697 1582 844 1615 centenis
864 1580 1018 1620 millibus,

268 1633 467 1680 quadragies
486 1643 555 1664 uuo
576 1631 666 1666 mille
685 1629 842 1665 sexcentis
857 1629 1018 1665 &decem

268 1681 449 1717 militibus,
470 1680 686 1727 totidemque
704 1681 775 1715 aliis
794 1681 848 1726 qui
862 1679 971 1713 castris
988 1682 1020 1712 &

268 1731 352 1766 classi
377 1729 603 1764 ministrabant
623 1754 634 1769 ,
663 1730 707 1762 ita
719 1740 754 1763 ut
766 1741 839 1763 non
849 1729 1021 1777 pauciores

266 1783 326 1817 viri
356 1788 478 1816 Xerxem
504 1781 537 1814 in
565 1777 758 1813 Thessaliam
789 1778 1021 1825 sequerentur,

265 1829 366 1876 quam
380 1830 595 1877 quinquagies
607 1827 658 1861 bis
671 1828 790 1861 centies
802 1827 905 1866 mille,
919 1829 1021 1861 06ὲο-

265 1882 389 1927 giester
401 1878 489 1911 tuille
504 1879 639 1912 ducenti
651 1877 765 1925 viginti
778 1888 864 1911 ,non
879 1875 1020 1910 omnino

268 1928 419 1963 videatur
441 1926 664 1975 improbabile
676 1951 684 1963 ‚
701 1926 877 1960 licetistius
893 1927 1021 1959 numeri

267 1979 400 2011 tertiam
412 1986 538 2022 partem
552 1975 687 2022 usquam
699 1976 731 2008 in
744 1977 836 2009 terris
848 1987 912 2008 una
922 1976 1022 2009 castra

266 2024 919 2073 sequutam,nullusmeminerit2s1unum
932 2026 1024 2060 Semi-

266 2078 384 2111 ramidis
394 2075 533 2109 exercitu
540 2086 569 2107 m
584 2074 733 2121 excipias.

318 2129 354 2158 Ιη
378 2136 445 2157 tam
466 2123 660 2170 prodigiosfi
683 2121 897 2157 multitudine
920 2135 1022 2157 nemo

269 2173 444 2219 quisquam
473 2171 531 2218 ipsi
559 2175 648 2207 Xerxi
669 2173 718 2206 vel
745 2175 945 2219 proceritate
971 2174 1021 2207 vel

268 2221 377 2255 formai
393 2223 543 2267 corporis
563 2233 620 2265 par
634 2220 860 2255 inveniebatur
878 2247 885 2260 ,
915 2234 1022 2266 neque

269 2272 369 2304 animi
394 2269 622 2316 magnitudine
640 2279 715 2302 curn
735 2270 772 2302 ad
791 2282 864 2302 vera
876 2271 1018 2316 pericula

269 2320 449 2355 deventum
462 2318 549 2357 eliet,
561 2316 735 2363 quisquam
747 2319 883 2351 minor:
910 2329 970 2351 nec
988 2318 1020 2349 in

270 2380 323 2403 tot
337 2371 483 2403 virorum
498 2366 699 2413 myriadibus
710 2365 793 2400 ullus
815 2365 951 2400 muliere
967 2374 1022 2400 Λν-

269 2419 381 2463 τεηιεῇλ
404 2414 620 2451 Halicarnasii
640 2414 784 2448 Dominfi
805 2415 876 2449 verfi
888 2413 1020 2449 fortitu-

270 2468 348 2504 dine
361 2466 562 2515 praestantior
585 2481 594 2506 3
626 2464 681 2499 illa
695 2466 828 2497 enimin
840 2461 1021 2499 ardentissi-

269 2530 327 2551 mo
350 2515 493 2550 classium
507 2515 688 2548 certamine
700 2514 883 2547 triremium
895 2512 1020 2547 suarum

268 2567 367 2600 trium
388 2565 512 2599 duffflx
538 2564 758 2610 pugnacitatis
782 2563 887 2610 glori&
913 2562 1021 2596 Persas

270 2627 387 2649 omnes
404 2639 414 2655 ,
439 2613 507 2660 ipso
529 2620 624 2647 Xerxe
649 2623 796 2659 pugnam
817 2611 1020 2659 inspec‘taute

269 2675 335 2698 tam
348 2662 447 2710 longe
460 2663 615 2708 superavit
629 2684 637 2696 ‚
649 2672 683 2693 ur
699 2662 770 2693 Rex
783 2662 1019 2706 pronunciave-

266 2716 309 2747 rit
330 2717 418 2747 viros
437 2710 508 2745 suos
527 2712 560 2742 in
576 2709 731 2744 foeminas
750 2712 783 2743 &
796 2706 971 2742 foeminam
987 2710 1020 2741 in

270 2765 377 2797 virum
391 2758 528 2794 evasisse.

320 2814 402 2846 Non
416 2812 533 2843 mirum
546 2807 563 2841 a
575 2818 642 2841 tam
655 2806 744 2840 vasto
758 2816 890 2853 tamque
903 2804 1018 2839 instru-

272 2861 328 2894 δίο
362 2860 503 2894 exercitu
538 2856 780 2891 circumdatum
806 2862 930 2890 Xerxem
957 2853 1019 2889 soli

274 2909 442 2945 Persarum
458 2905 653 2942 Deolibassc
667 2931 676 2945 ,
700 2917 736 2939 ut
757 2906 902 2953 benigno
915 2904 1018 2952 ipsum

273 2957 372 2994 oculo
385 2971 427 2992 eo
438 2958 536 3004 usquc
547 2954 851 2990 intueretur-‚donec
864 2954 904 2987 ad
915 2965 1020 2989 extre-

272 3021 340 3042 mas
360 3010 512 3054 Europae,
526 3018 591 3039 non
603 3005 736 3039 Graeciae
748 3000 878 3037 tantum
890 3015 963 3038 oras
974 3004 1022 3036 vi-

274 3059 345 3089 &or
355 3057 558 3101 pervaderet.
578 3051 731 3088 Omnino
744 3053 912 3088 verisimile
925 3052 1021 3099 quod

274 3104 504 3139 deScamaudri
516 3102 949 3150 majorumqueScamandto
959 3101 1019 3136 Hu-

274 3157 402 3186 minum
412 3153 429 3185 εὶ
440 3159 537 3187 Xerxis
550 3155 690 3188 exercitu
704 3150 924 3186 desiccatione
938 3151 1019 3185 solet

274 3202 406 3237 narrari.
441 3202 480 3233 Et
494 3212 601 3236 tamen
614 3204 728 3249 quoin
745 3201 899 3237 humanis
911 3200 1021 3237 divina

989 132 1480 176 HISTORICI

1075 208 1187 243 dextra
1206 209 1363 255 potentiae
1384 207 1443 244 suae
1462 207 1581 245 illustre
1605 209 1698 245 daret
1716 210 1825 246 docui

1075 270 1222 292 mentum
1236 284 1245 298 ‚
1257 269 1305 293 ter
1318 261 1478 293 maximus
1490 259 1540 294 hic
1551 263 1581 293 &
1592 258 1693 306 longe
1705 271 1826 307 poten-

1074 306 1209 342 tissimus
1228 311 1444 355 quiunquam
1459 310 1492 343 in
1506 309 1597 342 terris
1609 309 1726 350 extitit,
1735 322 1826 344 exer-

1073 358 1208 397 citus‚in
1220 359 1332 404 paucis
1342 357 1505 392 mensibus
1516 355 1672 391 facillimo
1683 359 1825 407 negotio

1072 415 1162 439 totus
1171 406 1214 439 est
1225 406 1391 453 dissipatus
1403 412 1437 442 δε
1449 407 1610 454 perditus.

1121 453 1319 490 Hibernavit
1341 464 1446 492 Xerxes
1462 455 1622 492 Sardibus
1641 454 1755 501 Lydiae
1772 477 1781 491 .
1804 453 1823 489 εἰ

1844 455 1966 493 Solisfine

1072 504 1151 539 mari
1165 504 1275 549 AEgaeo
1287 505 1386 539 trium
1397 503 1622 544 dierum,sed?1
1633 503 1713 539 Susis
1724 505 1823 539 trium
1843 496 1919 533 ²⁶²¹?st
1926 497 1968 537 de7

1073 550 1232 593 mensium
1245 555 1373 589 itinere.
1400 556 1520 588 Donec
1532 556 1626 588 Veris
1639 555 1737 587 initio
1749 555 1824 588 Sar-

1071 599 1169 634 dibus
1181 613 1331 636 moveret
1343 603 1453 643 castra,
1466 602 1520 635 Sol
1532 602 1621 636 claro
1637 606 1671 637 &
1684 601 1750 636 fine
1761 615 1825 638 nu-

1072 647 1169 684 bibus
1183 663 1281 684 mane
1291 651 1437 698 eousque
1452 649 1587 691 defecit,
1599 661 1636 685 ut
1647 650 1824 698 conspice-

1071 710 1184 734 rentur
1196 700 1289 735 stellae
1308 725 1316 738 ,
1343 713 1451 747 neque
1465 700 1500 735 id
1520 703 1570 743 (ut
1583 701 1819 747 vultUsherius)

1070 747 1116 782 ob
1130 751 1232 783 Lunae
1242 750 1547 797 interpositionem,
1558 762 1629 796 quae
1643 749 1825 784 ordinaria-

1070 808 1144 830 rum
1164 800 1317 833 omnium
1339 797 1509 845 eclipsium
1521 799 1565 832 est
1578 797 1709 834 visibilis
1722 797 1822 834 causa.

1071 845 1252 892 Utrunque
1287 849 1479 895 prodigium
1506 848 1572 883 hoc
1599 849 1677 882 mali
1702 849 1826 882 ominis

1071 894 1150 927 loco
1163 906 1338 941 acceptum
1351 896 1447 936 est,&
1459 908 1552 931 tanto
1562 897 1687 931 multos
1698 898 1821 931 timore

1072 944 1221 989 perculit,
1234 954 1268 977 ut
1281 943 1392 987 Pythius
1403 946 1580 992 Lydus,qui
1592 949 1656 980 toti
1669 946 1824 980 exercitui

1071 991 1327 1039 suis-sumptibus
1349 991 1527 1040 benignum
1539 995 1722 1041 praebuerat
1740 1007 1822 1029 con-

1071 1042 1194 1076 vivium
1216 1064 1224 1076 ‚
1250 1045 1285 1076 δε
1309 1042 1398 1076 Xerxi
1422 1041 1553 1090 iusuper
1569 1045 1738 1092 ingentem
1753 1045 1823 1079 auri

1071 1089 1201 1125 massam
1215 1089 1399 1130 obtulerat,
1411 1090 1597 1138 suppliciter
1610 1094 1664 1127 uni
1677 1105 1714 1127 ex
1723 1095 1821 1140 quin—

1070 1152 1137 1186 que
1153 1138 1211 1173 suis
1223 1138 1296 1174 filiis
1312 1138 1329 1173 a
1341 1139 1456 1174 militia
1473 1140 1685 1177 vacationem
1696 1143 1821 1190 implo-

1069 1200 1154 1223 raret
1171 1215 1180 1228 ,
1206 1188 1342 1237 supplici
1355 1188 1508 1224 concessit
1527 1198 1630 1226 Xerxes
1648 1190 1823 1231 suumffvo-

1070 1249 1154 1278 tum,
1168 1237 1223 1272 sed
1235 1250 1269 1272 ut
1281 1238 1423 1272 filiorum
1437 1241 1617 1282 Pythiinatu
1630 1241 1823 1278 maximum,

1069 1299 1170 1333 quem
1199 1286 1404 1322 desiderabat
1429 1298 1519 1333 pater
1546 1287 1605 1322 fibi
1625 1287 1766 1336 relinqui
1786 1291 1821 1323 in

1071 1337 1245 1384 scnetsturis
1260 1337 1404 1371 solamen
1415 1348 1515 1383 atque
1525 1336 1705 1372 subsidium
1716 1366 1725 1378 ‚
1752 1351 1821 1372 me-

1071 1387 1160 1422 dium
1173 1373 1343 1420 mstndaret
1355 1386 1548 1426 diss‘ecari‚&
1562 1385 1685 1422 dissecti
1695 1399 1824 1435 partem

1072 1436 1206 1469 alteram
1226 1437 1379 1469 exercitui
1404 1437 1482 1470 dum
1503 1436 1653 1470 transiret
1675 1436 1825 1482 spetstan-

1074 1484 1150 1529 darn
1163 1484 1238 1518 hinc
1250 1485 1268 1519 a
1280 1484 1402 1526 dextrfi,
1414 1485 1548 1520 alteram
1560 1484 1576 1520 Ξι
1587 1484 1710 1520 Γιηὶίὶῐὲ.
1721 1487 1825 1521 collo-

1073 1535 1151 1568 cari.

1119 1585 1212 1617 Dum
1236 1594 1439 1618 metarentur
1457 1584 1556 1618 castra
1579 1581 1635 1618 sub
1657 1578 1824 1628 idos'rroja

1070 1631 1146 1667 licet
1159 1633 1318 1667 heroibus
1335 1637 1426 1677 juxta
1437 1633 1568 1681 sepultis
1583 1632 1748 1667 libamina
1762 1631 1826 1666 sint

1072 1680 1171 1717 effusa
1191 1708 1202 1723 ‚
1228 1685 1410 1718 nocturnus
1435 1693 1549 1716 tamen
1574 1692 1682 1716 terror
1712 1693 1825 1727 totum

1073 1731 1212 1778 pervasit
1222 1733 1413 1771 exercitum,
1427 1730 1534 1766 multo
1544 1744 1623 1780 ergo
1637 1743 1734 1765 mane
1747 1743 1827 1778 pro-

1072 1779 1149 1828 pere
1171 1781 1248 1815 inde
1261 1780 1449 1816 disceditur.
1487 1782 1577 1816 Cum
1604 1783 1732 1826 Abydum
1748 1777 1826 1814 esset

1072 1842 1266 1878 perventum
1277 1853 1286 1866 ,
1308 1830 1408 1865 hodie
1421 1831 1604 1865 Dardanellos
1616 1855 1626 1871 ,
1650 1829 1703 1864 hic
1715 1830 1827 1864 stravit

1073 1881 1239 1928 geminum
1253 1891 1389 1926 pontem
1413 1879 1469 1912 ubi
1481 1879 1602 1926 septem
1617 1879 1727 1913 stadiis
1737 1878 1824 1912 latus

1072 1929 1114 1963 est
1129 1929 1368 1974 Hellespontus
1389 1942 1398 1962 ε
1424 1926 1505 1962 ficut
1524 1930 1673 1975 Bosphorus
1685 1927 1825 1962 Thracius

1071 1980 1155 2014 inter
1167 1982 1341 2023 Byzantium
1352 1982 1385 2013 &
1398 1979 1619 2014 chalcedonem,
1630 1975 1734 2010 hodie
1744 1983 1828 2011 Con-

1072 2029 1274 2073 (iantinopolin
1290 2032 1322 2062 &
1335 2034 1437 2062 Puram
1449 2024 1499 2060 seu
1514 2029 1649 2065 Scutari,
1663 2023 1719 2059 ubi
1734 2035 1826 2072 pater

1072 2078 1166 2112 suum
1185 2078 1290 2111 stravit
1308 2086 1750 2124 pontem‚quatuortantum
1764 2074 1827 2107 sta-

1072 2128 1125 2161 dia
1149 2126 1202 2162 seu
1227 2127 1361 2161 milliare
1385 2124 1535 2160 Italicum
1562 2124 1712 2158 medium
1737 2125 1825 2158 latus

1073 2176 1135 2212 est.

1136 2271 1290 2323 Hssoriae
1303 2273 1430 2326 prioris
1440 2272 1636 2311 accuratior
1647 2283 1750 2310 enar-

1378 2338 1476 2366 mtto.

1075 2411 1160 2470 SEd
1188 2423 1228 2446 ne
1253 2423 1322 2446 tam
1354 2411 1436 2447 sicco
1455 2412 1536 2458 pede
1565 2411 1822 2459 pulcherrimam

1115 2461 1244 2496 l’ersicae
1261 2461 1464 2496 Monarchiae
1478 2461 1647 2495 historiam
1659 2472 1826 2507 percurra-

1072 2523 1145 2545 mus
1167 2524 1174 2544 :
1203 2523 1261 2558 age
1274 2510 1370 2558 paulo
1380 2509 1479 2545 fusius
1490 2523 1527 2544 ex
1539 2508 1690 2544 fontibus
1705 2510 1824 2542 Graecis

1070 2560 1209 2603 historiae
1225 2562 1363 2607 antiquae
1376 2558 1523 2607 patribus
1533 2558 1699 2592 tradamus
1716 2581 1725 2596 ‚
1750 2569 1822 2602 quae

1070 2622 1108 2643 ex
1128 2609 1165 2643 iis
1181 2609 1332 2643 omnium
1355 2610 1505 2655 gentium
1531 2606 1672 2640 historici
1696 2617 1756 2652 pro
1772 2605 1822 2640 ixe

1069 2659 1172 2692 solent
1183 2669 1332 2691 enarrare
1346 2682 1356 2698 ,
1367 2657 1514 2704 inprimis
1525 2655 1564 2690 de
1578 2659 1663 2700 Cyro,
1674 2656 1824 2702 Cambyft,

1070 2709 1182 2745 Dario,
1195 2709 1229 2741 ὃ(
1238 2712 1340 2742 Xerxe.

1120 2753 1210 2790 Cum
1233 2757 1324 2790 Ninus
1342 2759 1376 2790 &
1397 2757 1562 2790 Semiramis
1579 2753 1701 2789 vicinos
1719 2751 1818 2786 armis

1837 537 1931 575 fec‘lus.

1845 1055 1933 1082 xerxis
1942 1055 1970 1083 in

1843 1095 1961 1131 Pythium

1842 1135 1982 1165 crudelmu.
1993 1164 1995 1170 ,

1838 2758 1930 2800 Qbus
1937 2769 1978 2787 ar·
2016 2752 2017 2757 ¹

1067 2804 1129 2839 late
1141 2803 1398 2849 perdomuiffent
1413 2829 1423 2845 ‚
1443 2804 1653 2851 posterorum
1675 2803 1819 2834 Monar-
1839 2801 1902 2847 11qu
1915 2800 1977 2836 As-

1068 2854 1203 2887 charum
1219 2866 1319 2887 unum
1332 2863 1401 2887 erat
1414 2865 1527 2888 votum
1538 2853 1631 2885 tueri
1644 2860 1733 2893 parta
1744 2874 1753 2890 ‚
1774 2849 1818 2884 nil
1833 2841 1953 2877 ‚fimorum

1877 2892 1950 2909 Ona?-

1067 2905 1207 2950 amplius
1224 2915 1384 2949 quaerere.
1399 2931 1402 2934 .
1420 2901 1529 2947 Qod
1550 2899 1572 2932 si
1595 2897 1741 2945 ipsorum
1763 2901 1815 2933 in-
1838 2921 1969 2958 cbaetotse-

1069 2963 1180 2986 tueare
1205 2964 1314 2986 mores
1340 2949 1536 2998 irnpossibile
1558 2949 1706 2982 videatur
1731 2974 1740 2989 ‚
1769 2948 1814 2982 sin
1837 2963 1952 2990 culisim-
2014 2987 2015 2990 Ἰ

1069 3012 1150 3035 artes
1163 3001 1282 3046 quibus
1299 3000 1344 3034 usi
1364 3001 1434 3034 sunt
1447 3022 1458 3038 ‚
1485 2995 1591 3031 multo
1610 2996 1815 3032 facillimum.
1835 3005 1971 3040 periumre-
2014 2996 2015 2999 ’

1069 3053 1185 3097 Ingens
1209 3055 1418 3083 extruxerunt
1434 3046 1550 3082 Ninives
1570 3045 1727 3095 palatium
1745 3072 1754 3087 ,
1781 3049 1815 3080 in

1071 3099 1133 3132 hoc
1157 3097 1186 3131 se
1205 3097 1416 3133 recondidere
1436 3096 1506 3143 post
1533 3106 1642 3143 patres
1654 3095 1815 3130 continuo

1070 3147 1126 3182 filii
1139 3159 1195 3194 per
1206 3145 1305 3181 secula
1321 3145 1511 3195 triginta‚ad
1524 3158 1626 3179 anuos
1643 3147 1820 3190 millcqua-

1070 3198 1278 3246 driugentos.
1312 3199 1347 3232 Iu
1366 3194 1539 3245 publicum
1561 3205 1821 3278 nunquagibpro-

1488 3258 1492 3261 >
1719 3254 1726 3275 1
1755 3253 1820 3282 ant,

1839 3045 1966 3072 tinuerint.
