2048 3343
140 1359 270 1389 Calvinus

139 1401 268 1438 reHsttsse-

139 1449 228 1477 quitur
235 1442 291 1479 Inse-

134 1479 214 1516 phura

138 1520 220 1556 qusim
229 1525 274 1548 Be-

140 1568 172 1600 [³
190 1562 261 1598 Ense-

137 1601 213 1628 bmm.

305 172 461 225 stetus
475 173 523 208 sua
536 172 650 221 quibus
672 170 785 219 probat
805 169 922 205 fluxisse
934 179 1068 217 quatuor

302 231 335 261 δε
348 224 469 259 omissas
482 224 555 257 duas
568 223 660 256 vices.
686 220 813 255 Tertio.
843 220 943 267 Qod
956 220 1031 254 Acir.
1042 233 1064 266 3.

304 281 336 309 6.
358 274 420 309 vult
441 271 597 322 Qisbctus
615 270 804 306 Pontificem
831 272 959 303 Annum
982 269 1065 317 quasi

303 323 400 358 tuma
423 320 558 371 Cajaphd
572 321 608 355 ad
628 318 725 368 ipsum
746 318 878 354 rediisset
897 319 1063 354 Pontifica-

303 384 350 407 tus
359 398 369 412 ,
382 369 485 406 nescio
498 384 535 405 an
548 371 625 405 ullus
639 370 714 404 alius
727 369 900 403 d06t0rum
907 368 971 404 hoc
982 368 1064 403 affir-

303 433 382 456 met:
397 421 562 468 incipiebat
576 420 658 454 cert‘e
673 431 769 453 annus
778 419 960 466 Judaeorum
974 419 991 453 a
1003 420 1064 453 Ni-

303 469 351 505 san
364 469 466 506 mense
477 496 488 511 ,
509 475 540 506 δι
554 482 625 504 cum
644 481 732 503 novo
751 481 833 502 anno
846 481 935 503 novae
951 469 1064 503 Ponti-

303 520 397 555 ficum
411 521 491 555 vices
503 544 513 559 ,
541 519 562 553 si
575 531 651 568 ergo
664 519 695 552 in
711 517 850 552 Paschate
866 517 972 551 medio
986 515 1064 549 scili—

303 581 353 604 cet
366 570 474 603 mensis
488 567 582 603 Nisan
603 567 734 617 Cajaphae
750 566 874 601 fuerunt
886 566 985 604 vices,
1005 563 1064 598 sta-

304 620 359 653 tim
378 618 448 666 post
462 618 595 664 ejusdem
615 620 686 651 anni
702 613 909 650 Pentecosten
923 614 1066 648 nondum

303 671 405 716 potuit
418 669 433 702 a
449 666 583 716 Cajnphd
595 667 632 700 ad
645 669 771 699 Annam
783 664 881 699 redire
894 663 1064 698 Pontifica-

302 729 358 752 tus.
387 713 522 767 Qart'o.
537 714 711 749 Difficultas
726 715 783 748 erit
795 714 826 747 in
839 714 938 747 modo
954 726 1064 748 nume-

301 767 386 801 randi
403 770 500 805 vices,
517 777 586 798 nam
602 763 622 797 si
636 775 777 797 numeres
790 761 954 803 exclusive,
969 764 1063 797 inter-

301 817 412 850 vallum
427 817 483 849 erit
498 814 630 848 duorum
643 811 762 846 tantum
776 824 929 846 annorum
941 837 952 852 ,
978 811 1029 848 sed
1042 812 1062 846 si

302 864 459 903 inclusive,
474 863 605 897 habebis
623 874 721 895 annos
736 873 880 909 quatuor.

347 913 467 948 Verum
483 912 530 946 his
547 911 661 946 omissis
681 909 777 958 ipsum
800 912 972 960 argumenti
990 909 1060 946 fun-

301 963 478 997 damentum
492 962 704 1010 aggrediamur
718 985 728 1000 ,
754 962 879 996 invenio
900 961 959 997 esse
978 974 1060 1010 quae·

300 1012 434 1046 stionem
444 1013 529 1047 valde
537 1009 693 1045 difficilem
703 1011 852 1058 explicatu
861 1037 870 1051 ‚
886 1016 915 1046 84
925 1011 1061 1046 multum

300 1062 316 1096 a
329 1062 432 1096 doctis
447 1072 582 1096 vexatam
592 1085 601 1099 ,
625 1060 793 1107 quomodo
806 1064 913 1095 Annas
925 1065 957 1096 &
972 1059 1060 1109 (saja-

298 1111 375 1160 phas
391 1112 530 1145 dicantur
551 1111 582 1143 in
604 1109 709 1143 iisdem
727 1111 889 1157 Scripturae
921 1112 999 1146 locis
1024 1110 1061 1144 si-

302 1162 367 1195 mul
386 1160 494 1195 summi
520 1158 699 1194 sacerdotes.
740 1160 898 1195 Nolumus
918 1174 954 1195 ex
973 1173 1060 1195 occa-

303 1209 388 1244 sione
422 1207 573 1257 praesentis
603 1209 775 1256 argumenti
806 1210 838 1243 in
868 1223 935 1245 rem
967 1208 1060 1257 ipsam

303 1259 423 1305 prolixe
435 1260 570 1305 digredi,
590 1256 688 1291 fateor
700 1261 817 1292 Bezam
827 1283 838 1298 ‚
861 1264 892 1293 δι
906 1259 977 1306 post
990 1272 1061 1293 eum

303 1308 475 1343 Deoclcztum
488 1332 495 1346 ‚
525 1310 737 1342 Annotatores
756 1308 850 1341 etiam
869 1309 979 1355 Belgas
992 1319 1061 1342 ante

306 1357 480 1405 stbetum
493 1356 590 1391 facere
603 1358 731 1388 Annam
745 1360 776 1390 δι
791 1360 957 1405 Cajapham
976 1361 1061 1392 Pon-

304 1407 436 1441 tificatfis
445 1420 500 1454 per
512 1418 623 1440 annuas
636 1406 715 1439 vices
722 1405 981 1442 administratores
990 1432 999 1447 ,
1014 1406 1062 1442 sed

306 1457 337 1490 in
359 1456 422 1490 hoc
437 1456 561 1491 solidius
581 1454 680 1488 multo
700 1455 820 1489 videtur
840 1458 961 1490 Calvim
981 1457 1059 1500 judi-

304 1507 385 1539 cium
398 1530 408 1545 ,
434 1507 520 1554 quod
534 1503 666 1550 sequitur
678 1505 824 1551 δικάζον,
848 1503 1035 1548 Caufhbonus
1049 1529 1059 1544 ‚

306 1557 466 1600 Calvfius‚
492 1554 663 1603 Jansmn'tu,
684 1557 715 1586 δι
729 1554 868 1600 plerique
881 1555 929 1587 alii
942 1578 952 1593 ,
981 1566 1060 1588 nun-

304 1618 396 1651 quam
409 1604 519 1639 scilicet
533 1616 596 1637 uno
610 1613 752 1649 tempore
760 1603 839 1637 duos
851 1602 937 1637 fuisse
953 1603 1061 1638 Ponti-

302 1653 386 1689 fices.
412 1658 496 1689 Beza
511 1654 616 1687 nititur
628 1652 810 1686 testimonio
827 1652 947 1697 Euftbtz·
959 1652 1058 1687 histo-

301 1705 412 1737 riarum
426 1704 480 1737 lib.
496 1716 520 1737 ¹.
536 1715 603 1750 cap.
618 1714 665 1735 10.
679 1702 904 1737 Calvinusverb
920 1702 1059 1738 testimo-

299 1754 357 1787 nio
373 1753 483 1802 Jofiphz'
493 1752 647 1800 Antiquit.
658 1751 713 1785 lib.
723 1753 768 1785 18.
781 1765 845 1800 cap.
854 1766 876 1798 3.
890 1756 921 1787 &
931 1751 1059 1800 sequen-

299 1802 394 1837 tibus.
428 1801 571 1847 Eusebius
593 1801 739 1849 equidem
757 1801 801 1836 est
820 1804 929 1836 unicus
949 1803 1060 1837 auctor

299 1852 432 1886 duorum
452 1853 483 1885 in
502 1852 600 1885 annufi
618 1850 818 1886 vicissitudine
838 1851 1057 1887 Pontificatum

298 1902 573 1935 administrantium
588 1926 597 1940 ‚
624 1900 766 1947 adeoque
780 1903 904 1936 triennii
917 1914 968 1937 aut
980 1916 1055 1951 qua-

297 1950 428 1984 driennii
441 1951 457 1985 a
472 1948 622 1997 baptismo
635 1949 671 1984 ad
686 1961 822 1985 mortem
836 1952 953 1986 Christi
967 1965 1002 1986 ex
1011 1953 1056 1987 vi-

298 1999 385 2034 cibus
397 2004 489 2033 Annae
501 2004 532 2035 ἃ.
542 1999 673 2048 Casaphae
681 1999 822 2040 deducti,
838 2000 887 2036 sed
900 2002 1053 2046 Suftbium

299 2050 385 2085 reete
397 2048 690 2097 refelluntScaltger,
705 2050 743 2084 de
751 2052 968 2087 emendatione
975 2064 1052 2087 tem-

298 2101 382 2145 poris
395 2100 448 2134 lib.
463 2103 490 2134 6.
505 2112 572 2147 pag.
587 2111 654 2145 505.
669 2103 700 2133 &
713 2100 745 2132 in
758 2099 938 2146 praefatione
950 2103 986 2136 ad
998 2105 1052 2136 811-

681 99 983 139 Opt-:Ris
1040 96 1488 135 HISTORxct

1104 179 1225 217 tempus
1239 169 1464 217 praedicationis
1477 169 1595 204 Christi
1607 169 1691 205 fuiffe
1705 171 1720 206 ἂ
1733 166 1865 208 Pontisi·

1103 230 1171 254 catu
1191 223 1284 252 Anna
1305 219 1341 253 ad
1365 216 1498 267 [ajaphae
1516 219 1734 255 Pontificatum
1750 246 1760 261 ‚
1785 223 1864 257 inter

1103 282 1183 317 quos
1198 280 1331 317 quatuor
1346 279 1430 302 erant
1442 268 1490 302 alii
1500 293 1511 307 ,
1525 281 1660 316 quorum
1676 269 1784 317 singuli
1797 284 1862 306 uno

1102 331 1183 353 anno
1191 329 1275 353 erant
1291 317 1471 352 Pontifices.
1499 321 1624 365 Qanta
1630 318 1694 353 haec
1702 318 1863 366 estincon-

1101 368 1280 402 siderantia?
1294 369 1382 402 Num
1394 368 1490 402 ullum
1503 368 1767 416 Iofi’phusvcrbum
1777 370 1863 416 quod

1101 416 1231 451 insinuet
1237 416 1357 452 Christi
1366 417 1569 451 ministerium
1577 418 1733 464 inceptum
1741 418 1771 452 in
1779 421 1862 453 Pon-

1099 465 1219 500 tificatu
1232 468 1342 506 Annae,
1357 470 1388 501 δι
1403 467 1434 499 in
1450 464 1581 515 [ἀμφι
1595 467 1780 502 Pontificatu
1793 467 1863 501 fmi-

1101 520 1188 550 tum?
1202 516 1244 549 Et
1253 528 1382 563 quoque
1394 515 1415 549 si
1429 515 1491 549 hoc
1498 528 1602 551 verum
1614 515 1805 557 effet,annon
1813 515 1862 551 sex

1100 566 1170 599 anni
1178 566 1223 601 vel
1231 565 1395 599 minimum
1405 565 1541 613 quinque
1554 563 1658 600 forent
1669 567 1862 614 praedicatio-

1101 615 1147 648 nis
1165 613 1285 651 Christi
1297 638 1306 652 ‚
1331 625 1441 662 utpote
1459 628 1527 662 quae
1548 627 1603 660 per
1620 613 1668 649 sex
1687 628 1860 650 annuorum

1100 664 1307 704 Pontificum,
1329 678 1409 712 quos
1422 677 1458 698 ex
1471 665 1583 713 left-pho
1600 665 1743 709 Eusebius
1755 666 1860 699 nomi-

1098 725 1167 754 nat,
1180 725 1322 761 tempora
1336 714 1499 749 duraverit.
1524 714 1676 749 Secundo.
1702 717 1754 749 An
1768 715 1857 762 quic-

1098 776 1190 810 quam
1204 764 1333 813 Ioftphus
1341 764 1378 799 de
1385 763 1609 809 conjunetione
1618 764 1856 799 Pontificatuum

1098 817 1191 846 Annae
1204 818 1235 848 &
1250 813 1382 862 Cajaphae
1396 814 1557 860 exprimit?
1579 815 1649 848 Imo
1662 827 1736 850 vero
1750 812 1858 849 diserte

1098 863 1178 897 inter
1190 875 1246 897 eos
1261 864 1393 897 aliorum
1406 873 1538 909 quatuor
1550 863 1739 899 Pontificum
1753 866 1859 898 nomi-

1098 925 1135 946 na
1151 913 1292 957 conjicit.
1321 912 1449 946 Tertio.
1474 914 1525 945 An
1539 913 1635 947 ullum
1648 913 1778 961 Iosephus
1790 927 1859 949 ver-

1099 962 1174 996 bum
1197 964 1235 996 de
1250 963 1349 997 annufi
1365 960 1555 997 Pontificum
1571 962 1830 997 administratione
1842 968 1856 997 ?

1097 1014 1216 1046 Verum
1230 1011 1274 1046 est
1287 1037 1296 1052 ‚
1322 1013 1380 1046 illis
1401 1022 1534 1058 quatuor
1559 1011 1763 1046 Pontificibus
1778 1013 1856 1046 inter

1098 1061 1263 1111 Cajaphum
1272 1066 1302 1097 &
1311 1066 1437 1095 Annam
1445 1061 1613 1106 interjectis
1623 1062 1857 1110 quadriennium

1098 1112 1221 1158 assignat
1232 1137 1242 1151 ‚
1271 1110 1319 1146 sed
1334 1114 1427 1145 Anna
1441 1111 1457 1145 a
1477 1113 1626 1164 Qirinio
1640 1110 1782 1146 instituto
1796 1112 1857 1145 im-

1097 1172 1220 1207 perante
1234 1162 1383 1210 AuguftO,
1403 1165 1434 1195 &
1448 1173 1513 1194 non
1531 1160 1586 1194 nisi
1601 1161 1618 1195 εἴ
1638 1165 1731 1194 Grato
1745 1171 1856 1208 quarto

1095 1220 1146 1244 aut
1162 1211 1275 1258 quinto
1284 1210 1353 1257 post
1369 1213 1554 1261 Qirinium
1563 1210 1688 1245 Praeside
1695 1209 1855 1250 destituto,

1097 1260 1171 1293 item
1186 1260 1318 1311 Cajaphae
1333 1262 1387 1306 qui
1399 1263 1414 1294 a
1429 1264 1522 1307 (irato
1543 1259 1697 1294 institutus
1711 1263 1780 1296 tota
1793 1262 1856 1293 ‘Pi-

1097 1310 1152 1342 lati
1169 1308 1349 1356 praefecffmrfi
1369 1309 1577 1357 perseverans,
1603 1311 1618 1344 a
1634 1312 1744 1344 Vitellio
1762 1310 1856 1358 gradu

1097 1370 1203 1393 motus
1216 1358 1276 1399 cst,
1296 1360 1472 1406 complures
1486 1371 1582 1392 annos
1597 1359 1646 1393 dat
1658 1384 1667 1399 ‚
1688 1360 1754 1394 imo
1768 1372 1855 1406 aper-

1098 1409 1129 1444 ῐὲ
1142 1409 1236 1443 docet
1248 1408 1319 1456 post
1331 1409 1459 1441 Herodis
1471 1418 1631 1454 tempora,
1651 1407 1744 1455 usque
1757 1410 1793 1442 ad
1809 1409 1854 1445 ul-

1096 1458 1203 1491 timam
1222 1458 1331 1503 templi
1353 1454 1576 1490 desolationem
1590 1470 1626 1491 ex
1647 1461 1732 1494 mera
1750 1469 1854 1504 tyran-

1096 1518 1208 1539 norum
1221 1506 1351 1539 libidine
1365 1504 1533 1539 Pontifices
1542 1506 1579 1538 ad
1591 1518 1688 1540 annos
1696 1530 1706 1545 ‚
1719 1505 1852 1545 menses,

1096 1559 1127 1590 &
1141 1555 1204 1589 dies
1218 1578 1227 1593 ,
1254 1553 1410 1588 institutos
1426 1552 1512 1588 fuisse
1529 1552 1642 1602 absque
1661 1557 1749 1589 omni
1761 1568 1853 1603 regu—

1096 1606 1124 1639 la
1135 1629 1143 1640 ‚
1171 1603 1225 1637 nisi
1239 1616 1333 1651 quam
1345 1604 1480 1638 ambitio
1493 1607 1524 1639 &
1541 1605 1660 1640 avaritia
1679 1604 1854 1652 praescribe-

1095 1655 1181 1688 bant.

1137 1707 1302 1751 Perperam
1315 1701 1370 1737 ista
1384 1716 1420 1737 ex
1433 1702 1544 1752 JOfi'PhO
1551 1703 1685 1748 &Eusebius
1694 1705 1853 1752 praetendit

1096 1751 1123 1787 se
1138 1754 1289 1788 deducere
1302 1777 1313 1793 ,
1338 1752 1388 1787 sed
1404 1754 1491 1801 quod
1509 1753 1592 1787 addit
1609 1757 1694 1789 Beza
1707 1778 1717 1794 ‚
1737 1757 1769 1789 &
1781 1753 1853 1801 post

1095 1816 1166 1838 eum
1188 1803 1238 1838 alii
1257 1804 1295 1837 de
1317 1815 1490 1837 annuorum
1510 1801 1640 1837 istorum
1661 1803 1852 1838 Pontificum

1094 1852 1356 1888 administratione
1369 1866 1423 1901 per
1440 1855 1522 1888 vices
1535 1877 1545 1892 ,
1566 1853 1683 1887 nullum
1701 1866 1767 1887 non
1785 1863 1851 1887 tan-

1093 1903 1160 1938 tum
1174 1903 1309 1952 Joftphus
1318 1927 1326 1940 ,
1340 1901 1390 1937 sed
1404 1915 1460 1937 nec
1473 1900 1534 1949 ipse
1546 1903 1690 1947 Eusebius
1701 1902 1830 1937 verbum
1838 1927 1849 1942 ‚

1093 1954 1159 1988 imo
1174 1953 1190 1987 ὲ
1205 1954 1362 1988 contrario
1376 1954 1493 1987 nullum
1506 1953 1783 1999 exomnibusquos
1791 1964 1850 1985 no-

1092 2004 1188 2038 minat
1203 2002 1408 2037 Pontificibus
1422 2001 1556 2046 &sebius
1565 2002 1636 2049 post
1648 2015 1740 2049 quam
1753 2000 1768 2036 a
1780 2013 1850 2036 mu-

1090 2065 1162 2088 nere
1176 2052 1269 2087 semel
1282 2052 1400 2089 cessavit
1407 2077 1417 2093 ‚
1432 2054 1499 2088 ullis
1512 2053 1628 2089 vicibus
1636 2053 1672 2087 ad
1680 2063 1790 2086 munus
1800 2063 1849 2085 te-

1089 2102 1290 2138 diisseinnuit.

1137 2153 1194 2188 Ob
1208 2154 1365 2188 inventum
1377 2151 1440 2185 hoc
1453 2161 1532 2185 taxat
1561 2154 1677 2183 Beuum
1701 2151 1845 2181 Petavius
1858 2163 1885 2186 ιη
1907 2170 2011 2189 errorem

1091 2202 1144 2235 ubi
1162 2201 1248 2247 supra
1259 2226 1269 2240 ,
1296 2206 1327 2235 &
1347 2213 1449 2238 tamen
1470 2198 1574 2245 ipsein
1587 2198 1618 2232 id
1631 2197 1726 2244 ipsum
1741 2211 1842 2245 eoque
1858 2203 1925 2242 Beqa
1937 2205 2010 2228 Peta-

1089 2253 1173 2292 pejus
1190 2250 1306 2281 ibidem
1320 2249 1439 2282 incidit.
1470 2248 1593 2281 Solutio
1606 2248 1689 2280 enim
1703 2249 1800 2294 gravis
1816 2248 1842 2280 i-
1857 2243 1990 2285 vgtcsinci-

1087 2297 1160 2330 stius
1174 2297 1282 2334 dubii,
1312 2297 1379 2344 Qi
1399 2299 1525 2330 eAnnas
1542 2300 1573 2329 &
1594 2296 1739 2343 Casaphas
1757 2296 1843 2330 simul
1856 2280 1901 2307 dm

289 2147 365 2191 fibiz‘
385 2148 572 2182 Chronicon
587 2172 595 2184 ‚
618 2151 692 2182 item
708 2150 892 2193 Cuufizbonus
904 2152 934 2185 in
953 2155 1050 2185 Baro-

296 2200 382 2229 m'um
394 2198 611 2230 exercitatione
620 2210 657 2242 13.
666 2210 764 2244 parag.
773 2213 807 2243 4.
816 2203 963 2233 Petavius
971 2215 1050 2247 quo-

297 2258 357 2292 que
378 2246 415 2279 de
435 2245 628 2292 temporibus
648 2246 701 2279 lib.
719 2258 766 2278 10.
787 2260 851 2292 cap.
868 2254 917 2291 56.
935 2253 967 2282 &
979 2251 1028 2280 alii
1044 2262 1051 2280 :

295 2307 366 2328 nam
380 2294 626 2342 quaecunquehic
639 2294 732 2327 habet
744 2294 888 2337 eusebius,
905 2308 938 2328 ea
945 2297 1052 2329 omnia

297 2356 331 2377 ex
346 2356 410 2376 uno
421 2343 532 2391 losepho
546 2343 701 2376 desumere
713 2342 742 2375 se
756 2343 935 2388 profitetur,
958 2345 1050 2391 quam

295 2404 397 2427 autem
411 2390 522 2426 diversa
536 2416 546 2431 ,
570 2391 636 2425 imo
650 2389 767 2425 adversa
782 2392 904 2437 Eusebio
918 2394 1050 2442 Iosephus

294 2440 424 2481 adferat,
443 2440 616 2476 conferenti
632 2439 786 2490 utriusque
799 2443 886 2476 locos
899 2442 986 2477 facile
999 2457 1048 2490 ap—

295 2492 420 2538 parebit.
438 2491 570 2540 loftphus
582 2492 733 2539 Antiquit.
747 2494 791 2525 18.
805 2505 901 2539 cap-3·
918 2499 949 2527 6.
962 2498 993 2528 &
1007 2494 1051 2528 se-

295 2542 477 2588 quentibus,
502 2540 592 2575 tradit
606 2544 732 2574 Annam
750 2540 952 2576 constitutum
965 2546 1049 2578 Pon-

294 2591 409 2625 tificem
423 2591 439 2625 a
457 2593 608 2641 erim'o
626 2592 657 2624 in
677 2589 738 2624 fine
753 2590 872 2625 dierum
886 2595 1024 2641 Augus&
1035 2618 1045 2633 ,

294 2640 470 2675 destitutum
488 2650 589 2673 autem
608 2639 624 2674 a
647 2641 760 2673 Valerio
778 2643 871 2673 Grato
895 2643 1050 2677 Romano

293 2690 418 2724 Praelide
436 2689 528 2737 paulo
542 2688 611 2736 post
626 2689 773 2735 principia
785 2692 983 2737 Imperatoris
998 2694 1049 2725 Tz-

294 2738 388 2778 herii,
415 2743 446 2774 &
465 2739 503 2773 ab
523 2739 635 2772 eodem
656 2742 752 2772 Grato
771 2738 803 2771 in
816 2750 950 2786 quatuor
963 2742 1048 2775 annis

293 2789 430 2835 quinque
441 2789 607 2823 Pontifices
621 2789 816 2826 immutatos,
830 2802 965 2836 quorum
978 2791 1048 2825 ulti—

294 2850 360 2870 mus
373 2839 501 2886 loftphus
509 2837 654 2886 Cajaphas
662 2836 801 2873 remansit
809 2837 839 2871 in
848 2851 975 2874 munere
982 2853 1047 2874 non

293 2887 410 2920 tantum
418 2888 452 2921 ad
467 2883 666 2921 undecimum
675 2885 807 2920 Praefidis
817 2891 908 2921 Grati
919 2901 1032 2923 annum
1037 2904 1046 2930 3

1088 2345 1256 2379 Pontifices
1270 2342 1384 2379 fuerint
1402 2349 1414 2376 ὲ
1437 2346 1467 2378 in
1483 2347 1544 2392 qua
1562 2356 1678 2379 caeteris
1692 2345 1843 2380 omnibus

1087 2395 1209 2439 rejeffls
1222 2394 1385 2442 acquiescit
1393 2393 1451 2430 est,
1471 2394 1559 2442 quod
1570 2394 1845 2430 administraverint

1088 2444 1309 2479 Pontificatum
1323 2456 1377 2491 per
1391 2445 1488 2484 vices,
1506 2444 1611 2478 verum
1626 2455 1658 2478 ut
1671 2443 1687 2478 a
1699 2448 1779 2494 Bezcz
1786 2442 1844 2478 dif-

1086 2493 1179 2533 ferat,
1192 2495 1255 2529 vult
1268 2507 1334 2528 non
1347 2506 1459 2528 annuas
1467 2494 1551 2529 vices
1559 2518 1570 2533 ‚
1587 2492 1637 2528 sed
1649 2493 1696 2527 vel
1710 2494 1842 2534 diurnas,

1085 2545 1133 2579 vel
1152 2543 1320 2585 menstruas
1332 2568 1342 2583 ‚
1369 2556 1462 2591 prout
1477 2545 1592 2577 Pilatus
1610 2541 1840 2590 praescribebat,

1084 2597 1206 2628 Petavz‘i
1227 2593 1289 2627 hoc
1307 2603 1522 2628 commentum
1545 2592 1589 2626 est
1608 2592 1708 2626 multo
1726 2593 1842 2627 vaniffi-

1085 2657 1171 2678 mum
1185 2654 1293 2677 contra
1307 2655 1341 2676 ea
1354 2655 1422 2689 quae
1434 2653 1496 2676 tam
1510 2655 1545 2676 ex
1560 2642 1670 2690 Iosepho
1680 2642 1772 2688 quam
1785 2646 1840 2677 ‹fu-

1081 2693 1158 2737 sebio
1175 2695 1236 2736 jam
1253 2693 1456 2740 protulimus,
1476 2691 1529 2725 ubi
1542 2694 1609 2727 tota
1618 2693 1719 2724 ‘Pilati
1732 2690 1838 2739 praefe-

1085 2742 1172 2776 <stura
1184 2739 1263 2775 solus
1276 2741 1421 2790 Cajaphiu
1437 2739 1549 2788 absque
1561 2742 1625 2775 ullo
1642 2741 1759 2788 colleg&
1768 2754 1778 2780 ;
1791 2740 1836 2774 vel

1084 2792 1215 2827 diurno,
1238 2791 1286 2825 vel
1305 2790 1480 2830 menstruo,
1504 2792 1552 2824 vel
1571 2790 1688 2824 annuali
1704 2788 1836 2823 Pontifi-

1084 2852 1186 2876 catum
1199 2840 1417 2875 administravit
1426 2854 1435 2881 ;
1457 2839 1506 2874 sed
1521 2841 1612 2873 nimis
1622 2839 1754 2885 primum
1772 2837 1835 2872 hoc

1080 2890 1200 2925 Nisbeti
1206 2901 1420 2936 argumentum
1430 2889 1592 2936 pressimus.

1127 2940 1300 2973 Secundum
1309 2939 1372 2972 hoc
1383 2938 1437 2972 est.
1457 2941 1564 2984 Agnus
1574 2935 1717 2971 Pasclialis
1726 2937 1828 2972 Exod.
1842 2943 1970 2980 Responde.

1080 3000 1121 3021 12.
1137 3001 1163 3033 3.
1181 2999 1221 3033 15.
1239 2987 1288 3021 die
1300 2987 1423 3021 decimo
1437 2986 1532 3020 Nisan
1546 2986 1691 3033 separatus
1707 2986 1767 3025 est,
1795 2999 1827 3022 ut
1841 2985 1962 3038 turaJa'se-

1078 3039 1261 3072 mactaretur
1279 3036 1402 3071 decimo
1423 3046 1533 3083 quarto
1544 3061 1553 3075 ,
1579 3037 1681 3084 itaque
1697 3046 1757 3069 tres
1773 3037 1825 3070 lia-
1838 3033 1979 3090 Xfffij‘rmffi

1078 3086 1145 3121 buit
1164 3087 1229 3121 dies
1257 3086 1482 3133 praeparationis
1507 3086 1543 3119 ad
1564 3096 1720 3119 mortem:
1747 3099 1824 3133 ergo
1835 3075 1990 3138 gmnminmi

1077 3135 1219 3171 Christus
1228 3147 1288 3170 tres
1299 3148 1395 3169 annos
1406 3134 1514 3169 habuit
1524 3135 1744 3180 praedicationis
1751 3148 1827 3181 prae-
2040 3132 2041 3136 ¹

1076 3186 1245 3233 paratorios
1256 3184 1293 3219 ad
1307 3198 1439 3220 crucem.
1465 3183 1609 3220 Affirmat
1620 3185 1729 3218 auctor
1739 3196 1828 3230 argu-

1691 3244 1827 3266 mentum

293 2934 343 2968 sed
356 2937 446 2970 ctiam
460 2949 513 2983 per
525 2947 623 2970 totam
638 2933 852 2970 Praefefkuram
865 2939 972 2977 Pilati,
986 2939 1044 2972 do-

293 2997 350 3018 nec
362 2984 413 3018 hic
425 2987 454 3019 in
470 2986 614 3020 vicesimo
628 2984 759 3020 secundo
775 2984 889 3019 Tiberii
901 2987 917 3020 ἃ
933 2989 1044 3021 Vitellio

294 3034 383 3078 Syriae
397 3034 547 3069 Praefcem
561 3037 701 3070 Romam
713 3034 814 3069 missus
829 3035 872 3069 est
890 3036 926 3070 ad
938 3036 1042 3071 dicen-

293 3081 362 3115 dam
376 3083 507 3117 causam:
521 3096 585 3117 tum
595 3083 709 3119 etiama
722 3086 836 3118 Wtellto
848 3086 1043 3134 Cajuphcuest

293 3130 309 3163 a
323 3131 505 3166 Pontificatu
525 3145 629 3167 motus
642 3159 651 3173 ,
679 3138 710 3168 &
731 3135 758 3167 ei
777 3133 926 3169 successor
945 3136 1042 3171 datus.

292 3180 339 3214 Ex
352 3181 399 3214 his
409 3180 538 3228 josephi
552 3183 674 3228 pessime
686 3181 777 3218 infert
790 3183 1042 3233 Eusebiusprimo
