2048 3343
449 109 516 136 Ετ
578 99 1222 137 CnitoNotocrcr

189 175 309 211 tet‘stior
320 172 383 208 fuit
395 172 500 221 prima
516 175 615 218 Lyrani
626 183 734 211 mens,
755 171 835 204 dum
855 168 936 203 heb-

187 223 349 258 domadas
367 234 444 256 cum
466 220 779 270 Africanoinchoarct
788 218 830 252 ab
845 227 937 276 Artif—

186 277 282 308 xerxtk
295 270 451 306 vicesimo
470 297 478 310 ‚
503 274 634 315 ‹sed-rspaq
649 268 790 313 φξοιῖῧᾰές
807 279 872 300 non
886 266 937 300 luc

189 320 262 355 sunt
289 322 442 366 σοφώτεραᾳ
473 319 525 354 scd
550 319 726 364 φαυλότερα]
746 335 756 357 ,-
784 316 801 351 5,
819 317 938 350 saniori

189 369 346 406 sententifi
365 370 534 404 dimotum
552 369 582 401 se
600 375 722 410 Lyranns
742 366 865 402 fatetur
877 366 939 399 levi

190 422 290 454 nimis
300 429 510 465 argumento,
521 416 612 464 quod
625 428 753 462 putaret
763 415 792 449 se
804 417 900 463 cogi,
918 413 940 448 fi

189 471 223 503 in
235 470 341 516 prima
353 478 464 501 mente
475 465 677 514 perstitilset‚
693 467 866 500 Mau-docimo
879 467 939 500 du—

189 527 365 552 centorum
379 518 620 566 quinquaginta
638 528 802 551 annornm
813 515 939 562 longae-

187 568 326 601 vitatem
343 566 546 601 concedere.
589 568 783 614 Qomodo
805 566 939 598 incom-

188 616 330 651 modum
345 614 514 650 liocfacile
524 615 665 650 evitffli'et
677 615 768 664 supra
781 613 940 648 diximus:

189 677 359 712 utcunque
380 676 492 700 contra
511 665 728 712 posteriorem
748 667 938 709 &pejorem

189 719 256 760 ejus
268 713 460 749 sententiam
472 714 527 748 ista
537 717 647 761 paucis
657 712 835 748 afferimus.

237 764 361 800 Primi).
389 764 444 799 Ad
460 776 531 798 cam
546 776 701 811 tempora
720 775 789 796 non
800 760 940 796 omnino

190 813 358 860 quadrant
368 837 378 851 ,
387 826 463 847 nam
477 813 494 847 a*
505 816 610 861 prima
622 812 833 848 hebdomada
842 812 880 846 ad
892 811 942 844 ul-

191 874 309 896 timam
321 876 393 898 non
401 863 563 898 fluxerunt
573 861 668 910 supra
681 863 940 908 quadringentos

190 914 375 960 nonaginta
385 924 490 946 annos
507 923 516 945 :
545 914 649 958 Atqui
662 910 678 945 a
690 922 811 957 quarto
823 909 943 948 chekiae

192 961 234 996 ad
255 963 399 1007 Christum
421 973 633 995 numerantur
649 959 743 1006 supra
762 958 942 991 sexcentos.

192 1011 364 1046 Secunde).
384 1011 561 1045 Terminus
572 1006 940 1043 nullushcbdomadum

193 1058 297 1094 debet
316 1062 398 1108 poni
417 1058 605 1106 praecedens
625 1056 786 1091 visionem
801 1058 941 1096 Daniel&

190 1107 245 1144 sed
265 1121 398 1156 quartus
425 1106 546 1148 Zedekt'ae
572 1107 627 1140 diu
654 1118 729 1139 eam
757 1104 942 1140 antecellit.

191 1157 316 1191 Tertio.
348 1158 450 1190 Ratio
468 1156 556 1189 nulla
573 1155 616 1189 est
636 1167 694 1189 cur
713 1154 803 1189 verbi
816 1156 940 1188 exitum

185 1208 300 1252 potius
318 1203 498 1239 referamus
518 1205 557 1239 ad
579 1204 791 1252 prophetiam
807 1216 937 1251 cap.29.

147 1249 150 1252 ¹
185 1251 283 1299 quam
295 1255 334 1288 ad
347 1253 557 1301 prophetiam
567 1266 681 1300 cap‚25
693 1280 699 1287 .
709 1266 756 1287 v.1
767 1266 794 1287 2.
807 1253 863 1287 ubi
874 1256 940 1301 pti-

227 1301 237 1312 x

29 1895 141 1926 Secunda

30 1941 103 1966 ceiam
110 1940 161 1966 Pa-

29 1981 69 2007 ni
93 1988 127 2009 <9⁰

12 2011 21 2063 Ῐ
29 2020 156 2048 multorum

31 2060 60 2087 de
72 2063 149 2098 primo

31 2103 107 2129 Daris*
112 2104 166 2128 Με-

33 2141 59 2169 di
67 2142 148 2182 displi-

34 2191 80 2213 cet.

184 1315 279 1336 mum
311 1307 443 1338 Ieremias
474 1302 621 1350 praedicit
649 1303 766 1349 populi
793 1302 938 1338 reditum

181 1352 257 1400 post
268 1365 373 1387 annos
383 1351 583 1399 septuaginta
598 1378 608 1394 ‚
625 1351 746 1386 scilicet
759 1352 939 1387 duodecim

183 1402 274 1435 annis
307 1401 401 1449 supra
436 1403 564 1436 dictum
601 1404 780 1437 terminum
818 1404 940 1446 loakimi

183 1463 306 1498 quarto
335 1456 369 1486 δε
398 1452 670 1489 Nebuclmdneaaris
695 1454 805 1498 primo
815 1478 823 1486 .
866 1451 940 1485 Imo

183 1499 263 1546 γετὸ
285 1501 306 1534 si
322 1501 573 1536 hebdomadum
587 1502 782 1548 principium
798 1501 939 1535 statuen-

183 1550 263 1583 dum
276 1548 360 1583 sitin
376 1551 560 1598 prophetiis
569 1553 609 1585 de
621 1549 940 1596 Hierosolymorum

184 1599 417 1633 restauratione
434 1626 445 1639 ‚
477 1600 558 1646 quid
586 1611 674 1633 vetat
691 1599 876 1647 quominus
895 1600 939 1635 ad

184 1650 325 1695 primam
339 1649 398 1682 hac
408 1648 450 1683 dc
464 1661 496 1682 re
506 1648 716 1696 prophetiam
728 1647 941 1685 ascendamus

184 1694 267 1743 ls.45
277 1723 284 1730 .
298 1711 325 1731 V.
339 1701 393 1733 28.
421 1696 477 1731 ubi
499 1705 585 1747 Cyrus
598 1698 715 1733 urbem
731 1702 765 1732 &
776 1701 938 1746 templum

185 1746 446 1781 reaedificarurus
475 1749 714 1794 praenunciatur
739 1746 812 1794 plus
837 1747 937 1794 quam

187 1795 401 1844 septingentis
418 1798 514 1830 annis
535 1807 610 1830 ante
633 1796 878 1836 hebdomadum
898 1797 939 1832 fi·

187 1857 262 1878 nem
277 1850 291 1880 ?

238 1894 406 1929 Sententia
425 1894 567 1930 secunda
591 1895 636 1928 est
661 1907 779 1930 eorum
793 1897 851 1943 qui
871 1899 940 1932 exi-

189 1953 259 1976 tum
280 1943 440 1978 sermonis
458 1947 713 1992 interpretantur
730 1946 770 1980 de
791 1946 939 1982 sermone

190 1993 247 2038 qui
261 1990 278 2026 a
297 1995 373 2027 Deo
389 1993 533 2041 prolatus
544 1993 588 2027 est
602 1996 732 2043 Angelo
745 1998 873 2032 Gabrieli
883 1997 938 2030 de-

189 2041 347 2077 ferendus
361 2045 470 2078 Danieli
483 2043 654 2091 prophetae
666 2069 675 2085 ,
691 2045 733 2080 de
744 2058 812 2092 quo
825 2058 933 2093 cap.9.

190 2103 216 2126 v.
238 2104 254 2126 2
265 2105 291 2136 3.
328 2092 489 2126 Inclinant
501 2093 534 2126 hi
547 2092 775 2129 hebdomadas
791 2094 808 2130 a
831 2098 941 2142 primo

187 2144 272 2175 Darii
281 2143 370 2175 Medi.
401 2142 479 2176 Huc
492 2140 595 2177 refere
604 2155 662 2176 eos
673 2145 730 2189 qui
740 2147 863 2178 exitum
876 2143 942 2179 ser.

188 2192 299 2224 monis
314 2190 462 2225 statuunt
480 2193 513 2224 in
534 2193 644 2238 primo
658 2193 709 2226 vel
720 2192 862 2228 secundo
876 2197 941 2237 Cyri

193 2239 207 2282 (
224 2252 363 2286 parvum
376 2243 465 2274 enim
478 2241 522 2276 est
533 2240 770 2290 intervallum)
800 2245 937 2289 quando

188 2290 368 2324 secundum
394 2291 634 2337 Prophetarum
655 2291 883 2337 praediftiones
903 2296 938 2327 δε

190 2339 312 2383 Angeli
327 2338 374 2372 liic
391 2341 549 2374 nuncium
561 2362 569 2376 ,
589 2346 675 2382 Cyrus
685 2340 795 2374 edicto
809 2342 867 2374 suo
878 2340 938 2386 Ju-

189 2386 263 2418 daeis
275 2385 416 2418 reditum
426 2389 459 2420 in
470 2389 606 2433 patriam
619 2392 650 2422 δέ
661 2389 856 2433 potestatem
871 2400 938 2423 tam

190 2433 307 2468 urbem
334 2433 432 2478 quam
465 2435 626 2477 templum
651 2437 830 2473 aedificandi
857 2451 940 2473 con-

190 2481 288 2516 ceffir.
318 2485 353 2515 ln
367 2483 428 2517 hac
439 2483 596 2519 sententia
605 2483 678 2519 sunt
688 2498 724 2519 ex
735 2486 896 2521 veteribus
905 2492 940 2521 &

189 2533 432 2566 recentioribus
447 2533 597 2579 permulti
610 2559 619 2573 ,
641 2537 770 2580 Origenes
783 2559 792 2575 ,
809 2537 941 2570 Clemens

189 2583 411 2618 Alexandrinus,
422 2584 608 2617 Tertullianus
620 2607 629 2619 ,
641 2586 793 2618 Beroaldus
802 2609 812 2624 ,
827 2587 942 2631 Brugb-

189 2641 270 2665 tonus
281 2656 290 2670 ,
310 2638 415 2665 Paraeus
427 2656 437 2671 ‚
450 2634 610 2671 reinoldus,
625 2640 775 2673 Hom-oens,
789 2634 941 2680 Nisbetus,

196 2682 420 2715 Anu-aratores
447 2681 618 2728 Anglicani
654 2683 803 2718 editione
839 2685 942 2730 priori

191 2727 315 2764 disertis
328 2729 434 2763 verbis
446 2753 456 2767 ‚
474 2730 531 2762 etsi
550 2730 718 2777 posteriori
738 2732 802 2766 huc
814 2743 943 2767 tantum

193 2779 363 2819 inclinent,
374 2777 571 2825 profitentes
584 2779 829 2814 dubitationem
847 2786 881 2815 δε
897 2784 946 2814 in-

197 2828 440 2863 certitudinem.
471 2830 674 2863 Sententiam
693 2829 946 2877 hnncampleCU

199 2887 258 2909 nos
269 2880 442 2923 nequimus
454 2902 462 2916 ‚
476 2880 626 2925 inprimis
638 2879 696 2913 hac
708 2881 839 2914 ratione
851 2878 945 2926 quod

199 2935 350 2970 tempora
368 2940 438 2961 non
457 2928 619 2974 quadrent
643 2953 652 2966 ‚
678 2927 720 2963 sic
731 2931 817 2963 enim
830 2941 946 2964 contra

200 2986 271 3006 cam
285 2986 559 3021 argumentamur.

248 3024 358 3058 Exitus
370 3025 526 3061 sermonis
537 3026 553 3061 a
564 3040 633 3074 quo
646 3027 850 3076 septuaginta
860 3027 944 3062 heb-

198 3072 348 3106 domadae
365 3075 523 3121 incipiunt
536 3100 545 3114 ,
557 3076 752 3113 antecellit(
764 3079 839 3124 luisti
851 3091 943 3112 mor-

199 3133 266 3156 tem
280 3125 370 3156 annis
382 3123 508 3158 tantum
522 3126 770 3174 quadringentis
784 3129 944 3175 nonagin-

200 3182 240 3212 ta,
251 3170 308 3208 sed
320 3171 458 3208 verbum
472 3173 634 3212 velaDco
647 3178 841 3222 Gabrieli,vel
853 3178 870 3213 a
883 3185 942 3213 Ga-

1286 97 1397 139 ers.
1430 100 1460 140 Ι.
1659 106 1738 148 167

985 171 1067 205 briele
1077 167 1192 204 Danieli
1201 172 1333 215 prolatu
1339 171 1405 211 m‚s
1400 185 1439 206 cu
1448 185 1465 207 e
1467 169 1517 218 jus
1529 169 1736 221 quaecunque

987 220 1138 252 executio
1162 229 1220 265 per
1239 218 1385 252 edictum
1406 225 1473 270 Cyri
1491 225 1530 258 de
1551 225 1657 258 reditu
1676 224 1734 270 Ju-

986 268 1130 301 daeorum
1148 265 1386 300 antecesserunt
1403 271 1509 316 christi
1522 285 1663 307 mortem
1676 286 1735 307 an-

988 318 1037 349 nis
1046 314 1221 350 minimum
1233 319 1366 350 centum
1379 316 1469 362 supra
1479 323 1738 364 quadringentos

988 366 1168 412 nonaginta
1181 381 1191 400 2
1219 365 1306 412 Ergo
1320 365 1401 399 nihil
1411 366 1548 402 istorum
1561 362 1737 418 ell'e‘potcst

990 416 1092 448 exitus
1108 413 1265 448 sermonis
1290 414 1306 449 ἂ
1327 427 1397 462 quo
1415 415 1637 453 hebdomada:
1654 423 1739 455 inci-

991 466 1095 510 piunt.
1129 465 1182 498 De
1203 465 1323 498 minori
1343 475 1416 498 tota
1437 466 1481 500 est
1501 470 1739 511 controversia,
1762 493 1766 496 -

991 525 1062 547 eam
1074 515 1208 559 quidem
1220 516 1367 549 Reinoldus
1378 516 1534 551 concedit
1553 543 1563 556 ‚
1585 521 1620 551 δ(
1633 521 1739 563 majo-

991 574 1058 596 rem
1072 561 1174 597 cludit
1186 574 1382 598 commento
1396 563 1454 599 fibi
1469 568 1605 614 proprio
1617 593 1626 607 ‚
1641 568 1739 615 quod

991 611 1148 656 superiori
1160 613 1338 659 quaestione
1351 613 1561 650 discussimus.
1581 617 1646 651 Sed
1659 631 1743 662 prze-

992 672 1039 695 ter
1050 661 1212 696 Reinolclum
1225 665 1330 697 caeteri
1341 675 1457 699 ornnes
1467 665 1563 709 hujus
1573 664 1743 701 sententiae

990 707 1136 744 fautores
1148 723 1272 759 negant
1283 713 1447 748 minorem
1464 740 1475 755 ,
1503 720 1538 750 δε
1565 715 1646 750 dum
1669 729 1743 751 eam

992 758 1177 806 probamus
1220 760 1446 797 consentiente
1490 766 1666 799 auctorum
1703 779 1743 800 o-

995 811 1120 842 mnium
1132 812 1342 844 exoticorurn
1355 812 1743 854 testimonio‚C11aldaeo-

993 870 1079 896 rum,
1091 861 1298 897 Graecorum,
1309 862 1520 900 Latinorum.
1534 864 1592 907 (de
1605 877 1672 911 quo
1682 866 1745 899 Pa-

993 917 1057 940 tres
1067 906 1215 940 Ecclefiae
1230 910 1344 948 Graeci,
1360 911 1486 950 Latini,
1500 917 1531 946 ὅ(
1546 915 1743 949 recentiores

992 954 1226 994 Protestantes,
1253 956 1584 997 l³ontificii‚1mllum
1604 974 1744 998 movent

991 1000 1156 1046 dubium.)
1183 1003 1401 1040 nihilominus
1421 1007 1479 1054 ipsi
1503 1010 1580 1043 mirei
1605 1012 1744 1047 audacia

993 1065 1107 1088 contra
1127 1065 1252 1088 tantam
1272 1057 1506 1091 arfflmrstarem
1521 1055 1667 1093 frontem
1679 1061 1745 1094 ob-

993 1114 1139 1137 vertunt.
1167 1103 1268 1138 Certe
1281 1103 1356 1138 crim
1370 1117 1424 1139 tot
1434 1110 1464 1140 δέ
1478 1117 1648 1142 tantorum
1663 1121 1746 1143 con-

991 1151 1115 1186 sensum
1134 1154 1277 1187 audeant
1287 1167 1507 1190 contemnere
1519 1181 1528 1196 ‚
1546 1157 1745 1203 aequiboni-
1761 1197 1768 1203 x

991 1214 1053 1248 que
1067 1200 1234 1237 consulere
1248 1202 1385 1243 debent,
1396 1205 1417 1239 si
1430 1203 1574 1252 ipsorum
1588 1205 1649 1241 hac
1661 1209 1702 1243 de
1713 1222 1747 1243 re

990 1250 1108 1298 placita
1118 1249 1161 1285 ab
1171 1254 1239 1286 aliis
1250 1254 1550 1301 parvipendantur.
1569 1256 1648 1305 Ipsis
1659 1257 1747 1293 sem·

991 1313 1046 1348 per
1062 1303 1094 1334 in
1117 1313 1176 1335 ore
1193 1302 1236 1335 est
1255 1306 1384 1338 Danielis
1399 1307 1580 1340 auctoritas
1595 1318 1630 1340 ut
1641 1308 1747 1343 umbo

990 1362 1108 1384 contra
1120 1352 1234 1384 omnia
1249 1352 1325 1386 tela.
1361 1354 1526 1401 Equidem
1541 1356 1748 1392 Christianus

991 1412 1058 1434 non
1070 1400 1115 1434 est
1123 1399 1250 1447 quihoc
1261 1401 1335 1450 iplis
1344 1401 1560 1451 libenternon
1572 1408 1746 1448 concedat,

990 1462 1093 1484 unum
1109 1453 1258 1487 Danielem
1272 1452 1432 1488 omnibus
1443 1456 1596 1489 omnium
1618 1468 1747 1491 morta-

990 1497 1071 1533 lium
1081 1500 1234 1535 humanis
1250 1501 1375 1548 scriptis
1386 1503 1650 1541 anteferendum.
1676 1506 1744 1540 Sed

992 1561 1061 1582 non
1076 1549 1202 1584 debent
1213 1550 1272 1598 ipsi
1287 1562 1400 1598 petere
1411 1554 1610 1600 principium
1627 1580 1637 1593 ‚
1665 1560 1700 1589 &
1712 1556 1760 1590 id‘

991 1598 1111 1646 dequo
1122 1602 1280 1645 quaeritur
1297 1626 1307 1642 ,
1334 1602 1545 1636 emendicare
1563 1617 1572 1636 :
1598 1603 1746 1652 probent

989 1650 1062 1684 ullo
1076 1650 1205 1683 Danielis
1212 1661 1266 1691 aut
1279 1650 1467 1698 cujusquam
1481 1650 1561 1686 alius
1571 1654 1654 1687 Sacri
1667 1651 1746 1687 scri-

989 1699 1093 1745 ptoris
1106 1698 1299 1733 testimonio
1310 1725 1320 1740 ‚
1341 1700 1357 1734 ἐι
1376 1702 1485 1747 primo
1499 1701 1568 1746 Cyri
1583 1702 1626 1736 ad
1638 1705 1747 1738 christi

990 1759 1135 1782 mortem
1158 1746 1280 1782 fluxisse
1304 1762 1409 1785 annos
1429 1749 1561 1785 tantum
1586 1753 1746 1797 quadrin-

987 1809 1104 1845 gentos
1116 1799 1318 1843 nonagint23
1342 1802 1393 1834 vel
1413 1801 1509 1846 quod
1525 1801 1612 1835 idem
1629 1802 1674 1834 est
1693 1826 1701 1841 ‚
1727 1800 1746 1836 ἦ

988 1850 1098 1893 primo
1111 1849 1179 1896 Cyri
1194 1846 1400 1896 septuaginta
1413 1848 1642 1885 hebdomadas
1654 1851 1748 1885 sum-

990 1895 1078 1943 psisse
1090 1897 1304 1944 principium,
1318 1901 1353 1931 δ(
1367 1909 1428 1932 nos
1440 1898 1594 1934 dabimus
1608 1912 1746 1936 manus:

990 1946 1043 1979 Sin
1064 1943 1172 1979 mimis
1194 1945 1295 1980 nobis
1314 1949 1509 1994 permittant
1524 1951 1677 1983 auctores
1695 1949 1746 1983 sa-

991 2007 1063 2029 cros
1075 2008 1148 2029 cum
1162 1997 1298 2029 exoticis
1312 1997 1484 2030 conciliare
1496 2022 1505 2036 ‚
1523 2009 1579 2031 cur
1596 1999 1685 2031 enim
1698 1997 1746 2032 illi

991 2046 1075 2078 inter
1088 2043 1118 2078 se
1129 2044 1368 2080 committendi
1395 2049 1430 2080 δε
1456 2046 1498 2081 ad
1519 2058 1662 2094 pugnarn
1683 2060 1744 2081 co-

991 2095 1092 2142 gendi
1108 2119 1119 2135 ‚
1148 2095 1206 2140 qui
1223 2092 1287 2128 levi
1304 2094 1400 2142 operti
1419 2097 1452 2128 in
1472 2094 1591 2130 bellam
1604 2108 1746 2131 concor-

992 2144 1081 2178 diam
1094 2142 1282 2192 persuaderi
1296 2143 1447 2190 possunt?

1042 2194 1164 2227 Omnis
1178 2191 1230 2226 hic
1239 2194 1375 2239 quaestio
1386 2193 1430 2226 est
1444 2192 1574 2227 tantum
1588 2191 1630 2228 de
1640 2192 1744 2239 primii

991 2253 1095 2288 eaque
1117 2239 1214 2288 parva
1239 2252 1430 2289 temporum
1457 2242 1594 2277 istorum
1622 2253 1713 2289 parte
1734 2258 1744 2283 ;

991 2292 1181 2325 concedunt
1201 2292 1288 2326 enim
1306 2294 1456 2326 exoticos
1469 2294 1620 2326 auctores
1630 2291 1744 2325 rectis-

991 2339 1068 2373 sime
1084 2341 1260 2386 disponere
1272 2352 1426 2388 tempora
1440 2342 1642 2374 Monarchiae
1656 2344 1748 2373 Grae-

990 2401 1033 2422 cae
1053 2393 1085 2422 δέ
1104 2391 1270 2423 Rornanae
1289 2416 1298 2429 ‚
1327 2389 1397 2423 imo
1419 2388 1499 2423 vero
1515 2388 1557 2422 ab
1579 2390 1744 2423 Alexandro

990 2444 1096 2485 Magno
1117 2438 1161 2472 ad
1179 2438 1267 2472 hunc
1288 2437 1387 2484 usque
1400 2438 1488 2472 diem
1501 2438 1639 2472 totalem
1656 2449 1744 2470 tem-

991 2499 1106 2533 porum
1127 2487 1290 2520 summam
1309 2487 1400 2533 supra
1414 2499 1520 2520 annos
1531 2486 1581 2519 bis
1593 2487 1681 2520 mille
1700 2485 1743 2519 ab

990 2534 1184 2569 austoribus
1195 2533 1341 2579 profanis
1353 2534 1462 2568 exadtc
1472 2536 1622 2568 traditam
1636 2533 1745 2569 faten-

992 2595 1056 2617 tur.
1093 2582 1244 2617 Tantum
1257 2585 1290 2616 in
1303 2584 1499 2618 Monarchia
1513 2583 1679 2618 Persarum
1692 2585 1746 2619 di-

993 2632 1137 2681 gerenda
1148 2631 1252 2679 lapsos
1263 2632 1397 2669 volunt:
1418 2633 1506 2667 Side
1518 2639 1609 2667 annis
1619 2634 1744 2679 paucis,

994 2682 1015 2716 li
1027 2682 1069 2716 de
1082 2693 1148 2715 uno
1160 2692 1213 2716 aut
1224 2684 1330 2716 altero
1344 2682 1445 2717 lustro
1458 2708 1467 2722 ‚
1488 2681 1509 2716 si
1527 2684 1564 2717 de
1574 2683 1676 2717 tribus
1687 2696 1743 2718 aut

994 2743 1138 2779 quatuor
1148 2731 1403 2778 olympiadibus
1424 2744 1620 2781 qnaereretur
1640 2757 1650 2772 ‚
1675 2746 1746 2768 non

995 2780 1343 2820 contenderemus‚led
1355 2781 1430 2815 cum
1445 2783 1530 2815 viros
1541 2781 1744 2829 graviffimos

995 2831 1028 2862 in
1045 2841 1148 2873 parvo
1167 2831 1340 2864 intervallo
1359 2831 1375 2866 a
1395 2839 1470 2881 Cyro
1482 2831 1521 2865 ad
1536 2833 1743 2868 Alexandrum.
1777 2842 1785 2851 ”

995 2881 1027 2912 in
1046 2890 1211 2912 annorum
1239 2879 1457 2915 ducentorum
1485 2881 1616 2927 triginta
1637 2880 1744 2929 spatio

995 2927 1098 2962 velint
1123 2941 1242 2963 omnes
1260 2933 1416 2977 antiquos
1437 2928 1533 2965 falsos
1552 2932 1645 2964 annis
1662 2932 1744 2965 totis

995 2988 1127 3011 centum
1141 3003 1151 3018 ,
1176 2991 1321 3025 quaerant
1332 2991 1463 3027 oportet
1479 2979 1599 3026 apellas
1609 2979 1743 3026 Judaeos

994 3030 1049 3074 qui
1063 3026 1138 3074 ipsis
1149 3028 1294 3063 credant.
1317 3029 1417 3063 Certe
1427 3031 1546 3062 crimen
1559 3028 1623 3064 hoc
1639 3042 1740 3063 nemo

995 3079 1186 3111 mortalium
1198 3090 1272 3112 :inte
1282 3079 1390 3112 nostra
1400 3077 1505 3112 secula
1521 3077 1643 3112 affinxit
1658 3091 1742 3125 prae-

994 3125 1188 3161 llantislimis
1199 3129 1274 3160 viris
1287 3151 1297 3164 ,
1317 3127 1426 3174 quide
1441 3127 1611 3163 historia&
1626 3129 1740 3164 Chro-

994 3175 1126 3225 nologir'i
1144 3188 1208 3211 tam
1227 3175 1514 3215 benemeritisunt
1531 3204 1542 3222 ,
1569 3177 1669 3226 quain]
1690 3177 1741 3210 alii

969 3224 975 3255 l
1599 3228 1741 3273 quicun-
