2048 3343
145 1062 244 1090 Ninive
252 1060 282 1088 ab

146 1104 255 1133 „Arhaoe

144 1143 221 1180 prtmb
233 1143 273 1172 de-

137 1185 244 1221 struck.

141 2052 248 2082 Secundo
258 2052 274 2081 ἷι

140 2097 263 2133 Cyaxare.

301 151 382 188 284
661 137 971 175 OPERIS

1032 133 1511 171 H1s‘roch1

299 226 369 250 cem
381 211 484 247 tribus
494 210 514 245 fi
526 220 595 244 non
607 207 726 244 delevit
737 235 744 248 ,
755 210 789 244 in
801 221 871 244 eam
883 219 994 242 tamen
1003 218 1055 241 ca-
1097 206 1251 241 maritum
1264 229 1274 244 ‚
1298 205 1332 239 in
1348 203 1518 239 obsidione
1530 208 1564 240 &
1575 206 1710 244 secunda
1720 210 1853 246 Ninives

299 264 481 312 ptivitatem
509 259 665 299 abduxit,
690 259 775 294 unde
802 259 840 293 ad
859 258 1054 292 hodiernum
1100 255 1262 292 eversione
1276 253 1392 289 habuit
1403 254 1541 289 socium.

300 313 388 347 diem
400 323 467 345 non
480 310 642 344 redieruut
653 334 662 349 ,
676 308 746 344 imo
760 309 817 343 ubi
829 319 982 342 terrarum
994 306 1057 341 ho-

302 362 352 397 die
362 370 474 396 extent
491 370 527 393 ut
545 359 716 406 aliquando
729 359 924 393 reducantur
935 382 946 398 ‚
970 357 1011 391 ab
1022 369 1059 389 o-

304 413 374 445 mui
388 411 527 444 nescitur
538 409 664 443 mortali
684 422 692 442 :
719 405 849 451 Babylon
858 419 968 442 autem
987 407 1059 441 reli-

303 473 383 507 quas
396 459 470 494 duas
483 459 586 493 tribus
606 458 809 506 septuaginta
826 469 989 492 annorum
1001 455 1062 488 du-

303 508 421 544 riffima'i
431 506 579 543 servitute
590 511 621 542 δε
633 509 819 555 captivitate
830 505 939 554 preffit
950 529 959 544 ‚
974 516 1060 538 tem*

303 561 359 608 plo
369 557 606 602 Hierosolymis
617 582 627 597 ‚
640 555 860 604 omnibusque
871 554 960 601 Judae
971 551 1062 586 urbi-

305 609 363 644 bus
374 608 480 643 excifis
490 606 650 642 funditus.

351 659 444 692 Deus
453 658 679 692 calamitatum
688 653 731 687 sui
741 651 855 698 populi
866 648 1061 685 certissimus

304 711 335 742 &
346 706 556 743 severiffirnus
566 704 686 740 vindex
698 703 829 748 utrique
841 699 917 735 huic
929 699 1001 733 urbi
1013 699 1060 732 ob

302 755 487 803 oppressum
499 754 639 789 Israelem
650 776 660 791 ‚
671 752 828 785 ultimum
840 751 976 785 exitium
991 751 1061 796 ple-

302 817 447 852 numque
457 803 687 839 exterminium
702 801 863 835 variorum
881 797 1062 845 Propheta-

303 867 375 890 rum
392 867 449 889 ore
459 852 681 887 denunciavit.
711 849 855 895 Qaestio
874 849 917 883 est
928 849 966 882 de
978 859 1062 882 tem-

304 917 383 952 pore
396 916 463 951 quo
474 902 548 949 Isaiae
557 927 565 941 ,
578 900 710 937 Ieremia,
720 898 858 934 Nahumi
866 923 877 940 ,
891 895 1064 943 Zepham'ae,

302 960 333 988 &
354 954 493 987 aliorum
513 952 617 986 minas
634 953 667 985 in
687 948 861 992 Babylonem
877 952 907 983 δι
921 948 1060 983 Νιηὶυεη

300 1004 471 1038 Dominus
483 1001 526 1036 est
535 1011 729 1048 exequutus.

349 1054 400 1088 Ut
419 1049 626 1093 ἐναντιοφανεῖς
654 1050 843 1084 Βοᾶοῑιὶῐη
861 1059 928 1082 tam
948 1058 1059 1080 recen-

301 1102 382 1137 tium
405 1102 502 1150 quam
522 1103 735 1148 antiquorum¹
751 1097 922 1133 sententias
944 1097 1057 1131 conci-

300 1154 418 1187 liemus
430 1175 439 1187 ‚
464 1150 696 1198 distinguamus
708 1160 844 1196 oportet
859 1148 989 1182 istarum
1003 1158 1058 1180 ur—

304 1201 393 1237 bium
408 1202 506 1235 ruinae
519 1201 659 1235 diversos
670 1200 788 1247 gtadus
798 1223 807 1238 ‚
835 1199 890 1246 qui
902 1197 1058 1242 tempori-

303 1251 365 1285 bus
383 1251 512 1285 diverfis
532 1252 753 1298 contigerunt.
783 1247 889 1294 Qod
906 1246 945 1280 ad
965 1245 1060 1279 Nini-

301 1311 417 1335 venter
428 1313 498 1334 eam
509 1301 686 1333 minimum
697 1299 846 1344 oportuit
856 1297 970 1330 everti.
993 1295 1058 1328 Pti—

301 1348 359 1384 mo
370 1376 380 1390 ,
406 1349 478 1396 post
498 1349 696 1395 Prophetam
708 1351 806 1381 Ionam
817 1347 926 1392 paucis
940 1344 1034 1378 anuis
1046 1366 1056 1382 ‚

299 1412 376 1434 nam
401 1399 611 1446 Sardanapalus
637 1399 773 1432 ultimus
800 1394 1059 1430 Monarcharum

300 1454 326 1484 A
335 1446 501 1494 {syriorum
511 1451 638 1496 (quem,
648 1448 669 1482 fi
681 1446 799 1481 Salmno
807 1456 861 1479 aut
871 1446 967 1479 etiam
981 1444 1058 1477 Hie-

299 1512 410 1541 ronymo
423 1497 601 1539 credimus,
614 1501 696 1532 Ionas
708 1497 748 1530 ad
760 1496 990 1542 poenitentiam
1004 1491 1058 1526 ad-

300 1547 418 1589 duxit)
436 1550 470 1581 in
480 1548 584 1593 priora
596 1558 726 1595 peccata
737 1544 883 1580 relabens
892 1543 933 1578 ab
942 1539 1059 1578 Arbace

299 1596 398 1632 Medo
411 1598 534 1644 Regno
547 1596 639 1631 simul
650 1599 681 1630 &
692 1593 756 1629 vita
765 1604 879 1629 exutus
888 1593 932 1628 est
943 1619 953 1633 ‚
964 1593 1058 1626 Nini·

299 1647 551 1696 vequelrnperii
564 1645 652 1680 sedes
667 1656 761 1693 capta
778 1647 812 1679 δέ
831 1643 904 1678 solo
914 1652 1058 1690 aequata‚

298 1708 473 1744 antequam
487 1698 519 1730 in
531 1697 595 1730 Dei
608 1696 770 1743 populum
791 1695 967 1741 quicquam
981 1704 1056 1739 pec-

300 1745 407 1786 casset,
419 1756 634 1794 quotcunque
646 1744 778 1779 tandem
787 1744 820 1777 in
830 1742 934 1790 ipsum
946 1744 1056 1776 Deum

299 1793 420 1830 fuerint
432 1799 500 1840 ejus
511 1795 644 1844 flagitia.
672 1795 776 1836 Quod
786 1805 894 1827 autem
907 1791 1057 1836 extinfto

299 1845 495 1894 Sardanapalo
518 1847 640 1880 Ninive
655 1844 814 1879 destrueta
830 1841 867 1876 fit
884 1866 894 1882 ‚
920 1846 952 1875 &
971 1842 1058 1876 cives

301 1898 371 1940 ejus
389 1896 421 1929 in
440 1908 541 1942 pagos
560 1896 686 1929 vicinos
704 1894 744 1928 ab
759 1890 895 1928 eArhacc»
913 1890 1038 1938 dispersi
1050 1918 1059 1932 ,

301 1954 406 1978 narrat
424 1944 573 1978 distinete
594 1944 743 1977 Diodorus
761 1941 879 1976 Stculus
897 1941 981 1975 libro
1000 1940 1057 1976 suo

300 1992 441 2027 secundo
453 1992 524 2040 post
536 1993 694 2028 medium.

349 2042 427 2077 Post
447 2042 531 2077 hanc
550 2044 677 2077 ruinam
696 2037 869 2075 neceffeest
885 2037 1055 2074 reaedifica-

300 2101 367 2126 tam
386 2092 525 2126 Nini-ven
538 2117 547 2131 ‚
574 2105 651 2126 nam
664 2091 820 2126 testantur
835 2089 927 2124 sacrae
938 2090 1057 2129 literae,

299 2144 446 2188 quinque
459 2140 637 2176 minimum
652 2142 672 2177 fi
683 2153 752 2175 non
766 2138 963 2174 Monarchas
973 2150 1058 2179 ‚cer-

300 2200 332 2223 te
344 2191 453 2237 Reges
470 2189 598 2236 Assyriae
611 2189 658 2225 ibi
675 2190 866 2225 dominatos
876 2213 886 2229 ,
901 2189 1057 2223 nimirum

299 2236 395 2278 Phul,
409 2236 670 2285 Uglath-peleftr,
685 2238 891 2285 Salmanassar,
908 2235 1057 2270 senache-

299 2285 364 2328 rib,
389 2290 421 2321 δι
444 2283 664 2333 Affirhaddon,
694 2287 731 2321 hi
750 2284 942 2330 Sardanapali
959 2285 1059 2318 exitio

300 2335 384 2371 nihil
393 2336 542 2371 deterriti
558 2336 597 2370 ad
608 2336 765 2371 summam
778 2335 812 2368 in
824 2334 979 2368 Ilra‘e'litas
988 2344 1058 2366 cru-

301 2385 470 2419 delitatem
483 2384 565 2419 nihil
576 2384 726 2420 fecerunt
738 2385 866 2431 reliqui,
877 2383 984 2418 donec
995 2382 1062 2428 pri-

301 2447 358 2470 mo
368 2434 476 2469 decem
493 2434 599 2469 tribus
610 2431 816 2482 extirpassent
827 2455 837 2472 ,
854 2433 933 2467 &in
946 2430 1062 2466 Mediae

300 2483 472 2520 montibus
493 2496 568 2518 cum
593 2483 747 2533 gentibus
776 2481 1062 2517 commiscuiffent.

300 2538 328 2569 A
337 2536 439 2582 liquas
450 2535 536 2569 enim
551 2534 669 2570 Mediae
681 2544 783 2581 partes
793 2533 873 2566 novi
883 2532 915 2566 hi
934 2531 1063 2577 Assyriae

299 2585 407 2629 Reges
417 2583 632 2630 occuparunt.
643 2583 733 2631 quod
745 2581 816 2629 ipsis
827 2595 895 2616 nou
907 2578 1063 2615 fuitdiffi-

300 2631 381 2673 cile,
408 2633 674 2681 quandoquidem
697 2634 739 2667 ab
759 2632 892 2666 «Arbace
908 2631 1063 2666 Medisli-

299 2681 425 2718 ber-tate
437 2682 583 2718 concessa
597 2696 651 2730 per
662 2683 784 2716 multos
805 2693 909 2715 annos
922 2682 1062 2727 populus

303 2732 360 2766 iste
376 2746 430 2781 per
447 2734 692 2767 Democratiam
712 2730 880 2765 diffolutus
892 2728 946 2763 sua
964 2732 1062 2764 tutari

303 2793 373 2815 non
385 2783 504 2816 valeret
516 2806 524 2821 ,
552 2782 660 2816 donec
682 2783 810 2825 Dejoces
822 2780 927 2828 Regni
938 2779 1062 2827 guber-

304 2843 421 2865 namen
441 2834 471 2864 iu
484 2832 633 2866 volentes
643 2826 870 2876 resumpsisset:
897 2828 992 2872 hujus
1003 2842 1062 2864 ne-

304 2892 363 2926 pos
374 2885 514 2922 cyaxares
524 2883 658 2928 primus,
668 2880 807 2928 Astyagu
817 2904 826 2920 ‚
837 2890 923 2926 pater
935 2882 948 2922 (
960 2890 993 2913 ut
1004 2879 1063 2914 ba-

306 2928 359 2962 bet
379 2932 522 2964 Herodot.
543 2932 603 2965 lib.
630 2933 686 2972 1.)
720 2931 875 2974 Assyrium
904 2929 1060 2975 Regnum

304 2976 431 3018 delevit,
448 2985 479 3014 &
492 2980 632 3015 Niniven
643 2981 759 3014 evertit
772 2977 933 3019 secund<33
959 2976 1061 3026 prope

303 3037 339 3058 ea
349 3037 494 3075 tempora
503 3031 622 3078 quibus
632 3028 648 3064 a
663 3027 984 3075 ByzanteMegarensi
996 3029 1061 3074 pri-

305 3086 358 3107 ma
379 3078 523 3121 Byzantii
544 3080 595 3114 scu
620 3079 963 3125 Constantinopoleos
985 3076 1061 3111 fun-

305 3123 456 3159 damenta
474 3130 557 3171 jaffta
570 3131 650 3163 sunt.
693 3135 854 3173 cyaxarem
867 3128 953 3162 huuc
966 3128 1063 3161 multi

305 3170 581 3212 Nehuchadnezaris
593 3177 717 3212 faciunt
733 3177 950 3225 socerum‚qui
964 3190 1064 3225 gene-

306 3234 382 3255 rum
395 3247 405 3264 2
431 3225 592 3259 chtocridis
610 3226 671 3261 suae
690 3226 766 3262 filiae
786 3229 928 3279 Astyagis
946 3226 1064 3262 sororis

1150 305 1338 346 Herodotus,
1365 317 1462 352 quem
1485 301 1587 338 solum
1607 317 1646 339 ex
1658 309 1800 355 antiquis
1813 307 1860 343 se-

1103 355 1203 388 cundi
1223 354 1318 399 hujus
1342 355 1528 389 Ninivitani
1551 354 1667 389 excidii
1690 356 1863 392 testemin-

1105 405 1222 443 venio,
1249 416 1319 437 uno
1339 402 1470 439 tantum
1491 404 1592 438 verbo
1609 417 1677 438 rem
1699 417 1766 439 tam
1786 409 1863 441 illu·

1107 451 1202 486 strem
1215 453 1350 487 transilit
1359 479 1368 494 ‚
1380 454 1457 488 alibi
1470 453 1499 488 se
1508 466 1578 488 eam
1589 452 1756 489 historiam
1768 456 1863 503 plene

1105 501 1298 535 traditurum
1326 501 1485 550 spondeus
1503 518 1515 547 3
1548 503 1637 549 quod
1654 515 1763 539 tamen
1784 519 1864 552 pro-

1108 550 1235 585 missum
1247 552 1297 586 vel
1309 564 1476 599 uunquam
1488 553 1644 599 praestitit,
1657 556 1707 588 vel
1718 553 1782 589 hoc
1794 559 1864 600 ejus

1105 599 1261 647 scriptum
1283 602 1369 636 inter
1378 603 1440 637 alia
1451 604 1589 650 plurima
1609 602 1789 650 proborum
1809 617 1866 639 au-

1106 650 1237 684 &orum
1250 650 1455 698 deperditum
1466 650 1521 686 est.

1157 699 1306 735 Multum
1330 699 1380 735 hic
1399 700 1489 736 sudat
1509 713 1575 735 tam
1596 701 1748 735 ‘Petavius
1766 701 1866 749 quam
1884 707 2019 737 Nullam.

1106 748 1240 784 Salianus
1253 774 1263 790 ,
1289 761 1325 784 ut
1343 749 1437 785 Tobiae
1456 750 1729 786 anachronisticas
1741 750 1866 789 fabulas
1884 749 1980 817 ysflfff'

1915 799 1995 816 lmves

1883 830 2021 868 destruam.

1107 811 1181 832 cum
1201 798 1272 833 verz‘i
1302 799 1535 849 Chronologiz'i
1558 801 1738 835 concilient
1759 815 1768 835 z
1800 815 1864 838 no-

1106 847 1548 895 vumqueuebuchadmzarem
1559 862 1722 897 coguntur
1733 849 1867 899 fingere,

1108 898 1163 945 qui
1177 897 1247 944 post
1260 895 1508 942 Affi›·haddonem
1520 900 1626 933 Medis
1645 901 1865 948 imperaverit,

1108 951 1140 981 ὃ(
1152 958 1261 981 tamen
1275 947 1361 980 idem
1376 948 1412 980 fit
1424 959 1497 982 cum
1512 950 1625 993 Dejoce
1637 951 1742 984 Medo
1756 951 1863 987 Ecba..

1105 1007 1257 1031 tanorum
1272 997 1468 1031 εκπυᾶοτε.
1492 997 1608 1031 Putida
1619 996 1686 1032 haec
1705 997 1780 1034 sunt
1792 1012 1861 1037 tam

1103 1047 1136 1080 in
1149 1058 1300 1094 tempora
1310 1045 1407 1095 quam
1419 1049 1451 1081 in
1465 1046 1630 1081 historiam
1643 1059 1782 1095 peccata.

1153 1096 1346 1132 Praetercluo
1358 1096 1414 1130 ista
1429 1097 1563 1131 Ninives
1579 1097 1703 1132 excidia
1720 1122 1729 1138 ,
1754 1097 1859 1134 adhuc

1104 1148 1259 1183 tertium,
1285 1146 1306 1180 si
1327 1158 1393 1180 nou
1409 1148 1501 1191 plura
1520 1147 1674 1181 videntur
1685 1147 1865 1184 statuenda.

1104 1195 1191 1229 Nam
1203 1196 1256 1230 diu
1268 1195 1338 1241 post
1348 1193 1628 1233 Nebuchadneaaris
1639 1209 1786 1245 tempora
1794 1199 1862 1232 Ni-

1103 1244 1197 1279 niven
1214 1245 1318 1279 adhuc
1339 1243 1526 1291 superfuisse
1546 1244 1753 1282 confidenter
1774 1245 1862 1282 affir-

1105 1306 1171 1328 mat
1183 1319 1192 1332 ,
1218 1307 1286 1328 non
1295 1293 1421 1329 tantum
1439 1308 1476 1330 ex
1489 1297 1669 1331 <Ammiano
1681 1297 1862 1331 Marcellino

1104 1341 1232 1391 Iosephus
1252 1343 1379 1396 Scaliger
1397 1345 1735 1381 animadversionibus
1747 1347 1779 1380 in
1792 1349 1863 1380 Eu-

1094 1392 1205 1439 sebium
1216 1394 1510 1441 pag.74.sedetiam
1520 1394 1721 1430 dofflssimus
1729 1392 1862 1432 Bethar-⁷

1103 1452 1147 1477 tus
1159 1456 1197 1478 ex
1218 1441 1393 1491 Plnlostrato
1413 1446 1447 1478 in
1459 1443 1515 1479 suo
1529 1444 1659 1491 Phaleg.
1672 1443 1731 1479 lib.
1742 1458 1776 1490 4.
1788 1458 1858 1493 cap.

1105 1506 1161 1527 20.
1181 1492 1250 1528 haec
1269 1493 1290 1528 s1
1302 1506 1373 1528 vera
1393 1492 1474 1533 sint,
1491 1491 1609 1528 necesse
1625 1493 1669 1526 est
1685 1492 1862 1530 statuamus

1101 1543 1243 1577 Niniven
1262 1540 1361 1577 tertio
1381 1543 1552 1576 conditam
1576 1552 1613 1575 ut
1633 1539 1733 1575 tertie>
1751 1545 1865 1578 excin-

1101 1593 1215 1629 datur:
1242 1591 1378 1627 excisam
1394 1593 1481 1627 enim
1509 1589 1614 1625 hodic
1638 1603 1738 1626 nemo
1763 1591 1864 1627 dubi-

1100 1654 1160 1677 tat.
1199 1641 1298 1677 Certe
1320 1639 1486 1686 l’urchafim
1504 1642 1538 1675 in
1551 1639 1601 1675 sua
1620 1641 1863 1689 peregrinatio-

1100 1707 1143 1729 ne
1163 1692 1261 1728 liba.
1282 1703 1352 1739 cap.
1374 1702 1428 1738 14.
1463 1691 1618 1726 oculatos
1642 1691 1771 1726 inducit
1806 1703 1861 1727 te-

1100 1743 1162 1778 stes
1182 1740 1338 1777 Sherlaeum
1357 1744 1389 1776 ὅ(
1407 1738 1662 1792 Cartvvrightum
1688 1764 1698 1782 ‚
1724 1742 1780 1789 qui
1799 1741 1864 1778 Ni.

1100 1794 1185 1827 nives
1202 1792 1317 1827 rudera
1337 1789 1539 1838 spefflrunn
1569 1794 1602 1824 δὲ
1618 1791 1674 1826 diu
1695 1793 1770 1826 ante
1790 1791 1860 1827 Ai-

1100 1856 1182 1878 tonm
1193 1845 1344 1878 Armonus
1353 1842 1436 1889 apud
1447 1837 1631 1878 Bochartum,
1642 1841 1696 1875 ubi
1706 1841 1797 1887 supra
1807 1855 1861 1876 ur.

1102 1894 1176 1928 bem
1189 1893 1271 1927 hanc
1290 1893 1432 1926 omnino
1445 1890 1622 1924 desolatam
1633 1890 1742 1925 vidisse
1759 1889 1791 1925 se
1809 1902 1860 1926 te-

1102 1944 1212 1978 statut.
1239 1940 1299 1976 Sed
1316 1940 1333 1975 ὲ
1356 1953 1424 1987 quo
1445 1937 1578 1974 tertium
1597 1940 1646 1975 vel
1664 1939 1797 1974 condita
1808 1941 1859 1975 vel

1103 1993 1220 2027 vastata
1230 1991 1267 2030 fit
1279 2016 1289 2033 ,
1308 1992 1413 2025 altum
1425 1991 1561 2024 invenio
1576 1988 1661 2037 apud
1677 2001 1793 2024 omnes
1802 2001 1861 2024 au-

1102 2045 1208 2077 &ores
1222 2065 1231 2078 ‚
1254 2039 1455 2090 quiquidem
1470 2040 1503 2073 in
1518 2052 1605 2074 meas
1624 2051 1738 2073 manus
1758 2052 1863 2073 vene-

1102 2104 1178 2129 runt
1191 2117 1200 2131 ‚
1216 2091 1382 2126 silentium
1398 2103 1405 2123 :
1426 2090 1471 2124 ita
1482 2101 1519 2124 ut
1538 2087 1628 2125 valde
1641 2087 1777 2135 suspicer
1794 2098 1864 2122 tam

1105 2140 1280 2177 Bocharmm
1301 2153 1400 2188 quam
1411 2138 1584 2185 Scaligerum
1594 2136 1674 2176 falli,
1686 2136 1764 2170 dum
1777 2147 1867 2170 tem-

1104 2191 1241 2240 poribus
1267 2193 1366 2224 etiam
1394 2189 1555 2222 Romanis
1582 2185 1724 2220 Nmiven
1750 2184 1866 2221 florere

1104 2242 1232 2275 volunt.
1261 2237 1360 2271 Certe
1382 2236 1528 2269 Lucianus
1556 2235 1655 2268 nimis
1683 2247 1782 2282 quam
1805 2236 1868 2270 do-

1105 2289 1175 2321 stus
1187 2287 1263 2320 &in
1275 2284 1437 2329 ejusmodi
1450 2284 1522 2319 satis
1539 2294 1644 2319 certus
1656 2285 1785 2326 metor,
1807 2286 1866 2333 qui

1108 2335 1268 2370 Ammiano
1279 2332 1487 2382 &Philostrato
1497 2330 1664 2381 aequalis‚fi
1679 2347 1747 2368 non
1760 2338 1867 2378 major

1106 2396 1171 2420 tam
1184 2396 1275 2420 aetate
1285 2386 1380 2432 quam
1393 2384 1595 2424 auetoritate,
1607 2383 1638 2417 in
1651 2380 1707 2418 suo
1718 2385 1868 2432 Dialogo

1106 2433 1325 2469 Επιο-κοπὲντες
1345 2432 1483 2468 affirmat
1502 2433 1640 2468 Nini-ven
1666 2431 1728 2468 suis
1748 2432 1865 2469 diebus

1108 2485 1207 2534 usque
1220 2484 1300 2518 adeo
1317 2483 1514 2519 devastatam
1525 2509 1532 2522 ,
1551 2494 1586 2517 ut
1599 2483 1718 2517 nullam
1729 2487 1797 2528 ejus
1809 2495 1866 2516 ve·-

1107 2534 1239 2583 stigium
1250 2545 1446 2573 remaneret,
1468 2546 1528 2568 nec
1549 2533 1605 2566 ubi
1624 2543 1779 2566 terrarum
1800 2533 1865 2566 ali-

1107 2584 1238 2633 quando
1255 2582 1371 2623 fuisset,
1386 2584 1448 2617 ulli
1466 2583 1596 2617 mortali
1609 2593 1680 2615 tum
1700 2580 1790 2616 certo
1807 2594 1866 2616 co-

1106 2637 1251 2682 gnitum.
1284 2632 1404 2677 Cyrillus
1439 2634 1535 2666 etiam
1572 2631 1799 2666 Alexandrinus
1826 2631 1866 2665 iis

1105 2682 1311 2730 temporibus
1321 2682 1488 2729 proximus
1497 2683 1529 2715 in
1541 2678 1677 2715 Nahumi
1688 2681 1862 2716 secuudum

1106 2733 1191 2767 idem
1204 2729 1352 2771 affirmat,
1363 2733 1444 2779 quin
1458 2734 1492 2765 &
1505 2731 1661 2778 Pausania
1676 2731 1768 2765 lib.8.
1781 2741 1863 2764 ean-

1109 2782 1184 2816 dem
1198 2780 1370 2828 profitetur
1383 2781 1588 2815 senteutiam.

1158 2830 1262 2879 Qod
1274 2841 1381 2866 autem
1393 2830 1432 2865 ad
1442 2831 1638 2865 Ammianum
1647 2827 1763 2861 attinet
1773 2849 1782 2863 ‚
1800 2828 1861 2862 tria

1107 2894 1179 2930 quae
1189 2893 1224 2916 ex
1235 2894 1273 2914 co
1286 2883 1362 2915 citat
1374 2877 1531 2914 Bochartus
1542 2876 1725 2912 testimonia
1738 2900 1748 2914 ,
1775 2876 1862 2911 recte

1108 2931 1264 2964 videntur
1279 2931 1399 2976 exponi
1418 2929 1502 2974 posse
1517 2928 1556 2960 de
1568 2926 1686 2959 Ninive
1697 2938 1767 2973 quae
1777 2927 1862 2960 olim

1106 2978 1169 3013 fuit
1186 2979 1328 3012 maxima
1345 2982 1377 3011 &
1395 2977 1602 3011 celeberrima
1615 2976 1784 3009 civitatum
1804 2989 1864 3023 po-

1108 3026 1189 3065 tius,
1200 3025 1296 3075 quarn
1310 3026 1349 3059 de
1366 3024 1429 3059 ulia
1449 3025 1527 3059 urbe
1538 3025 1654 3059 diebus
1674 3023 1783 3058 Iuliani
1797 3027 1866 3059 exi-

1108 3079 1209 3113 stente
1221 3102 1231 3116 ‚
1250 3076 1289 3110 de
1305 3074 1367 3122 <3113
1379 3074 1450 3122 post
1471 3075 1612 3109 eversam
1635 3073 1864 3108 Monarchiani

1110 3126 1353 3163 Chaldaeorum,
1369 3137 1437 3158 non
1453 3123 1581 3159 tantum
1597 3123 1682 3170 apud
1693 3134 1808 3157 omnes
1819 3123 1865 3157 se-

1109 3175 1304 3210 refilentium
1316 3173 1359 3208 est
1372 3198 1380 3210 ,
1390 3173 1440 3208 sed
1452 3176 1546 3208 etiam
1561 3173 1751 3208 testimonia
1762 3174 1863 3207 multa

1109 3227 1143 3260 in
1154 3223 1342 3274 oppositum
1355 3222 1460 3259 afferri
1471 3222 1607 3272 possunt.
1777 3266 1827 3302 7}
1844 3267 1848 3271 ι

1802 3274 1811 3287 J
1825 3282 1865 3303 n,
