2048 3343
271 129 346 168 196
620 115 932 152 Opi-:ars

994 106 1476 148 H18TOR101

269 196 340 242 liger
351 218 361 234 ‚
383 188 532 226 Petavius,
548 191 580 222 &
592 188 646 222 alii
654 186 799 234 plerique
809 193 946 232 regnum
959 180 1023 214 hoc
1071 179 1302 230 Mesbrethaerum
1310 206 1320 223 ,
1333 183 1520 231 quingentis
1530 182 1601 230 post
1612 182 1725 219 Chrifli
1735 193 1827 219 nata.

271 244 338 287 Cyn'
359 254 428 277 non
444 241 483 274 de
497 237 698 285 Babylonico
717 235 769 270 sed
787 234 913 269 Persico
939 233 1024 265 acci·
1072 235 1138 269 lem
1150 234 1255 273 anniS‚
1270 231 1327 267 ista
1338 232 1470 267 tandem
1486 234 1619 267 inventa
1629 233 1711 269 sint?

272 298 365 342 piunt
378 317 388 332 ‚
414 292 496 324 inter
505 300 575 336 quae
591 298 755 321 annorum
776 283 894 332 viginti
913 279 964 315 seu
976 280 1026 314 O·

275 339 481 390 lympiadum
501 338 645 386 quinque
665 336 708 370 est
721 330 940 378 intercapedO.
966 330 1028 363 His

277 389 446 440 suppositis
458 414 468 430 ,
483 398 581 436 prout
595 385 725 435 quidem
741 382 826 430 apud
837 379 1031 416 Chronolo-

278 455 338 490 gos
349 439 530 475 indubitata
546 434 771 471 animadverto
783 457 794 474 ‚
819 432 898 467 sicut
916 429 955 463 ab
971 429 1032 462 ini-

279 493 329 525 tio
345 491 457 536 Regni
478 486 546 532 Cyri
563 484 675 521 Perfici
686 511 694 524 ‚
712 482 764 518 seu
775 483 814 517 ab
823 493 909 516 anno
923 479 1030 525 primo

279 538 486 586 Olympiadis
497 533 770 585 quinquagesimae
788 532 910 580 quintae
923 526 963 581 ad
981 527 1035 580 A.-

280 588 417 623 lexandri
439 598 584 622 mortem
604 596 692 619 anno
706 585 814 629 primo
826 574 1034 630 Olympiadis

281 637 462 674 centefimae
484 636 615 671 decimae
624 643 742 680 quartae
756 653 766 667 ‚
793 627 868 662 sunt
886 624 1035 680 armidu-

282 690 370 724 centi
383 688 515 735 triginta
525 685 594 719 sex,
623 684 667 715 ita
685 680 702 713 εὶ
719 679 825 724 primo
845 675 953 722 Regni
966 677 1037 719 ejus

286 737 478 783 Babylonici
488 761 496 772 ‚
515 734 566 768 seu
579 731 596 764 a*
609 731 716 777 primo
729 725 938 772 Olympiadis
948 721 1037 757 sexa-

285 787 413 837 gesimae
441 785 478 818 ad
501 782 643 830 primum
670 776 877 824 Olympiadis
902 770 1040 806 centesi-

286 849 348 872 mce
358 835 612 879 decimaequartae
626 825 700 861 sunt
716 828 793 860 anni
805 823 936 860 ducenti
947 820 1039 856 sede-

288 887 364 921 cim.

333 933 499 968 Numerus
524 926 578 962 hic
599 936 762 961 annorum
789 922 886 957 etiam
906 920 1043 955 demon-

285 983 403 1019 stratur
414 994 453 1015 ex
467 976 714 1026 particularibus
723 973 858 1008 summis
870 996 880 1011 ‚
900 982 977 1019 quas
987 982 1044 1003 an-

283 1034 454 1080 tiquorum
489 1026 694 1062 celeberrimi
721 1022 854 1070 singulis
881 1019 1041 1054 Persarum

285 1081 433 1129 Regibus
447 1076 633 1113 attribuunt
647 1088 655 1109 :
671 1085 745 1108 nam
757 1072 778 1106 si
790 1084 829 1105 ex
844 1070 911 1113 Cyri
922 1071 1041 1116 trigin-

264 1156 266 1159 ψ
286 1141 319 1165 ta
329 1129 465 1165 ascribas
483 1126 592 1161 decern
606 1121 806 1159 Monarchiae
818 1124 844 1166 ej
852 1133 886 1154 us
898 1118 1043 1166 Babylo-

286 1182 366 1215 nicae
383 1183 415 1214 δε
434 1174 567 1219 Cambyfi
575 1188 611 1210 ac
624 1173 727 1225 Magis
743 1172 821 1205 οξίο
832 1194 842 1210 ,
863 1169 961 1205 Dario
971 1171 1039 1212 Ialy-

277 1230 377 1277 staspis
385 1228 522 1276 triginta
533 1224 595 1261 sex,
613 1226 708 1258 Χενκι
720 1221 836 1268 viginti
848 1231 966 1259 unum,
977 1221 1042 1253 Ar-

285 1278 406 1314 taxerxi
416 1276 599 1327 Longimano
608 1272 821 1322 quadraginta
829 1282 943 1309 unum,
952 1268 1044 1302 Dario

285 1324 391 1364 Natho
412 1324 643 1361 novemdecim
656 1350 665 1362 ‚
691 1319 862 1357 Artaxerxi
881 1317 1045 1353 Mnemom'

286 1377 497 1426 quadraginta
515 1385 658 1422 quatuor
670 1395 680 1411 ‚
706 1371 803 1406 Dario
822 1366 908 1404 Ocho
924 1368 1042 1415 viginti

284 1429 365 1476 quin
372 1439 446 1474 que,
457 1426 529 1466 Arfi
536 1435 639 1458 unum
651 1446 660 1461 ‚
672 1421 768 1455 Dario
778 1418 967 1455 Codomanno
976 1416 1041 1455 sex,

285 1474 479 1512 eAlexandro
492 1475 526 1508 in
537 1469 731 1508 Monarchia
744 1469 881 1517 septem:
909 1465 1042 1502 summae

285 1526 350 1561 istae
365 1525 523 1573 quadrant
536 1522 578 1558 ad
599 1518 744 1556 amussim
767 1531 844 1553 cum
870 1518 965 1552 totali
982 1517 1042 1551 du-

287 1585 459 1610 centorum
492 1573 624 1620 triginta
650 1569 709 1604 sex.
744 1569 828 1603 Non
847 1566 899 1602 hic
917 1568 1044 1614 agimus

290 1637 364 1659 cum
377 1621 557 1674 Brughtono,
571 1618 726 1659 Beroaldo,
738 1620 874 1653 Hovvaeo
883 1640 891 1653 ‚
903 1614 1046 1660 Msbeto,

289 1678 322 1709 δι
335 1672 403 1708 aliis
413 1673 522 1719 paucis
547 1673 682 1712 (caetera
694 1670 768 1705 viris
788 1667 920 1708 doetis)
938 1667 995 1713 qui
1005 1665 1046 1700 fi-

289 1724 366 1758 dem
391 1722 443 1757 hic
465 1723 528 1756 toti
555 1719 694 1754 historiae
720 1717 858 1764 antiquae
878 1740 889 1757 ,
916 1716 1046 1762 totique

291 1772 591 1819 Chronologorum
602 1780 667 1803 tarn
681 1766 934 1802 Protestantium
947 1764 1045 1813 quam

293 1819 546 1856 Pontificiorum
579 1819 706 1854 nationi
738 1815 905 1864 pueriliter
929 1816 1047 1849 admo-

290 1871 384 1910 dum,
397 1875 427 1905 &
440 1868 558 1916 absque
567 1866 763 1903 omnicausfi
777 1891 788 1907 ,
800 1863 899 1899 fidem
909 1877 1043 1899 omnem

288 1920 482 1969 derogatum
493 1928 581 1952 eunt.
612 1916 702 1951 Adde
715 1918 753 1950 ad
765 1914 947 1962 proximam
959 1912 1044 1948 sum-

289 1983 377 2004 mam
402 1970 617 2004 ducentorum
645 1967 781 2012 triginta
797 1963 849 1999 sex
876 1976 980 1998 annos
1004 1963 1044 1998 ab

289 2019 452 2055 eversione
473 2017 588 2064 templi
616 2015 654 2049 ad
680 2017 821 2061 primum
846 2014 954 2062 Regni
980 2013 1047 2058 Cyri

288 2068 425 2108 Persici,
443 2077 543 2115 prout
554 2075 706 2101 numerat
717 2062 798 2097 Ubbo
809 2066 962 2104 Emmtus‚
987 2063 1044 2097 tri-

290 2119 403 2166 ginta3
427 2118 538 2151 totalis
572 2112 714 2163 Epochae
745 2114 806 2148 erit
826 2112 1044 2148 ducentorum

291 2167 452 2215 sexaginta
461 2165 523 2202 sex.
997 2179 999 2183 ι

337 2255 528 2296 Addenda
537 2253 584 2291 ad
595 2252 854 2304 Quaestionem
867 2251 906 2288 X
918 2251 960 2287 X
972 2252 1002 2287 Ι.

294 2346 347 2379 De
353 2341 440 2376 literis
448 2338 589 2377 hodiernis
599 2334 758 2375 Hebraicis,
768 2348 835 2369 num
843 2334 860 2368 lt
871 2330 1045 2368 patriarchis

366 2391 404 2425 Εὖ*
417 2385 566 2436 Prophetis
566 2389 631 2470 ffnt
639 2385 770 2439 icfisrpatae
781 2410 791 2425 ,
815 2397 853 2418 an
869 2383 903 2418 ab
920 2383 971 2429 Es
965 2403 980 2409 -

587 2448 616 2470 ra
633 2445 772 2470 mventae.

295 2521 431 2583 DUae
454 2517 528 2552 sunt
548 2515 748 2565 percelebres
766 2513 959 2562 quaestiones
980 2522 1050 2558 quae

373 2581 442 2604 non
462 2560 676 2601 incommode
695 2563 839 2598 interseri
852 2560 980 2610 possunt
999 2563 1052 2594 in-

301 2631 350 2654 ter
366 2616 550 2654 vicesimam
573 2619 608 2650 &
628 2614 811 2650 vicesimam
835 2614 973 2660 primam
983 2622 1052 2656 cap.

305 2680 365 2702 10.
390 2667 449 2702 lib.
462 2678 488 2699 1.
524 2666 635 2704 Prior,
661 2676 741 2697 num
760 2665 846 2697 Ezrae
865 2661 976 2696 diebus
996 2657 1054 2703 Ju-

307 2717 364 2751 daei
381 2715 561 2764 acceperint
585 2713 602 2747 a
621 2710 783 2748 Chaldaeis
808 2721 925 2743 omnes
950 2709 1056 2741 litera-

308 2779 381 2800 rum
407 2765 620 2801 charaeteres,
646 2762 702 2809 qui
714 2759 787 2794 inde
808 2758 948 2793 adhunc
966 2757 1054 2790 diem

306 2829 367 2861 pro
383 2815 525 2850 Hebraeis
549 2811 741 2858 usurpantur
759 2821 767 2842 :
811 2809 928 2843 reliffls
953 2804 995 2839 ab
1014 2818 1054 2840 eo

304 2875 450 2910 tempore
470 2861 698 2898 Samaritanis‚
723 2859 779 2907 qui
802 2856 889 2906 prius
907 2856 991 2903 apud
1003 2865 1057 2889 to—

306 2924 375 2947 rum
407 2914 563 2960 populum
597 2909 806 2944 Israelitarum
841 2910 875 2942 in
904 2906 961 2941 usu
984 2903 1058 2939 fue-

308 2974 400 3001 runt,
427 2964 460 2996 in
480 2961 598 3010 quibus
616 2961 705 2994 Deus
725 2956 839 3005 scripsit
856 2956 1056 3002 Decalogum
1078 2994 1079 2997 Ἴ

310 3012 343 3044 in
361 3022 474 3045 monte
487 3011 599 3050 Sinai,
617 3012 650 3043 &
669 3009 770 3056 Mofts
788 3019 824 3041 ac
843 3005 1011 3053 Prophetae
1023 3016 1060 3037 o·
1078 3017 1079 3022 ¹

312 3070 402 3092 mnes
413 3061 484 3093 suos
504 3060 603 3094 libros
613 3056 790 3093 exarfirunt.
817 3054 925 3090 Altera
936 3053 980 3088 est
993 3078 1003 3093 ,
1021 3065 1060 3086 an

313 3107 527 3142 Hebrccorum
545 3118 694 3143 accentus
706 3111 737 3142 &
750 3107 870 3154 puneta
888 3104 1013 3140 vocalia
1026 3102 1063 3135 li-

315 3157 390 3189 teris
401 3156 559 3190 sacrorum
581 3158 732 3192 codicum
751 3154 888 3200 ejusdem
902 3157 986 3190 Em
996 3151 1061 3186 die·

316 3204 376 3239 bus
398 3203 540 3250 primum
555 3205 663 3241 addita
680 3207 740 3243 sint
762 3219 769 3241 :
793 3217 832 3240 an
854 3202 930 3242 vero
948 3199 1062 3239 diebus

1078 3256 1083 3281 l

1121 286 1159 317 In
1178 281 1353 331 quaestione
1370 284 1475 330 priore
1494 283 1579 316 inter
1603 282 1719 318 doetos
1737 282 1827 318 diffe-
1847 281 1969 320 Qssfffl‘

1076 333 1178 367 remia
1199 332 1242 367 est
1267 331 1339 366 satis
1357 333 1458 366 acris:
1485 327 1614 379 Iosephus
1627 332 1771 383 Scaliger,
1796 337 1828 367 ὅς
1848 325 1976 360 m'sstarus.

1078 382 1149 428 post
1163 394 1238 415 eum
1251 383 1373 422 Drusius
1383 406 1393 418 ‚
1405 381 1521 416 Grotius
1530 407 1539 421 ,
1554 381 1696 415 Gerardus
1703 384 1738 416 V
1734 378 1812 426 ossius
1819 407 1831 423 ,

1078 431 1227 477 inprimis
1240 428 1318 465 vero
1332 431 1499 465 Ludovicus
1510 430 1654 478 Capram,
1668 435 1701 466 δέ
1715 431 1836 465 Brianus'

1079 478 1251 514 VValtonus
1269 481 1384 527 volunt
1395 482 1499 528 legem
1514 506 1524 522 ‚
1540 485 1571 515 δι
1591 482 1704 515 omnia
1716 483 1832 524 Mofis‚

1080 540 1116 562 ac
1135 528 1371 576 Prophetarum
1396 529 1507 576 scripta
1523 541 1648 564 exarata
1666 530 1834 565 hodiernis

1082 577 1316 612 charaeteribus
1342 581 1574 613 Samaritarum
1589 592 1597 617 ;
1622 581 1731 613 literas
1755 578 1834 614 vero

1082 641 1152 675 quae
1171 629 1206 662 in
1229 626 1284 661 usu
1305 626 1377 663 sunt
1394 628 1495 662 hodie
1509 653 1518 664 ‚
1550 631 1581 661 &
1595 626 1724 663 fuerunt
1734 629 1767 663 in
1778 628 1837 662 usu

1083 676 1169 725 apud
1181 676 1341 712 Hebraeos
1357 677 1374 712 a
1387 677 1502 712 diebus
1521 680 1611 715 Ezrae
1629 678 1769 713 novitias
1778 677 1838 712 esse

1084 739 1120 761 ac
1143 726 1335 761 Chaldaicas
1354 728 1598 775 pronunciant,
1617 727 1669 762 sed
1695 726 1838 762 lohannes

1087 777 1171 810 Picus
1185 775 1416 811 Mirandulanus
1429 802 1439 817 ,
1467 777 1604 823 postellus
1614 803 1623 816 ‚
1649 776 1819 812 Bibliander
1831 801 1843 818 ,

1087 825 1198 877 Iunius,
1212 826 1337 859 fullerus
1347 851 1356 865 ‚
1366 827 1508 870 Crtnqfius
1522 853 1531 867 ,
1547 831 1579 861 &
1592 828 1742 874 inprimis
1754 830 1844 862 loan-

1087 886 1131 907 ms
1151 875 1322 916 Buxtorfius
1339 874 1426 909 filius
1437 876 1532 910 docet
1543 900 1552 912 ‚
1579 876 1845 911 characteresho-

1089 924 1220 957 diernos
1241 923 1460 958 Hebraeorum
1479 937 1534 958 eos
1551 924 1637 971 ipsos
1654 927 1711 961 ess'e
1723 927 1844 973 quibus

1085 975 1180 1009 ‘Deus
1198 974 1403 1020 Decalogum
1420 997 1429 1011 ‚
1449 977 1480 1008 &
1499 975 1601 1019 Mofts
1619 987 1653 1008 ac
1675 976 1843 1023 Prophetae

1088 1023 1144 1057 sua
1163 1023 1276 1057 omnia
1295 1022 1485 1070 scripserunt
1497 1047 1508 1062 ,
1532 1024 1748 1059 Samaritanas
1766 1025 1844 1060 vero

1089 1073 1194 1107 literas
1205 1072 1244 1106 ab
1260 1070 1408 1107 Israelitis
1419 1074 1502 1107 olim
1521 1086 1590 1107 non
1611 1085 1734 1121 negant
1750 1075 1845 1108 usur-

1090 1133 1179 1170 patas
1192 1146 1201 1162 ‚
1229 1121 1281 1156 sed
1314 1133 1349 1156 ut
1371 1121 1565 1156 charaereres
1592 1135 1787 1158 communes
1810 1127 1845 1158 δε

1091 1173 1257 1220 vulgares5
1278 1171 1456 1206 hodiernos
1475 1171 1636 1206 Hebraeos
1658 1173 1736 1207 vero
1749 1184 1783 1208 ut
1798 1170 1845 1206 sa-

1090 1223 1241 1256 cratiores
1270 1226 1303 1255 &
1331 1220 1402 1255 usus
1428 1222 1555 1255 rarioris
1575 1232 1649 1256 ante
1671 1225 1758 1259 Ezfae
1773 1222 1844 1256 dies

1088 1271 1224 1319 quando
1234 1270 1400 1305 evaserunt
1410 1282 1603 1305 communes
1614 1296 1623 1310 ,
1632 1274 1664 1304 &
1676 1284 1746 1319 quae
1757 1269 1845 1318 prius

1089 1320 1220 1356 fuerunt
1228 1317 1421 1355 communes
1429 1321 1634 1356 Samaritanis
1645 1319 1718 1355 solis
1727 1322 1844 1355 relietae

1089 1371 1177 1405 sunt.

1134 1421 1188 1454 Lis
1201 1418 1268 1454 haec
1285 1417 1304 1452 a
1320 1416 1465 1467 Scaligero
1481 1419 1634 1453 traantur
1651 1418 1777 1465 magnis
1786 1417 1843 1452 ad-

1089 1469 1232 1504 modum
1258 1470 1293 1503 in
1313 1465 1532 1502 dissentientes
1557 1467 1574 1501 a
1601 1469 1629 1502 se
1664 1467 1822 1503 conviciis
1833 1492 1844 1508 ,

1089 1532 1174 1566 quos
1183 1520 1254 1554 vult
1258 1516 1435 1566 semidoilm
1437 1514 1671 1567 simitheologos,
1673 1514 1847 1564 semihomi-

1089 1583 1139 1603 nes
1148 1593 1159 1610 ,
1172 1581 1254 1602 veros
1264 1569 1351 1611 cfinos
1360 1577 1495 1601 extrema
1515 1565 1553 1600 ὠ·
1563 1566 1673 1614 insanire
1686 1564 1725 1600 ἅ*
1732 1566 1848 1612 imperi-

1090 1619 1137 1653 tiae
1149 1646 1159 1660 ,
1172 1630 1242 1653 non
1251 1615 1326 1651 sunt
1338 1615 1552 1651 mensuranda
1564 1616 1706 1650 maxima
1715 1616 1849 1663 ingenia

1092 1667 1269 1703 secundum
1290 1679 1410 1713 pauca,
1436 1669 1468 1700 &
1489 1665 1601 1700 brevia
1630 1666 1848 1700 humanarum

1093 1716 1272 1765 passionum
1284 1716 1463 1756 intervalla;
1475 1713 1625 1763 profesto
1635 1712 1763 1762 Ioftphus
1773 1718 1851 1749 Sca-

1091 1768 1163 1821 ltger
1178 1779 1217 1801 ex
1232 1766 1299 1800 istis
1315 1765 1410 1799 asinis
1429 1768 1461 1799 &
1481 1763 1729 1813 semirheologis
1747 1763 1850 1813 quos—-

1091 1818 1164 1852 dam
1181 1815 1307 1864 praefert
1325 1814 1481 1850 omnibus
1500 1815 1686 1863 Theologis
1702 1816 1760 1862 qui
1776 1813 1849 1862 post

1095 1867 1274 1915 Apostolos
1296 1867 1471 1905 vixerunt,
1504 1865 1655 1912 intelligo
1673 1865 1850 1910 Franciftum

1098 1918 1211 1952 Iunium
1223 1940 1232 1956 ‚
1258 1915 1314 1964 qui
1332 1925 1446 1949 contra
1464 1913 1673 1949 Bellarminum
1694 1913 1733 1947 de
1745 1912 1849 1947 verbo

1094 1965 1267 2002 Deiliba..
1285 1977 1355 2012 cap.
1370 1976 1401 1998 1.
1425 1974 1520 1998 notat
1530 1963 1685 2012 dogmata
1696 1963 1751 1997 illa
1760 1961 1799 1996 de
1810 1962 1854 1994 li-

1093 2018 1167 2052 teris
1176 2014 1388 2051 samaritanis
1399 2017 1431 2048 &
1446 2011 1710 2060 Hebraeisfabulas
1725 2012 1777 2054 esse
1786 2024 1852 2045 me-

1091 2066 1121 2102 re*
1131 2065 1275 2107 Milefias.
1301 2065 1483 2111 Utcunque
1499 2064 1534 2097 in
1552 2061 1696 2114 Scaligero
1715 2061 1854 2107 praeteri-

1094 2128 1167 2152 mus
1184 2116 1276 2150 duras
1292 2115 1391 2148 nimis
1404 2111 1591 2157 hujusmodi
1609 2112 1774 2148 censuras,
1799 2119 1852 2142 ta-

1094 2179 1171 2201 men
1191 2166 1225 2199 in
1242 2162 1359 2211 Capeuo
1380 2166 1412 2196 &
1429 2161 1587 2196 VValtono
1596 2169 1663 2193 rron
1674 2169 1742 2192 tam
1753 2170 1851 2205 aequo

1094 2216 1209 2248 animo
1220 2212 1364 2246 ferimus,
1374 2208 1462 2243 certe
1471 2209 1600 2255 CapeHus
1612 2206 1688 2242 cum
1697 2208 1776 2242 totis
1786 2207 1852 2241 suis

1094 2261 1216 2297 viribus
1228 2270 1343 2293 contra
1352 2257 1537 2302 Buxtorfium
1547 2257 1658 2306 egiss'et
1671 2282 1680 2297 ,
1696 2268 1763 2292 tarn
1774 2269 1853 2304 pau-

1093 2323 1129 2344 ca
1139 2309 1264 2345 &levia
1278 2309 1389 2341 attulit
1403 2331 1413 2343 ‚
1431 2316 1467 2340 ut
1478 2321 1530 2343 me
1541 2310 1625 2354 prius
1636 2306 1852 2341 fluetuantem

1095 2361 1128 2394 in
1139 2358 1333 2394 sententiam
1354 2358 1564 2392 Contrariam
1578 2358 1719 2391 omnino
1731 2367 1855 2403 propu-

1095 2409 1176 2443 lerit.
1211 2405 1384 2442 VValtonus
1394 2405 1465 2453 post
1481 2405 1628 2455 Capellam
1645 2405 1757 2440 serram
1769 2404 1854 2440 hanc

1097 2459 1284 2505 reciprocat,
1296 2455 1377 2492 serie>
1389 2460 1423 2490 &
1436 2455 1572 2492 nervose
1583 2456 1748 2502 Proleg03.
1762 2466 1854 2488 num.

1101 2511 1199 2552 29.&
1211 2505 1274 2554 seq.
1286 2505 1390 2553 ipsum
1405 2507 1534 2540 animus
1545 2504 1589 2539 est
1600 2503 1681 2539 κατά
1692 2504 1785 2538 πάθας
1797 2500 1850 2536 se-

1099 2558 1176 2604 qui,
1187 2566 1345 2603 quantum
1360 2555 1399 2590 ad
1409 2554 1618 2602 quaestionem
1630 2562 1783 2600 putavere
1793 2564 1853 2586 ne-

1101 2605 1277 2643 cessarium.

1149 2655 1292 2689 Primum
1303 2652 1397 2701 quod
1406 2665 1466 2700 pro
1478 2651 1527 2686 sua
1539 2650 1692 2686 sententia
1704 2649 1795 2686 affert·
1805 2663 1850 2684 ar-

1102 2713 1298 2753 gumentum
1310 2717 1348 2738 ex
1358 2701 1513 2753 Scaligero‚
1522 2701 1586 2736 hoc
1598 2701 1652 2738 est.
1665 2704 1781 2736 Vetera
1793 2707 1851 2734 nu.-

1103 2753 1250 2788 mismata
1259 2753 1414 2800 temporis
1428 2750 1588 2785 Solomonis
1601 2751 1672 2786 cusa
1688 2750 1854 2796 inscriptas

1103 2802 1267 2837 habebant
1279 2803 1386 2837 literas
1397 2802 1622 2836 samarita-nas,
1632 2811 1699 2833 non
1709 2797 1784 2834 vero
1796 2798 1856 2833 lio-

1103 2853 1228 2887 diernas
1243 2852 1413 2891 chraeas,
1437 2848 1632 2898 Ergoliterae
1649 2849 1853 2884 Samaritanae

1105 2914 1173 2936 non
1193 2901 1358 2936 hodiernae
1377 2900 1518 2934 Hebraeae
1541 2897 1748 2944 temporibus
1769 2898 1853 2932 Solo-

1103 2950 1194 2985 monis
1213 2952 1247 2983 in
1264 2949 1321 2984 usu
1337 2949 1420 2996 apud
1438 2948 1589 2981 Israelitas
1609 2958 1711 2982 crant.
1745 2950 1855 2995 Argu.

1106 3010 1254 3034 mentum
1267 2998 1330 3032 hoc
1345 2997 1516 3032 VValtonus
1535 2994 1623 3030 tant&
1640 2999 1711 3032 luce
1722 2999 1855 3045 plenum

1107 3049 1315 3097 pronunciat,
1341 3057 1376 3080 ut
1396 3059 1496 3080 nemo
1516 3046 1572 3080 nisi
1588 3044 1709 3085 luscus,
1729 3059 1782 3081 aut
1796 3048 1855 3094 qui

1107 3100 1224 3133 oculos
1246 3096 1364 3132 claudit
1379 3096 1539 3130 diss'cnrire
1560 3095 1668 3142 possit.
1696 3095 1796 3143 Resp.
1826 3107 1856 3128 1.

1108 3151 1197 3182 Dura
1216 3147 1310 3181 verba
1332 3150 1363 3180 &
1383 3146 1619 3180 contumeliosa
1639 3146 1721 3180 nihil
1740 3144 1854 3180 addere

1106 3199 1225 3235 virium
1235 3198 1385 3244 cuiquam
1400 3207 1606 3242 argumento.

1735 3242 1851 3274 Secun-

1863 1411 1987 1451 Scaliger?

1864 1455 1994 1483 temeritas.

1869 2657 1990 2697 &uran-

1870 2707 1909 2726 tur
1919 2697 2004 2726 VVal-

1872 2741 1924 2766 roni
1933 2748 2008 2776 argu-

1873 2788 1959 2808 menta.
