<?xml version="1.0" encoding="UTF-8"?>
<!DOCTYPE html PUBLIC "-//W3C//DTD XHTML 1.0 Transitional//EN"
    "http://www.w3.org/TR/xhtml1/DTD/xhtml1-transitional.dtd">
<html xmlns="http://www.w3.org/1999/xhtml" xml:lang="en" lang="en">
 <head>
  <title>
</title>
<meta http-equiv="Content-Type" content="text/html;charset=utf-8" />
  <meta name='ocr-system' content='tesseract 3.04.00' />
  <meta name='ocr-capabilities' content='ocr_page ocr_carea ocr_par ocr_line ocrx_word'/>
</head>
<body>
  <div class='ocr_page' id='page_1' title='image "./operishistoricie00bail_0049.png"; bbox 0 0 2048 3343; ppageno 0'>
   <div class='ocr_carea' id='block_1_1' title="bbox 450 69 1260 109">
    <p class='ocr_par' dir='ltr' id='par_1_1' title="bbox 450 69 1260 109">
     <span class='ocr_line' id='line_1_1' title="bbox 450 69 1260 109; baseline -0.001 -1"><span class='ocrx_word' id='word_1_1' title='bbox 450 78 516 108; x_wconf 75' lang='lat' dir='ltr'>ET</span> <span class='ocrx_word' id='word_1_2' title='bbox 572 69 1260 109; x_wconf 65' lang='lat' dir='ltr'>cnnouotocxet</span> 
     </span>
    </p>
   </div>
   <div class='ocr_carea' id='block_1_2' title="bbox 181 139 942 539">
    <p class='ocr_par' dir='ltr' id='par_1_2' title="bbox 181 139 942 539">
     <span class='ocr_line' id='line_1_2' title="bbox 182 139 937 201; baseline -0.016 -14"><span class='ocrx_word' id='word_1_3' title='bbox 182 149 326 201; x_wconf 74' lang='lat' dir='ltr'>pbm&#39;mo,</span> <span class='ocrx_word' id='word_1_4' title='bbox 345 144 386 182; x_wconf 82' lang='lat' dir='ltr'>fic</span> <span class='ocrx_word' id='word_1_5' title='bbox 406 145 493 180; x_wconf 88' lang='lat' dir='ltr'>enim</span> <span class='ocrx_word' id='word_1_6' title='bbox 511 143 558 178; x_wconf 92' lang='lat' dir='ltr'>ibi</span> <span class='ocrx_word' id='word_1_7' title='bbox 578 155 722 178; x_wconf 81' lang='lat' dir='ltr'>narratur</span> <span class='ocrx_word' id='word_1_8' title='bbox 737 139 846 190; x_wconf 74' lang='lat' dir='ltr'>Ioftphi</span> <span class='ocrx_word' id='word_1_9' title='bbox 863 154 937 189; x_wconf 89' lang='lat' dir='ltr'>pro-</span> 
     </span>
     <span class='ocr_line' id='line_1_3' title="bbox 184 187 938 251; baseline -0.019 -15"><span class='ocrx_word' id='word_1_10' title='bbox 184 201 308 251; x_wconf 79' lang='lat' dir='ltr'>genieS.</span> <span class='ocrx_word' id='word_1_11' title='bbox 346 194 521 243; x_wconf 70' lang='lat' dir='ltr'>Ephraimus</span> <span class='ocrx_word' id='word_1_12' title='bbox 551 195 667 241; x_wconf 79' lang='lat' dir='ltr'>genuit</span> <span class='ocrx_word' id='word_1_13' title='bbox 711 187 910 225; x_wconf 66' lang='lat' dir='ltr'>sceatelaclmm</span> <span class='ocrx_word' id='word_1_14' title='bbox 929 214 938 229; x_wconf 81' lang='lat'><em>‚</em></span> 
     </span>
     <span class='ocr_line' id='line_1_4' title="bbox 183 238 940 286; baseline -0.016 -2"><span class='ocrx_word' id='word_1_15' title='bbox 183 242 388 286; x_wconf 79' lang='lat' dir='ltr'>Schutelaclms</span> <span class='ocrx_word' id='word_1_16' title='bbox 409 241 587 279; x_wconf 71' lang='lat' dir='ltr'>Bemhedum</span> <span class='ocrx_word' id='word_1_17' title='bbox 600 266 610 282; x_wconf 88' lang='lat'>,</span> <span class='ocrx_word' id='word_1_18' title='bbox 637 239 799 276; x_wconf 79' lang='lat' dir='ltr'>Bmhedus</span> <span class='ocrx_word' id='word_1_19' title='bbox 822 238 940 279; x_wconf 56' lang='lat' dir='ltr'>Tachas-</span> 
     </span>
     <span class='ocr_line' id='line_1_5' title="bbox 182 286 942 338; baseline -0.014 -4"><span class='ocrx_word' id='word_1_20' title='bbox 182 290 417 338; x_wconf 49' lang='lat' dir='ltr'>cunissTachacus</span> <span class='ocrx_word' id='word_1_21' title='bbox 431 293 554 329; x_wconf 72' lang='lat' dir='ltr'>Eladam</span> <span class='ocrx_word' id='word_1_22' title='bbox 565 316 574 331; x_wconf 91' lang='lat'><strong>‚</strong></span> <span class='ocrx_word' id='word_1_23' title='bbox 597 290 706 324; x_wconf 74' lang='lat' dir='ltr'>Eladas</span> <span class='ocrx_word' id='word_1_24' title='bbox 717 286 881 324; x_wconf 66' lang='lat' dir='ltr'>Tachacmn</span> <span class='ocrx_word' id='word_1_25' title='bbox 894 288 942 324; x_wconf 66' lang='grc' dir='ltr'>Γα-</span> 
     </span>
     <span class='ocr_line' id='line_1_6' title="bbox 182 338 942 384; baseline -0.014 0"><span class='ocrx_word' id='word_1_26' title='bbox 182 347 325 384; x_wconf 86' lang='lat' dir='ltr'>cundum</span> <span class='ocrx_word' id='word_1_27' title='bbox 339 372 347 384; x_wconf 88' lang='lat'>‚</span> <span class='ocrx_word' id='word_1_28' title='bbox 363 340 510 380; x_wconf 63' lang='lat' dir='ltr'>Tachacus</span> <span class='ocrx_word' id='word_1_29' title='bbox 527 340 684 375; x_wconf 67' lang='lat' dir='ltr'>secundus</span> <span class='ocrx_word' id='word_1_30' title='bbox 697 338 842 374; x_wconf 74' lang='lat' dir='ltr'>Labadam</span> <span class='ocrx_word' id='word_1_31' title='bbox 853 363 862 378; x_wconf 86' lang='lat'><strong>‚</strong></span> <span class='ocrx_word' id='word_1_32' title='bbox 878 342 942 373; x_wconf 80' lang='lat' dir='ltr'>La-</span> 
     </span>
     <span class='ocr_line' id='line_1_7' title="bbox 181 386 938 433; baseline -0.011 0"><span class='ocrx_word' id='word_1_33' title='bbox 181 396 269 433; x_wconf 72' lang='lat' dir='ltr'>badas</span> <span class='ocrx_word' id='word_1_34' title='bbox 294 389 516 429; x_wconf 74' lang='lat' dir='ltr'>Schuselachum</span> <span class='ocrx_word' id='word_1_35' title='bbox 551 390 727 425; x_wconf 83' lang='lat' dir='ltr'>secundum</span> <span class='ocrx_word' id='word_1_36' title='bbox 764 392 797 423; x_wconf 90' lang='lat'>&amp;</span> <span class='ocrx_word' id='word_1_37' title='bbox 825 386 938 425; x_wconf 80' lang='lat' dir='ltr'>fratres</span> 
     </span>
     <span class='ocr_line' id='line_1_8' title="bbox 182 438 940 496; baseline -0.011 -14"><span class='ocrx_word' id='word_1_38' title='bbox 182 460 267 496; x_wconf 90' lang='lat' dir='ltr'>quos</span> <span class='ocrx_word' id='word_1_39' title='bbox 278 442 424 480; x_wconf 69' lang='lat' dir='ltr'>occidere</span> <span class='ocrx_word' id='word_1_40' title='bbox 435 438 546 476; x_wconf 69' lang='lat' dir='ltr'>Gathaei</span> <span class='ocrx_word' id='word_1_41' title='bbox 554 464 564 480; x_wconf 91' lang='lat'>,</span> <span class='ocrx_word' id='word_1_42' title='bbox 589 452 664 473; x_wconf 85' lang='lat' dir='ltr'>cum</span> <span class='ocrx_word' id='word_1_43' title='bbox 678 438 818 486; x_wconf 85' lang='lat' dir='ltr'>ipsorum</span> <span class='ocrx_word' id='word_1_44' title='bbox 828 451 867 473; x_wconf 73' lang='lat' dir='ltr'>eit</span> <span class='ocrx_word' id='word_1_45' title='bbox 883 443 940 474; x_wconf 83' lang='lat' dir='ltr'>Pa-</span> 
     </span>
     <span class='ocr_line' id='line_1_9' title="bbox 181 487 940 539; baseline -0.012 -7"><span class='ocrx_word' id='word_1_46' title='bbox 181 493 293 533; x_wconf 70' lang='lat' dir='ltr'>lestinii</span> <span class='ocrx_word' id='word_1_47' title='bbox 303 494 406 528; x_wconf 88' lang='lat' dir='ltr'>boves</span> <span class='ocrx_word' id='word_1_48' title='bbox 415 501 574 539; x_wconf 68' lang='lat' dir='ltr'>raperent</span> <span class='ocrx_word' id='word_1_49' title='bbox 589 490 663 523; x_wconf 87' lang='lat' dir='ltr'>Hos</span> <span class='ocrx_word' id='word_1_50' title='bbox 673 502 749 523; x_wconf 89' lang='lat' dir='ltr'>cum</span> <span class='ocrx_word' id='word_1_51' title='bbox 759 487 885 524; x_wconf 78' lang='lat' dir='ltr'>luxisset</span> <span class='ocrx_word' id='word_1_52' title='bbox 900 492 940 523; x_wconf 88' lang='grc' dir='ltr'>Ε-</span> 
     </span>
    </p>
   </div>
   <div class='ocr_carea' id='block_1_3' title="bbox 1323 66 1749 123">
    <p class='ocr_par' dir='ltr' id='par_1_3' title="bbox 1323 66 1749 123">
     <span class='ocr_line' id='line_1_10' title="bbox 1323 66 1749 123; baseline -0.002 -13"><span class='ocrx_word' id='word_1_53' title='bbox 1323 66 1507 111; x_wconf 70' lang='lat' dir='ltr'>L1n.1.</span> <span class='ocrx_word' id='word_1_54' title='bbox 1699 83 1749 123; x_wconf 70' lang='lat'>19</span> 
     </span>
    </p>
   </div>
   <div class='ocr_carea' id='block_1_4' title="bbox 987 139 1889 509">
    <p class='ocr_par' dir='ltr' id='par_1_4' title="bbox 987 139 1746 276">
     <span class='ocr_line' id='line_1_11' title="bbox 987 139 1744 195; baseline 0.009 -19"><span class='ocrx_word' id='word_1_55' title='bbox 987 142 1080 176; x_wconf 83' lang='lat' dir='ltr'>timis</span> <span class='ocrx_word' id='word_1_56' title='bbox 1090 145 1182 177; x_wconf 79' lang='lat' dir='ltr'>annis</span> <span class='ocrx_word' id='word_1_57' title='bbox 1202 139 1218 175; x_wconf 72' lang='grc' dir='ltr'>ὲ</span> <span class='ocrx_word' id='word_1_58' title='bbox 1237 143 1410 191; x_wconf 83' lang='lat' dir='ltr'>superioris</span> <span class='ocrx_word' id='word_1_59' title='bbox 1428 148 1501 181; x_wconf 85' lang='lat' dir='ltr'>vitae</span> <span class='ocrx_word' id='word_1_60' title='bbox 1520 148 1670 195; x_wconf 87' lang='lat' dir='ltr'>procellis</span> <span class='ocrx_word' id='word_1_61' title='bbox 1686 148 1744 183; x_wconf 82' lang='lat' dir='ltr'>ab·</span> 
     </span>
     <span class='ocr_line' id='line_1_12' title="bbox 989 193 1746 246; baseline 0.012 -21"><span class='ocrx_word' id='word_1_62' title='bbox 989 193 1075 226; x_wconf 88' lang='lat' dir='ltr'>unde</span> <span class='ocrx_word' id='word_1_63' title='bbox 1099 202 1259 227; x_wconf 81' lang='lat' dir='ltr'>recreatus</span> <span class='ocrx_word' id='word_1_64' title='bbox 1278 216 1288 230; x_wconf 84' lang='lat'><em>,</em></span> <span class='ocrx_word' id='word_1_65' title='bbox 1325 197 1358 229; x_wconf 88' lang='lat' dir='ltr'>in</span> <span class='ocrx_word' id='word_1_66' title='bbox 1386 196 1519 244; x_wconf 77' lang='lat' dir='ltr'><strong>josephi</strong></span> <span class='ocrx_word' id='word_1_67' title='bbox 1545 198 1614 234; x_wconf 77' lang='lat' dir='ltr'>sinu</span> <span class='ocrx_word' id='word_1_68' title='bbox 1651 199 1746 246; x_wconf 86' lang='lat' dir='ltr'>expi-</span> 
     </span>
     <span class='ocr_line' id='line_1_13' title="bbox 989 253 1080 276; baseline 0.022 -2"><span class='ocrx_word' id='word_1_69' title='bbox 989 253 1080 276; x_wconf 85' lang='lat' dir='ltr'>tavit.</span> 
     </span>
    </p>

    <p class='ocr_par' dir='ltr' id='par_1_5' title="bbox 988 288 1889 509">
     <span class='ocr_line' id='line_1_14' title="bbox 1039 288 1889 345; baseline 0.008 -20"><span class='ocrx_word' id='word_1_70' title='bbox 1039 288 1163 325; x_wconf 68' lang='lat' dir='ltr'>Verum</span> <span class='ocrx_word' id='word_1_71' title='bbox 1177 290 1288 336; x_wconf 76' lang='lat' dir='ltr'>Isaacur</span> <span class='ocrx_word' id='word_1_72' title='bbox 1298 288 1470 325; x_wconf 62' lang='lat' dir='ltr'>defunetus</span> <span class='ocrx_word' id='word_1_73' title='bbox 1488 296 1521 329; x_wconf 84' lang='lat' dir='ltr'>in</span> <span class='ocrx_word' id='word_1_74' title='bbox 1531 290 1744 343; x_wconf 63' lang='lat' dir='ltr'>pueritifima·</span> <span class='ocrx_word' id='word_1_75' title='bbox 1763 308 1889 345; x_wconf 47' lang='lat' dir='ltr'>[samse.</span> 
     </span>
     <span class='ocr_line' id='line_1_15' title="bbox 988 338 1881 392; baseline 0.006 -20"><span class='ocrx_word' id='word_1_76' title='bbox 988 338 1082 374; x_wconf 87' lang='lat' dir='ltr'>ledici</span> <span class='ocrx_word' id='word_1_77' title='bbox 1096 339 1201 375; x_wconf 87' lang='lat' dir='ltr'>fratris</span> <span class='ocrx_word' id='word_1_78' title='bbox 1218 340 1478 380; x_wconf 82' lang='lat' dir='ltr'>scommatibus,</span> <span class='ocrx_word' id='word_1_79' title='bbox 1507 349 1538 378; x_wconf 68' lang='grc' dir='ltr'>δι</span> <span class='ocrx_word' id='word_1_80' title='bbox 1551 344 1639 392; x_wconf 90' lang='lat' dir='ltr'>quod</span> <span class='ocrx_word' id='word_1_81' title='bbox 1656 345 1742 388; x_wconf 86' lang='lat' dir='ltr'>inju·</span> <span class='ocrx_word' id='word_1_82' title='bbox 1763 360 1819 376; x_wconf 78' lang='lat' dir='ltr'>rena</span> <span class='ocrx_word' id='word_1_83' title='bbox 1829 349 1881 378; x_wconf 73' lang='lat' dir='ltr'>dies</span> 
     </span>
     <span class='ocr_line' id='line_1_16' title="bbox 989 388 1880 439; baseline 0.003 -17"><span class='ocrx_word' id='word_1_84' title='bbox 989 400 1120 423; x_wconf 81' lang='lat' dir='ltr'>ventute</span> <span class='ocrx_word' id='word_1_85' title='bbox 1136 388 1260 437; x_wconf 70' lang='lat' dir='ltr'>apatris</span> <span class='ocrx_word' id='word_1_86' title='bbox 1273 391 1381 424; x_wconf 88' lang='lat' dir='ltr'>cultro</span> <span class='ocrx_word' id='word_1_87' title='bbox 1404 391 1601 427; x_wconf 72' lang='lat' dir='ltr'>imminebat</span> <span class='ocrx_word' id='word_1_88' title='bbox 1621 395 1743 439; x_wconf 83' lang='lat' dir='ltr'>pericu·</span> <span class='ocrx_word' id='word_1_89' title='bbox 1764 393 1791 418; x_wconf 74' lang='lat' dir='ltr'>in</span> <span class='ocrx_word' id='word_1_90' title='bbox 1800 390 1880 425; x_wconf 66' lang='lat' dir='ltr'>olscu-</span> 
     </span>
     <span class='ocr_line' id='line_1_17' title="bbox 989 438 1885 509; baseline 0.006 -36"><span class='ocrx_word' id='word_1_91' title='bbox 989 440 1046 475; x_wconf 85' lang='lat' dir='ltr'>lo‚</span> <span class='ocrx_word' id='word_1_92' title='bbox 1073 438 1112 473; x_wconf 84' lang='lat' dir='ltr'>ad</span> <span class='ocrx_word' id='word_1_93' title='bbox 1133 438 1418 487; x_wconf 79' lang='lat' dir='ltr'>quadragesimum</span> <span class='ocrx_word' id='word_1_94' title='bbox 1445 442 1529 489; x_wconf 81' lang='lat' dir='ltr'>apud</span> <span class='ocrx_word' id='word_1_95' title='bbox 1556 452 1679 488; x_wconf 82' lang='lat' dir='ltr'>patrem</span> <span class='ocrx_word' id='word_1_96' title='bbox 1712 445 1745 476; x_wconf 91' lang='lat' dir='ltr'>in</span> <span class='ocrx_word' id='word_1_97' title='bbox 1764 442 1885 509; x_wconf 44' lang='grc' dir='ltr'>’ἒῖἰηῗῇί</span> 
     </span>
    </p>
   </div>
   <div class='ocr_carea' id='block_1_5' title="bbox 989 487 1803 542">
    <p class='ocr_par' dir='ltr' id='par_1_6' title="bbox 989 487 1803 542">
     <span class='ocr_line' id='line_1_18' title="bbox 989 487 1803 542; baseline 0.005 -20"><span class='ocrx_word' id='word_1_98' title='bbox 989 487 1121 522; x_wconf 81' lang='lat' dir='ltr'>summis</span> <span class='ocrx_word' id='word_1_99' title='bbox 1135 490 1255 536; x_wconf 88' lang='lat' dir='ltr'>opibus</span> <span class='ocrx_word' id='word_1_100' title='bbox 1265 487 1398 522; x_wconf 84' lang='lat' dir='ltr'>floruit:</span> <span class='ocrx_word' id='word_1_101' title='bbox 1424 499 1503 526; x_wconf 90' lang='lat' dir='ltr'>tunc</span> <span class='ocrx_word' id='word_1_102' title='bbox 1516 491 1635 539; x_wconf 86' lang='lat' dir='ltr'>absque</span> <span class='ocrx_word' id='word_1_103' title='bbox 1653 503 1745 525; x_wconf 84' lang='lat' dir='ltr'>omni</span> <span class='ocrx_word' id='word_1_104' title='bbox 1764 516 1803 542; x_wconf 59' lang='lat' dir='ltr'>,m</span> 
     </span>
    </p>
   </div>
   <div class='ocr_carea' id='block_1_6' title="bbox 990 533 1811 580">
    <p class='ocr_par' dir='ltr' id='par_1_7' title="bbox 990 533 1811 580">
     <span class='ocr_line' id='line_1_19' title="bbox 990 533 1811 580; baseline 0.002 -8"><span class='ocrx_word' id='word_1_105' title='bbox 990 536 1169 573; x_wconf 86' lang='lat' dir='ltr'>suolaborc</span> <span class='ocrx_word' id='word_1_106' title='bbox 1182 537 1309 572; x_wconf 76' lang='lat' dir='ltr'><em>Rebecca</em></span> <span class='ocrx_word' id='word_1_107' title='bbox 1321 538 1537 580; x_wconf 79' lang='lat' dir='ltr'>nobiliffima,</span> <span class='ocrx_word' id='word_1_108' title='bbox 1559 540 1749 576; x_wconf 74' lang='lat' dir='ltr'>tormofiffi-</span> <span class='ocrx_word' id='word_1_109' title='bbox 1805 533 1811 540; x_wconf 54' lang='lat'>⁸</span> 
     </span>
    </p>
   </div>
   <div class='ocr_carea' id='block_1_7' title="bbox 176 539 945 1717">
    <p class='ocr_par' dir='ltr' id='par_1_8' title="bbox 176 539 945 1717">
     <span class='ocr_line' id='line_1_20' title="bbox 176 539 941 596; baseline -0.009 -16"><span class='ocrx_word' id='word_1_110' title='bbox 176 543 291 596; x_wconf 77' lang='lat' dir='ltr'>pbraim</span> <span class='ocrx_word' id='word_1_111' title='bbox 304 542 412 592; x_wconf 67' lang='lat' dir='ltr'>postea</span> <span class='ocrx_word' id='word_1_112' title='bbox 422 545 538 590; x_wconf 85' lang='lat' dir='ltr'>genuit</span> <span class='ocrx_word' id='word_1_113' title='bbox 551 539 666 574; x_wconf 68' lang='lat' dir='ltr'>Beriam</span> <span class='ocrx_word' id='word_1_114' title='bbox 677 540 709 574; x_wconf 88' lang='lat' dir='ltr'>in</span> <span class='ocrx_word' id='word_1_115' title='bbox 724 539 869 574; x_wconf 61' lang='lat' dir='ltr'>extrem&amp;</span> <span class='ocrx_word' id='word_1_116' title='bbox 882 563 891 576; x_wconf 89' lang='lat'>,</span> <span class='ocrx_word' id='word_1_117' title='bbox 906 550 941 573; x_wconf 88' lang='lat' dir='ltr'>ut</span> 
     </span>
     <span class='ocr_line' id='line_1_21' title="bbox 181 588 942 636; baseline -0.012 -5"><span class='ocrx_word' id='word_1_118' title='bbox 181 596 325 635; x_wconf 82' lang='lat' dir='ltr'>videtur,</span> <span class='ocrx_word' id='word_1_119' title='bbox 346 592 507 627; x_wconf 64' lang='lat' dir='ltr'>senectute</span> <span class='ocrx_word' id='word_1_120' title='bbox 522 615 531 628; x_wconf 77' lang='lat'>.</span> <span class='ocrx_word' id='word_1_121' title='bbox 552 595 629 624; x_wconf 79' lang='lat' dir='ltr'>nam</span> <span class='ocrx_word' id='word_1_122' title='bbox 642 589 786 636; x_wconf 82' lang='lat' dir='ltr'>suppone</span> <span class='ocrx_word' id='word_1_123' title='bbox 803 588 942 636; x_wconf 84' lang='lat' dir='ltr'>fingulas</span> 
     </span>
     <span class='ocr_line' id='line_1_22' title="bbox 179 635 940 689; baseline -0.014 -8"><span class='ocrx_word' id='word_1_124' title='bbox 179 645 309 682; x_wconf 80' lang='lat' dir='ltr'>istarum</span> <span class='ocrx_word' id='word_1_125' title='bbox 336 643 414 677; x_wconf 69' lang='lat' dir='ltr'>oeto</span> <span class='ocrx_word' id='word_1_126' title='bbox 443 640 695 689; x_wconf 80' lang='lat' dir='ltr'>generationum</span> <span class='ocrx_word' id='word_1_127' title='bbox 721 636 818 672; x_wconf 54' lang='lat' dir='ltr'>faustas</span> <span class='ocrx_word' id='word_1_128' title='bbox 844 635 940 684; x_wconf 65' lang='lat' dir='ltr'>quam</span> 
     </span>
     <span class='ocr_line' id='line_1_23' title="bbox 181 689 942 741; baseline -0.011 -12"><span class='ocrx_word' id='word_1_129' title='bbox 181 695 248 731; x_wconf 84' lang='lat' dir='ltr'>fieti</span> <span class='ocrx_word' id='word_1_130' title='bbox 262 694 372 741; x_wconf 90' lang='lat' dir='ltr'>potuit</span> <span class='ocrx_word' id='word_1_131' title='bbox 385 689 522 729; x_wconf 72' lang='lat' dir='ltr'>mature,</span> <span class='ocrx_word' id='word_1_132' title='bbox 537 691 630 737; x_wconf 80' lang='lat' dir='ltr'>gigni</span> <span class='ocrx_word' id='word_1_133' title='bbox 643 699 753 722; x_wconf 87' lang='lat' dir='ltr'>tamen</span> <span class='ocrx_word' id='word_1_134' title='bbox 765 689 942 721; x_wconf 72' lang='lat' dir='ltr'>Beriasnon</span> 
     </span>
     <span class='ocr_line' id='line_1_24' title="bbox 181 735 945 793; baseline -0.01 -13"><span class='ocrx_word' id='word_1_135' title='bbox 181 745 291 793; x_wconf 86' lang='lat' dir='ltr'>potuit</span> <span class='ocrx_word' id='word_1_136' title='bbox 317 741 388 791; x_wconf 86' lang='lat' dir='ltr'>post</span> <span class='ocrx_word' id='word_1_137' title='bbox 407 735 631 774; x_wconf 76' lang='lat' dir='ltr'>Schmelachum</span> <span class='ocrx_word' id='word_1_138' title='bbox 650 737 824 772; x_wconf 78' lang='lat' dir='ltr'>secundum</span> <span class='ocrx_word' id='word_1_139' title='bbox 837 763 846 776; x_wconf 93' lang='lat'>,</span> <span class='ocrx_word' id='word_1_140' title='bbox 871 748 945 772; x_wconf 89' lang='lat' dir='ltr'>ante</span> 
     </span>
     <span class='ocr_line' id='line_1_25' title="bbox 181 785 943 842; baseline -0.012 -12"><span class='ocrx_word' id='word_1_141' title='bbox 181 792 335 842; x_wconf 76' lang='lat' dir='ltr'>Ephraimi</span> <span class='ocrx_word' id='word_1_142' title='bbox 349 803 472 826; x_wconf 87' lang='lat' dir='ltr'>annum</span> <span class='ocrx_word' id='word_1_143' title='bbox 490 785 738 836; x_wconf 80' lang='lat' dir='ltr'>nonagesimum</span> <span class='ocrx_word' id='word_1_144' title='bbox 750 810 760 826; x_wconf 89' lang='lat'>,</span> <span class='ocrx_word' id='word_1_145' title='bbox 777 788 822 820; x_wconf 88' lang='lat' dir='ltr'>ita</span> <span class='ocrx_word' id='word_1_146' title='bbox 835 797 871 820; x_wconf 92' lang='lat' dir='ltr'>ut</span> <span class='ocrx_word' id='word_1_147' title='bbox 882 801 943 822; x_wconf 88' lang='lat' dir='ltr'>no—</span> 
     </span>
     <span class='ocr_line' id='line_1_26' title="bbox 180 833 944 885; baseline -0.01 -6"><span class='ocrx_word' id='word_1_148' title='bbox 180 857 255 879; x_wconf 90' lang='lat' dir='ltr'>vem</span> <span class='ocrx_word' id='word_1_149' title='bbox 272 842 289 877; x_wconf 64' lang='lat' dir='ltr'>a</span> <span class='ocrx_word' id='word_1_150' title='bbox 309 840 395 876; x_wconf 74' lang='lat' dir='ltr'>Beria&#39;</span> <span class='ocrx_word' id='word_1_151' title='bbox 413 840 453 875; x_wconf 86' lang='lat' dir='ltr'>ad</span> <span class='ocrx_word' id='word_1_152' title='bbox 473 833 581 881; x_wconf 55' lang='lat' dir='ltr'>losum)-</span> <span class='ocrx_word' id='word_1_153' title='bbox 608 836 874 885; x_wconf 78' lang='lat' dir='ltr'>generationibus</span> <span class='ocrx_word' id='word_1_154' title='bbox 896 849 944 871; x_wconf 90' lang='lat' dir='ltr'>re-</span> 
     </span>
     <span class='ocr_line' id='line_1_27' title="bbox 180 888 944 940; baseline -0.013 -11"><span class='ocrx_word' id='word_1_155' title='bbox 180 896 374 940; x_wconf 80' lang='lat' dir='ltr'>linquantur</span> <span class='ocrx_word' id='word_1_156' title='bbox 394 893 446 926; x_wconf 87' lang='lat' dir='ltr'>vix</span> <span class='ocrx_word' id='word_1_157' title='bbox 459 890 630 936; x_wconf 58' lang='lat' dir='ltr'>octoginta</span> <span class='ocrx_word' id='word_1_158' title='bbox 649 899 725 922; x_wconf 84' lang='lat' dir='ltr'>anm</span> <span class='ocrx_word' id='word_1_159' title='bbox 741 911 750 925; x_wconf 89' lang='lat'><em>‚</em></span> <span class='ocrx_word' id='word_1_160' title='bbox 766 888 821 933; x_wconf 88' lang='lat' dir='ltr'>qni</span> <span class='ocrx_word' id='word_1_161' title='bbox 833 888 944 932; x_wconf 87' lang='lat' dir='ltr'>quavis</span> 
     </span>
     <span class='ocr_line' id='line_1_28' title="bbox 182 932 943 981; baseline -0.016 -2"><span class='ocrx_word' id='word_1_162' title='bbox 182 941 428 979; x_wconf 88' lang='lat' dir='ltr'>connubiorum</span> <span class='ocrx_word' id='word_1_163' title='bbox 447 939 635 972; x_wconf 87' lang='lat' dir='ltr'>maturitate</span> <span class='ocrx_word' id='word_1_164' title='bbox 654 940 688 969; x_wconf 73' lang='grc' dir='ltr'>δε</span> <span class='ocrx_word' id='word_1_165' title='bbox 708 932 943 981; x_wconf 54' lang='lat' dir='ltr'>praecipitantiai⁴</span> 
     </span>
     <span class='ocr_line' id='line_1_29' title="bbox 182 981 941 1035; baseline -0.016 -6"><span class='ocrx_word' id='word_1_166' title='bbox 182 995 236 1030; x_wconf 88' lang='lat' dir='ltr'>vix</span> <span class='ocrx_word' id='word_1_167' title='bbox 261 1005 297 1027; x_wconf 89' lang='lat' dir='ltr'>ac</span> <span class='ocrx_word' id='word_1_168' title='bbox 318 1004 359 1025; x_wconf 88' lang='lat' dir='ltr'>ne</span> <span class='ocrx_word' id='word_1_169' title='bbox 378 991 431 1024; x_wconf 84' lang='lat' dir='ltr'>vix</span> <span class='ocrx_word' id='word_1_170' title='bbox 450 987 583 1035; x_wconf 85' lang='lat' dir='ltr'>quidem</span> <span class='ocrx_word' id='word_1_171' title='bbox 603 984 711 1017; x_wconf 59' lang='lat' dir='ltr'>(alvari</span> <span class='ocrx_word' id='word_1_172' title='bbox 728 981 865 1029; x_wconf 77' lang='lat' dir='ltr'>possunt.</span> <span class='ocrx_word' id='word_1_173' title='bbox 889 985 941 1017; x_wconf 86' lang='lat' dir='ltr'>Sic</span> 
     </span>
     <span class='ocr_line' id='line_1_30' title="bbox 183 1030 938 1091; baseline -0.017 -13"><span class='ocrx_word' id='word_1_174' title='bbox 183 1055 263 1091; x_wconf 83' lang='lat' dir='ltr'>ergo</span> <span class='ocrx_word' id='word_1_175' title='bbox 275 1037 446 1075; x_wconf 78' lang='lat' dir='ltr'>necessario</span> <span class='ocrx_word' id='word_1_176' title='bbox 460 1033 616 1081; x_wconf 82' lang='lat' dir='ltr'>legendus</span> <span class='ocrx_word' id='word_1_177' title='bbox 630 1030 674 1064; x_wconf 91' lang='lat' dir='ltr'>est</span> <span class='ocrx_word' id='word_1_178' title='bbox 690 1030 850 1065; x_wconf 84' lang='lat' dir='ltr'>Chronici</span> <span class='ocrx_word' id='word_1_179' title='bbox 871 1042 938 1066; x_wconf 81' lang='lat' dir='ltr'>tex—</span> 
     </span>
     <span class='ocr_line' id='line_1_31' title="bbox 183 1078 941 1130; baseline -0.013 -4"><span class='ocrx_word' id='word_1_180' title='bbox 183 1103 256 1130; x_wconf 85' lang='lat' dir='ltr'>tus,</span> <span class='ocrx_word' id='word_1_181' title='bbox 273 1101 308 1124; x_wconf 93' lang='lat' dir='ltr'>ut</span> <span class='ocrx_word' id='word_1_182' title='bbox 322 1081 527 1121; x_wconf 80' lang='lat' dir='ltr'>Schutelachus</span> <span class='ocrx_word' id='word_1_183' title='bbox 537 1091 666 1115; x_wconf 85' lang='lat' dir='ltr'>tantum</span> <span class='ocrx_word' id='word_1_184' title='bbox 681 1078 718 1113; x_wconf 85' lang='lat' dir='ltr'>fit</span> <span class='ocrx_word' id='word_1_185' title='bbox 732 1093 833 1117; x_wconf 87' lang='lat' dir='ltr'>unus.</span> <span class='ocrx_word' id='word_1_186' title='bbox 851 1082 941 1130; x_wconf 88' lang='lat' dir='ltr'>isque</span> 
     </span>
     <span class='ocr_line' id='line_1_32' title="bbox 183 1127 940 1178; baseline -0.021 -1"><span class='ocrx_word' id='word_1_187' title='bbox 183 1153 253 1177; x_wconf 91' lang='lat' dir='ltr'>non</span> <span class='ocrx_word' id='word_1_188' title='bbox 274 1139 409 1171; x_wconf 64' lang='lat' dir='ltr'>octavus</span> <span class='ocrx_word' id='word_1_189' title='bbox 427 1132 478 1166; x_wconf 90' lang='lat' dir='ltr'>sed</span> <span class='ocrx_word' id='word_1_190' title='bbox 498 1132 622 1178; x_wconf 86' lang='lat' dir='ltr'>primus</span> <span class='ocrx_word' id='word_1_191' title='bbox 642 1128 683 1163; x_wconf 86' lang='lat' dir='ltr'>ab</span> <span class='ocrx_word' id='word_1_192' title='bbox 700 1127 853 1177; x_wconf 76' lang='lat' dir='ltr'>Ephraimo</span> <span class='ocrx_word' id='word_1_193' title='bbox 866 1156 875 1171; x_wconf 90' lang='lat'>‚</span> <span class='ocrx_word' id='word_1_194' title='bbox 903 1142 940 1165; x_wconf 84' lang='lat' dir='ltr'>ut</span> 
     </span>
     <span class='ocr_line' id='line_1_33' title="bbox 183 1178 940 1238; baseline -0.013 -17"><span class='ocrx_word' id='word_1_195' title='bbox 183 1191 239 1238; x_wconf 82' lang='lat' dir='ltr'>qui</span> <span class='ocrx_word' id='word_1_196' title='bbox 250 1185 320 1234; x_wconf 91' lang='lat' dir='ltr'>post</span> <span class='ocrx_word' id='word_1_197' title='bbox 331 1194 443 1218; x_wconf 90' lang='lat' dir='ltr'>natum</span> <span class='ocrx_word' id='word_1_198' title='bbox 456 1180 560 1215; x_wconf 76' lang='lat' dir='ltr'>filium</span> <span class='ocrx_word' id='word_1_199' title='bbox 575 1178 719 1213; x_wconf 83' lang='lat' dir='ltr'>Beredum</span> <span class='ocrx_word' id='word_1_200' title='bbox 738 1179 834 1215; x_wconf 69' lang='lat' dir='ltr'>caesus</span> <span class='ocrx_word' id='word_1_201' title='bbox 851 1180 887 1215; x_wconf 83' lang='lat' dir='ltr'>fit</span> <span class='ocrx_word' id='word_1_202' title='bbox 907 1184 940 1214; x_wconf 68' lang='grc' dir='ltr'>δε</span> 
     </span>
     <span class='ocr_line' id='line_1_34' title="bbox 181 1228 939 1277; baseline -0.012 -6"><span class='ocrx_word' id='word_1_203' title='bbox 181 1246 316 1273; x_wconf 88' lang='lat' dir='ltr'>mortuo</span> <span class='ocrx_word' id='word_1_204' title='bbox 325 1235 426 1268; x_wconf 84' lang='lat' dir='ltr'>etiam</span> <span class='ocrx_word' id='word_1_205' title='bbox 437 1257 445 1269; x_wconf 92' lang='lat'><strong><em>,</em></strong></span> <span class='ocrx_word' id='word_1_206' title='bbox 459 1243 493 1265; x_wconf 91' lang='lat' dir='ltr'>ut</span> <span class='ocrx_word' id='word_1_207' title='bbox 506 1230 644 1266; x_wconf 86' lang='lat' dir='ltr'>videtur,</span> <span class='ocrx_word' id='word_1_208' title='bbox 658 1241 720 1263; x_wconf 87' lang='lat' dir='ltr'>avo</span> <span class='ocrx_word' id='word_1_209' title='bbox 730 1228 854 1277; x_wconf 73' lang='lat' dir='ltr'>Ioftpho,</span> <span class='ocrx_word' id='word_1_210' title='bbox 865 1243 939 1265; x_wconf 84' lang='lat' dir='ltr'>narn</span> 
     </span>
     <span class='ocr_line' id='line_1_35' title="bbox 180 1276 940 1327; baseline -0.013 -6"><span class='ocrx_word' id='word_1_211' title='bbox 180 1289 216 1322; x_wconf 91' lang='lat' dir='ltr'>in</span> <span class='ocrx_word' id='word_1_212' title='bbox 238 1283 465 1319; x_wconf 81' lang='lat' dir='ltr'>consolatione</span> <span class='ocrx_word' id='word_1_213' title='bbox 481 1276 635 1327; x_wconf 74' lang='lat' dir='ltr'>Ephraimi</span> <span class='ocrx_word' id='word_1_214' title='bbox 653 1277 790 1314; x_wconf 83' lang='lat' dir='ltr'>fratrum</span> <span class='ocrx_word' id='word_1_215' title='bbox 811 1277 940 1315; x_wconf 70' lang='lat' dir='ltr'>tantum</span> 
     </span>
     <span class='ocr_line' id='line_1_36' title="bbox 180 1328 940 1377; baseline -0.012 -6"><span class='ocrx_word' id='word_1_216' title='bbox 180 1336 219 1371; x_wconf 86' lang='lat' dir='ltr'>fit</span> <span class='ocrx_word' id='word_1_217' title='bbox 234 1335 360 1370; x_wconf 85' lang='lat' dir='ltr'>mentio</span> <span class='ocrx_word' id='word_1_218' title='bbox 372 1357 383 1373; x_wconf 93' lang='lat'><em>‚</em></span> <span class='ocrx_word' id='word_1_219' title='bbox 401 1344 469 1366; x_wconf 89' lang='lat' dir='ltr'>non</span> <span class='ocrx_word' id='word_1_220' title='bbox 482 1331 599 1377; x_wconf 79' lang='lat' dir='ltr'>patris3</span> <span class='ocrx_word' id='word_1_221' title='bbox 623 1329 680 1376; x_wconf 89' lang='lat' dir='ltr'>qui</span> <span class='ocrx_word' id='word_1_222' title='bbox 692 1328 714 1362; x_wconf 84' lang='lat' dir='ltr'>si</span> <span class='ocrx_word' id='word_1_223' title='bbox 725 1330 758 1363; x_wconf 91' lang='lat' dir='ltr'>in</span> <span class='ocrx_word' id='word_1_224' title='bbox 770 1331 852 1365; x_wconf 85' lang='lat' dir='ltr'>vivis</span> <span class='ocrx_word' id='word_1_225' title='bbox 863 1328 940 1364; x_wconf 89' lang='lat' dir='ltr'>fuis-</span> 
     </span>
     <span class='ocr_line' id='line_1_37' title="bbox 178 1376 942 1430; baseline -0.009 -9"><span class='ocrx_word' id='word_1_226' title='bbox 178 1384 243 1426; x_wconf 88' lang='lat' dir='ltr'>set,</span> <span class='ocrx_word' id='word_1_227' title='bbox 255 1394 460 1430; x_wconf 81' lang='lat' dir='ltr'>nequaquam</span> <span class='ocrx_word' id='word_1_228' title='bbox 472 1378 656 1414; x_wconf 68' lang='lat' dir='ltr'>charissimo</span> <span class='ocrx_word' id='word_1_229' title='bbox 666 1376 736 1412; x_wconf 83' lang='lat' dir='ltr'>filio</span> <span class='ocrx_word' id='word_1_230' title='bbox 748 1380 782 1413; x_wconf 90' lang='lat' dir='ltr'>in</span> <span class='ocrx_word' id='word_1_231' title='bbox 794 1379 858 1414; x_wconf 89' lang='lat' dir='ltr'>hoc</span> <span class='ocrx_word' id='word_1_232' title='bbox 869 1377 942 1414; x_wconf 88' lang='lat' dir='ltr'>offi-</span> 
     </span>
     <span class='ocr_line' id='line_1_38' title="bbox 180 1427 943 1478; baseline -0.009 -9"><span class='ocrx_word' id='word_1_233' title='bbox 180 1437 233 1471; x_wconf 85' lang='lat' dir='ltr'>cio</span> <span class='ocrx_word' id='word_1_234' title='bbox 252 1431 424 1468; x_wconf 85' lang='lat' dir='ltr'>defuturus</span> <span class='ocrx_word' id='word_1_235' title='bbox 444 1429 623 1465; x_wconf 86' lang='lat' dir='ltr'>videbatur.</span> <span class='ocrx_word' id='word_1_236' title='bbox 649 1427 834 1478; x_wconf 86' lang='lat' dir='ltr'>Utcunque</span> <span class='ocrx_word' id='word_1_237' title='bbox 853 1429 943 1464; x_wconf 75' lang='lat' dir='ltr'>Beriae</span> 
     </span>
     <span class='ocr_line' id='line_1_39' title="bbox 178 1476 941 1531; baseline -0.008 -11"><span class='ocrx_word' id='word_1_238' title='bbox 178 1495 272 1521; x_wconf 85' lang='lat' dir='ltr'>ortus</span> <span class='ocrx_word' id='word_1_239' title='bbox 284 1482 356 1531; x_wconf 90' lang='lat' dir='ltr'>post</span> <span class='ocrx_word' id='word_1_240' title='bbox 375 1476 559 1516; x_wconf 78' lang='lat' dir='ltr'>Schuteluchi</span> <span class='ocrx_word' id='word_1_241' title='bbox 579 1476 800 1526; x_wconf 80' lang='lat' dir='ltr'>cujuscunque</span> <span class='ocrx_word' id='word_1_242' title='bbox 821 1480 941 1514; x_wconf 82' lang='lat' dir='ltr'>caedcm</span> 
     </span>
     <span class='ocr_line' id='line_1_40' title="bbox 180 1526 945 1576; baseline -0.008 -7"><span class='ocrx_word' id='word_1_243' title='bbox 180 1539 215 1570; x_wconf 92' lang='lat'>&amp;</span> <span class='ocrx_word' id='word_1_244' title='bbox 240 1545 354 1567; x_wconf 86' lang='lat' dir='ltr'>natum</span> <span class='ocrx_word' id='word_1_245' title='bbox 381 1530 526 1566; x_wconf 79' lang='lat' dir='ltr'>Beredum</span> <span class='ocrx_word' id='word_1_246' title='bbox 546 1526 700 1576; x_wconf 80' lang='lat' dir='ltr'>Ephraimi</span> <span class='ocrx_word' id='word_1_247' title='bbox 720 1527 945 1575; x_wconf 82' lang='lat' dir='ltr'>proculdubio</span> 
     </span>
     <span class='ocr_line' id='line_1_41' title="bbox 181 1575 943 1631; baseline -0.007 -12"><span class='ocrx_word' id='word_1_248' title='bbox 181 1579 557 1631; x_wconf 86' lang='lat' dir='ltr'>nepotem‚demonstrat</span> <span class='ocrx_word' id='word_1_249' title='bbox 567 1576 691 1613; x_wconf 74' lang='lat' dir='ltr'>mature</span> <span class='ocrx_word' id='word_1_250' title='bbox 702 1575 775 1612; x_wconf 88' lang='lat' dir='ltr'>satis</span> <span class='ocrx_word' id='word_1_251' title='bbox 786 1580 943 1626; x_wconf 85' lang='lat' dir='ltr'>superque</span> 
     </span>
     <span class='ocr_line' id='line_1_42' title="bbox 182 1628 943 1680; baseline -0.005 -12"><span class='ocrx_word' id='word_1_252' title='bbox 182 1635 218 1668; x_wconf 88' lang='lat' dir='ltr'>in</span> <span class='ocrx_word' id='word_1_253' title='bbox 237 1628 347 1680; x_wconf 65' lang='lat' dir='ltr'>Iosiphi</span> <span class='ocrx_word' id='word_1_254' title='bbox 368 1628 494 1669; x_wconf 63' lang='lat' dir='ltr'>familia</span> <span class='ocrx_word' id='word_1_255' title='bbox 514 1630 699 1664; x_wconf 88' lang='lat' dir='ltr'>multorum</span> <span class='ocrx_word' id='word_1_256' title='bbox 728 1630 943 1665; x_wconf 84' lang='lat' dir='ltr'>matrimonio</span> 
     </span>
     <span class='ocr_line' id='line_1_43' title="bbox 185 1682 357 1717; baseline -0.006 -1"><span class='ocrx_word' id='word_1_257' title='bbox 185 1682 357 1717; x_wconf 77' lang='lat' dir='ltr'>celebrata.</span> 
     </span>
    </p>
   </div>
   <div class='ocr_carea' id='block_1_8' title="bbox 988 589 1754 1725">
    <p class='ocr_par' dir='ltr' id='par_1_9' title="bbox 988 589 1754 1725">
     <span class='ocr_line' id='line_1_44' title="bbox 991 589 1750 637; baseline 0.003 -16"><span class='ocrx_word' id='word_1_258' title='bbox 991 601 1044 621; x_wconf 87' lang='lat' dir='ltr'>ma</span> <span class='ocrx_word' id='word_1_259' title='bbox 1054 591 1085 622; x_wconf 75' lang='grc' dir='ltr'>δι</span> <span class='ocrx_word' id='word_1_260' title='bbox 1101 591 1229 634; x_wconf 84' lang='lat' dir='ltr'>optima</span> <span class='ocrx_word' id='word_1_261' title='bbox 1238 591 1384 633; x_wconf 78' lang='lat' dir='ltr'>conjunx</span> <span class='ocrx_word' id='word_1_262' title='bbox 1394 591 1425 624; x_wconf 88' lang='lat' dir='ltr'>ei</span> <span class='ocrx_word' id='word_1_263' title='bbox 1439 590 1587 633; x_wconf 62' lang='lat' dir='ltr'>adducta,</span> <span class='ocrx_word' id='word_1_264' title='bbox 1600 603 1676 625; x_wconf 85' lang='lat' dir='ltr'>curn</span> <span class='ocrx_word' id='word_1_265' title='bbox 1687 589 1750 637; x_wconf 65' lang='lat' dir='ltr'>quii</span> 
     </span>
     <span class='ocr_line' id='line_1_45' title="bbox 989 637 1749 675; baseline 0.005 -5"><span class='ocrx_word' id='word_1_266' title='bbox 989 638 1022 671; x_wconf 91' lang='lat' dir='ltr'>in</span> <span class='ocrx_word' id='word_1_267' title='bbox 1035 637 1160 672; x_wconf 74' lang='lat' dir='ltr'>summz‘i</span> <span class='ocrx_word' id='word_1_268' title='bbox 1170 638 1574 675; x_wconf 71' lang='lat' dir='ltr'>concordiz‘iadextremam</span> <span class='ocrx_word' id='word_1_269' title='bbox 1585 639 1749 674; x_wconf 63' lang='lat' dir='ltr'>senetstam</span> 
     </span>
     <span class='ocr_line' id='line_1_46' title="bbox 992 686 1748 738; baseline 0.005 -18"><span class='ocrx_word' id='word_1_270' title='bbox 992 688 1069 720; x_wconf 88' lang='lat' dir='ltr'>vixit</span> <span class='ocrx_word' id='word_1_271' title='bbox 1086 698 1094 722; x_wconf 74' lang='lat' dir='ltr'>t</span> <span class='ocrx_word' id='word_1_272' title='bbox 1119 690 1154 721; x_wconf 90' lang='lat' dir='ltr'>In</span> <span class='ocrx_word' id='word_1_273' title='bbox 1169 686 1361 735; x_wconf 81' lang='lat' dir='ltr'>sexagesimo</span> <span class='ocrx_word' id='word_1_274' title='bbox 1375 692 1440 724; x_wconf 80' lang='lat' dir='ltr'>nati</span> <span class='ocrx_word' id='word_1_275' title='bbox 1458 689 1531 725; x_wconf 88' lang='lat' dir='ltr'>sunt</span> <span class='ocrx_word' id='word_1_276' title='bbox 1548 690 1604 737; x_wconf 80' lang='lat' dir='ltr'>ipsi</span> <span class='ocrx_word' id='word_1_277' title='bbox 1614 691 1748 738; x_wconf 84' lang='lat' dir='ltr'>gemelli</span> 
     </span>
     <span class='ocr_line' id='line_1_47' title="bbox 989 733 1750 787; baseline 0.005 -19"><span class='ocrx_word' id='word_1_278' title='bbox 989 733 1107 770; x_wconf 78' lang='lat' dir='ltr'>Iacobus</span> <span class='ocrx_word' id='word_1_279' title='bbox 1117 739 1151 770; x_wconf 91' lang='lat'>&amp;</span> <span class='ocrx_word' id='word_1_280' title='bbox 1166 738 1275 784; x_wconf 69' lang='lat' dir='ltr'>Efisvm</span> <span class='ocrx_word' id='word_1_281' title='bbox 1285 760 1294 777; x_wconf 89' lang='lat'><em>‚</em></span> <span class='ocrx_word' id='word_1_282' title='bbox 1305 752 1375 787; x_wconf 86' lang='lat' dir='ltr'>quae</span> <span class='ocrx_word' id='word_1_283' title='bbox 1385 739 1502 774; x_wconf 84' lang='lat' dir='ltr'>deinde</span> <span class='ocrx_word' id='word_1_284' title='bbox 1512 740 1677 774; x_wconf 88' lang='lat' dir='ltr'>solicitum</span> <span class='ocrx_word' id='word_1_285' title='bbox 1688 738 1750 772; x_wconf 86' lang='lat' dir='ltr'>ha-</span> 
     </span>
     <span class='ocr_line' id='line_1_48' title="bbox 992 784 1750 836; baseline 0.004 -17"><span class='ocrx_word' id='word_1_286' title='bbox 992 784 1132 820; x_wconf 89' lang='lat' dir='ltr'>buerunt</span> <span class='ocrx_word' id='word_1_287' title='bbox 1144 799 1224 821; x_wconf 75' lang='lat' dir='ltr'>cura:</span> <span class='ocrx_word' id='word_1_288' title='bbox 1236 799 1326 822; x_wconf 89' lang='lat' dir='ltr'>erant</span> <span class='ocrx_word' id='word_1_289' title='bbox 1337 788 1512 836; x_wconf 55' lang='lat' dir='ltr'>inprimis&amp;</span> <span class='ocrx_word' id='word_1_290' title='bbox 1521 789 1665 824; x_wconf 82' lang='lat' dir='ltr'>filiorum</span> <span class='ocrx_word' id='word_1_291' title='bbox 1680 802 1750 822; x_wconf 90' lang='lat' dir='ltr'>ma-</span> 
     </span>
     <span class='ocr_line' id='line_1_49' title="bbox 991 836 1750 882; baseline 0.005 -14"><span class='ocrx_word' id='word_1_292' title='bbox 991 836 1041 870; x_wconf 87' lang='lat' dir='ltr'>lis.</span> <span class='ocrx_word' id='word_1_293' title='bbox 1069 836 1159 870; x_wconf 88' lang='lat' dir='ltr'>Vidit</span> <span class='ocrx_word' id='word_1_294' title='bbox 1169 836 1321 882; x_wconf 63' lang='lat' dir='ltr'>Ismae&#39;lem</span> <span class='ocrx_word' id='word_1_295' title='bbox 1333 850 1418 873; x_wconf 84' lang='lat' dir='ltr'>anno</span> <span class='ocrx_word' id='word_1_296' title='bbox 1430 839 1608 874; x_wconf 80' lang='lat' dir='ltr'>centesimo</span> <span class='ocrx_word' id='word_1_297' title='bbox 1624 837 1750 872; x_wconf 81' lang='lat' dir='ltr'>tricesi-</span> 
     </span>
     <span class='ocr_line' id='line_1_50' title="bbox 993 885 1750 933; baseline 0.008 -17"><span class='ocrx_word' id='word_1_298' title='bbox 993 896 1048 918; x_wconf 89' lang='lat' dir='ltr'>mo</span> <span class='ocrx_word' id='word_1_299' title='bbox 1060 886 1132 918; x_wconf 89' lang='lat' dir='ltr'>vitae</span> <span class='ocrx_word' id='word_1_300' title='bbox 1146 885 1270 929; x_wconf 71' lang='lat' dir='ltr'>placide</span> <span class='ocrx_word' id='word_1_301' title='bbox 1283 888 1386 927; x_wconf 90' lang='lat' dir='ltr'>mori,</span> <span class='ocrx_word' id='word_1_302' title='bbox 1401 889 1520 922; x_wconf 68' lang='lat' dir='ltr'>tenetis</span> <span class='ocrx_word' id='word_1_303' title='bbox 1537 890 1608 933; x_wconf 82' lang='lat' dir='ltr'>post</span> <span class='ocrx_word' id='word_1_304' title='bbox 1621 886 1651 921; x_wconf 88' lang='lat' dir='ltr'>se</span> <span class='ocrx_word' id='word_1_305' title='bbox 1660 888 1750 922; x_wconf 90' lang='lat' dir='ltr'>duo-</span> 
     </span>
     <span class='ocr_line' id='line_1_51' title="bbox 990 931 1750 982; baseline 0.008 -18"><span class='ocrx_word' id='word_1_306' title='bbox 990 931 1096 965; x_wconf 86' lang='lat' dir='ltr'>decim</span> <span class='ocrx_word' id='word_1_307' title='bbox 1109 931 1196 970; x_wconf 70' lang='lat' dir='ltr'>filiis,</span> <span class='ocrx_word' id='word_1_308' title='bbox 1208 934 1241 966; x_wconf 91' lang='lat' dir='ltr'>in</span> <span class='ocrx_word' id='word_1_309' title='bbox 1253 934 1310 967; x_wconf 89' lang='lat' dir='ltr'>suo</span> <span class='ocrx_word' id='word_1_310' title='bbox 1323 934 1456 982; x_wconf 80' lang='lat' dir='ltr'>singulis</span> <span class='ocrx_word' id='word_1_311' title='bbox 1469 937 1613 972; x_wconf 72' lang='lat' dir='ltr'>Arabico</span> <span class='ocrx_word' id='word_1_312' title='bbox 1627 938 1750 971; x_wconf 82' lang='lat' dir='ltr'>Princi-</span> 
     </span>
     <span class='ocr_line' id='line_1_52' title="bbox 990 980 1750 1030; baseline 0.009 -17"><span class='ocrx_word' id='word_1_313' title='bbox 990 991 1068 1028; x_wconf 86' lang='lat' dir='ltr'>patu</span> <span class='ocrx_word' id='word_1_314' title='bbox 1078 980 1197 1028; x_wconf 83' lang='lat' dir='ltr'>absque</span> <span class='ocrx_word' id='word_1_315' title='bbox 1216 980 1233 1015; x_wconf 69' lang='lat' dir='ltr'>a</span> <span class='ocrx_word' id='word_1_316' title='bbox 1246 995 1412 1030; x_wconf 85' lang='lat' dir='ltr'>quoquam</span> <span class='ocrx_word' id='word_1_317' title='bbox 1433 986 1578 1019; x_wconf 65' lang='lat' dir='ltr'>molestia</span> <span class='ocrx_word' id='word_1_318' title='bbox 1595 985 1750 1025; x_wconf 80' lang='lat' dir='ltr'>firmati53</span> 
     </span>
     <span class='ocr_line' id='line_1_53' title="bbox 989 1027 1752 1082; baseline 0.008 -19"><span class='ocrx_word' id='word_1_319' title='bbox 989 1027 1066 1064; x_wconf 74' lang='lat' dir='ltr'>cum</span> <span class='ocrx_word' id='word_1_320' title='bbox 1085 1029 1224 1077; x_wconf 89' lang='lat' dir='ltr'>seipsum</span> <span class='ocrx_word' id='word_1_321' title='bbox 1244 1032 1338 1078; x_wconf 89' lang='lat' dir='ltr'>impii</span> <span class='ocrx_word' id='word_1_322' title='bbox 1358 1033 1453 1079; x_wconf 63' lang='lat' dir='ltr'>Esaivi</span> <span class='ocrx_word' id='word_1_323' title='bbox 1474 1033 1614 1080; x_wconf 66' lang='lat' dir='ltr'>profanae</span> <span class='ocrx_word' id='word_1_324' title='bbox 1634 1037 1752 1082; x_wconf 86' lang='lat' dir='ltr'>nuptiae</span> 
     </span>
     <span class='ocr_line' id='line_1_54' title="bbox 989 1079 1752 1123; baseline 0.004 -9"><span class='ocrx_word' id='word_1_325' title='bbox 989 1083 1020 1114; x_wconf 72' lang='grc' dir='ltr'>δι</span> <span class='ocrx_word' id='word_1_326' title='bbox 1033 1092 1108 1114; x_wconf 90' lang='lat' dir='ltr'>cum</span> <span class='ocrx_word' id='word_1_327' title='bbox 1122 1079 1221 1114; x_wconf 73' lang='lat' dir='ltr'>Iacobo</span> <span class='ocrx_word' id='word_1_328' title='bbox 1232 1081 1396 1116; x_wconf 66' lang='lat' dir='ltr'>discordiae</span> <span class='ocrx_word' id='word_1_329' title='bbox 1409 1083 1492 1120; x_wconf 70' lang='lat' dir='ltr'>male</span> <span class='ocrx_word' id='word_1_330' title='bbox 1505 1082 1663 1117; x_wconf 86' lang='lat' dir='ltr'>haberent</span> <span class='ocrx_word' id='word_1_331' title='bbox 1678 1107 1688 1123; x_wconf 88' lang='lat'>,</span> <span class='ocrx_word' id='word_1_332' title='bbox 1713 1094 1752 1118; x_wconf 87' lang='lat' dir='ltr'>ut</span> 
     </span>
     <span class='ocr_line' id='line_1_55' title="bbox 988 1129 1750 1178; baseline 0.003 -15"><span class='ocrx_word' id='word_1_333' title='bbox 988 1131 1084 1164; x_wconf 88' lang='lat' dir='ltr'>etiam</span> <span class='ocrx_word' id='word_1_334' title='bbox 1104 1132 1217 1164; x_wconf 85' lang='lat' dir='ltr'>omnia</span> <span class='ocrx_word' id='word_1_335' title='bbox 1237 1129 1334 1165; x_wconf 69' lang='lat' dir='ltr'>lambi</span> <span class='ocrx_word' id='word_1_336' title='bbox 1355 1131 1530 1178; x_wconf 86' lang='lat' dir='ltr'>posteriora</span> <span class='ocrx_word' id='word_1_337' title='bbox 1547 1132 1642 1166; x_wconf 86' lang='lat' dir='ltr'>mala.</span> <span class='ocrx_word' id='word_1_338' title='bbox 1671 1133 1750 1177; x_wconf 82' lang='lat' dir='ltr'>Esa-</span> 
     </span>
     <span class='ocr_line' id='line_1_56' title="bbox 988 1180 1750 1228; baseline 0.004 -16"><span class='ocrx_word' id='word_1_339' title='bbox 988 1192 1058 1213; x_wconf 85' lang='lat' dir='ltr'>vum</span> <span class='ocrx_word' id='word_1_340' title='bbox 1074 1180 1207 1226; x_wconf 88' lang='lat' dir='ltr'>quidem</span> <span class='ocrx_word' id='word_1_341' title='bbox 1221 1181 1254 1214; x_wconf 89' lang='lat' dir='ltr'>in</span> <span class='ocrx_word' id='word_1_342' title='bbox 1272 1180 1477 1228; x_wconf 85' lang='lat' dir='ltr'>amplissimis</span> <span class='ocrx_word' id='word_1_343' title='bbox 1493 1182 1558 1216; x_wconf 89' lang='lat' dir='ltr'>suis</span> <span class='ocrx_word' id='word_1_344' title='bbox 1578 1182 1750 1217; x_wconf 70' lang='lat' dir='ltr'>territoriis</span> 
     </span>
     <span class='ocr_line' id='line_1_57' title="bbox 988 1228 1750 1277; baseline 0.004 -15"><span class='ocrx_word' id='word_1_345' title='bbox 988 1228 1077 1277; x_wconf 73' lang='lat' dir='ltr'>regie</span> <span class='ocrx_word' id='word_1_346' title='bbox 1096 1232 1349 1277; x_wconf 79' lang='lat' dir='ltr'>imperitantem,</span> <span class='ocrx_word' id='word_1_347' title='bbox 1362 1234 1394 1264; x_wconf 85' lang='lat'>&amp;</span> <span class='ocrx_word' id='word_1_348' title='bbox 1408 1235 1476 1276; x_wconf 75' lang='lat' dir='ltr'>ejus</span> <span class='ocrx_word' id='word_1_349' title='bbox 1486 1229 1574 1266; x_wconf 88' lang='lat' dir='ltr'>filios</span> <span class='ocrx_word' id='word_1_350' title='bbox 1584 1242 1702 1266; x_wconf 87' lang='lat' dir='ltr'>omnes</span> <span class='ocrx_word' id='word_1_351' title='bbox 1714 1233 1750 1265; x_wconf 85' lang='lat' dir='ltr'>in</span> 
     </span>
     <span class='ocr_line' id='line_1_58' title="bbox 991 1278 1751 1329; baseline 0.003 -17"><span class='ocrx_word' id='word_1_352' title='bbox 991 1278 1108 1313; x_wconf 80' lang='lat' dir='ltr'>Ducali</span> <span class='ocrx_word' id='word_1_353' title='bbox 1121 1279 1208 1327; x_wconf 81' lang='lat' dir='ltr'>quasi</span> <span class='ocrx_word' id='word_1_354' title='bbox 1227 1283 1262 1313; x_wconf 63' lang='grc' dir='ltr'>δὲ</span> <span class='ocrx_word' id='word_1_355' title='bbox 1275 1283 1516 1328; x_wconf 89' lang='lat' dir='ltr'>propemodum</span> <span class='ocrx_word' id='word_1_356' title='bbox 1530 1280 1751 1329; x_wconf 60' lang='lat' dir='ltr'>Regiadigni-</span> 
     </span>
     <span class='ocr_line' id='line_1_59' title="bbox 988 1328 1752 1378; baseline 0.004 -16"><span class='ocrx_word' id='word_1_357' title='bbox 988 1339 1055 1363; x_wconf 88' lang='lat' dir='ltr'>tate</span> <span class='ocrx_word' id='word_1_358' title='bbox 1080 1328 1279 1364; x_wconf 85' lang='lat' dir='ltr'>constitutos</span> <span class='ocrx_word' id='word_1_359' title='bbox 1301 1328 1481 1378; x_wconf 84' lang='lat' dir='ltr'>conspexit.</span> <span class='ocrx_word' id='word_1_360' title='bbox 1524 1330 1619 1366; x_wconf 76' lang='lat' dir='ltr'>Iacobi</span> <span class='ocrx_word' id='word_1_361' title='bbox 1650 1333 1752 1365; x_wconf 87' lang='lat' dir='ltr'>etiam</span> 
     </span>
     <span class='ocr_line' id='line_1_60' title="bbox 991 1380 1750 1429; baseline 0.003 -17"><span class='ocrx_word' id='word_1_362' title='bbox 991 1381 1185 1426; x_wconf 87' lang='lat' dir='ltr'>progeniem</span> <span class='ocrx_word' id='word_1_363' title='bbox 1201 1380 1334 1414; x_wconf 89' lang='lat' dir='ltr'>tandem</span> <span class='ocrx_word' id='word_1_364' title='bbox 1354 1381 1531 1429; x_wconf 85' lang='lat' dir='ltr'>aliquando</span> <span class='ocrx_word' id='word_1_365' title='bbox 1557 1392 1696 1416; x_wconf 84' lang='lat' dir='ltr'>numero</span> <span class='ocrx_word' id='word_1_366' title='bbox 1716 1383 1750 1414; x_wconf 77' lang='lat' dir='ltr'>Sc</span> 
     </span>
     <span class='ocr_line' id='line_1_61' title="bbox 990 1428 1752 1476; baseline 0.001 -14"><span class='ocrx_word' id='word_1_367' title='bbox 990 1428 1110 1476; x_wconf 90' lang='lat' dir='ltr'>opibus</span> <span class='ocrx_word' id='word_1_368' title='bbox 1129 1431 1220 1473; x_wconf 88' lang='lat' dir='ltr'>juxta</span> <span class='ocrx_word' id='word_1_369' title='bbox 1236 1428 1270 1467; x_wconf 80' lang='lat' dir='ltr'>se</span> <span class='ocrx_word' id='word_1_370' title='bbox 1284 1429 1522 1467; x_wconf 82' lang='lat' dir='ltr'>florescentem.</span> <span class='ocrx_word' id='word_1_371' title='bbox 1554 1431 1615 1466; x_wconf 87' lang='lat' dir='ltr'>Sed</span> <span class='ocrx_word' id='word_1_372' title='bbox 1626 1442 1752 1476; x_wconf 81' lang='lat' dir='ltr'>nequa-</span> 
     </span>
     <span class='ocr_line' id='line_1_62' title="bbox 990 1477 1746 1528; baseline 0 -16"><span class='ocrx_word' id='word_1_373' title='bbox 990 1490 1089 1526; x_wconf 90' lang='lat' dir='ltr'>quam</span> <span class='ocrx_word' id='word_1_374' title='bbox 1107 1491 1143 1512; x_wconf 88' lang='lat' dir='ltr'>ex</span> <span class='ocrx_word' id='word_1_375' title='bbox 1169 1481 1264 1513; x_wconf 90' lang='lat' dir='ltr'>omni</span> <span class='ocrx_word' id='word_1_376' title='bbox 1282 1492 1371 1527; x_wconf 86' lang='lat' dir='ltr'>parte</span> <span class='ocrx_word' id='word_1_377' title='bbox 1396 1480 1531 1515; x_wconf 88' lang='lat' dir='ltr'>beatum</span> <span class='ocrx_word' id='word_1_378' title='bbox 1560 1477 1746 1528; x_wconf 61' lang='lat' dir='ltr'>permisere,</span> 
     </span>
     <span class='ocr_line' id='line_1_63' title="bbox 991 1527 1753 1578; baseline 0.004 -16"><span class='ocrx_word' id='word_1_379' title='bbox 991 1539 1100 1574; x_wconf 80' lang='lat' dir='ltr'>praeter</span> <span class='ocrx_word' id='word_1_380' title='bbox 1122 1527 1223 1563; x_wconf 68' lang='lat' dir='ltr'>dietas</span> <span class='ocrx_word' id='word_1_381' title='bbox 1247 1530 1282 1562; x_wconf 89' lang='lat' dir='ltr'>in</span> <span class='ocrx_word' id='word_1_382' title='bbox 1307 1528 1403 1564; x_wconf 78' lang='lat' dir='ltr'>Iacobi</span> <span class='ocrx_word' id='word_1_383' title='bbox 1428 1530 1532 1566; x_wconf 89' lang='lat' dir='ltr'>domo</span> <span class='ocrx_word' id='word_1_384' title='bbox 1559 1530 1730 1578; x_wconf 83' lang='lat' dir='ltr'>tragoedias</span> <span class='ocrx_word' id='word_1_385' title='bbox 1742 1550 1753 1565; x_wconf 71' lang='lat'><em>2</em></span> 
     </span>
     <span class='ocr_line' id='line_1_64' title="bbox 989 1575 1754 1628; baseline 0.004 -17"><span class='ocrx_word' id='word_1_386' title='bbox 989 1575 1064 1612; x_wconf 85' lang='lat' dir='ltr'>suus</span> <span class='ocrx_word' id='word_1_387' title='bbox 1083 1579 1266 1613; x_wconf 88' lang='lat' dir='ltr'>multorum</span> <span class='ocrx_word' id='word_1_388' title='bbox 1282 1591 1445 1614; x_wconf 81' lang='lat' dir='ltr'>annorum</span> <span class='ocrx_word' id='word_1_389' title='bbox 1471 1579 1489 1614; x_wconf 71' lang='grc' dir='ltr'>ὲ</span> <span class='ocrx_word' id='word_1_390' title='bbox 1504 1582 1645 1616; x_wconf 87' lang='lat' dir='ltr'>caecitate</span> <span class='ocrx_word' id='word_1_391' title='bbox 1664 1584 1754 1628; x_wconf 51' lang='lat' dir='ltr'>quo-¹</span> 
     </span>
     <span class='ocr_line' id='line_1_65' title="bbox 991 1627 1752 1664; baseline -0.001 -2"><span class='ocrx_word' id='word_1_392' title='bbox 991 1627 1171 1662; x_wconf 83' lang='lat' dir='ltr'>dammodo</span> <span class='ocrx_word' id='word_1_393' title='bbox 1189 1641 1317 1663; x_wconf 81' lang='lat' dir='ltr'>carcer:</span> <span class='ocrx_word' id='word_1_394' title='bbox 1346 1641 1422 1664; x_wconf 86' lang='lat' dir='ltr'>nam</span> <span class='ocrx_word' id='word_1_395' title='bbox 1442 1641 1517 1664; x_wconf 88' lang='lat' dir='ltr'>ante</span> <span class='ocrx_word' id='word_1_396' title='bbox 1536 1628 1752 1664; x_wconf 75' lang='lat' dir='ltr'>centesimum</span> 
     </span>
     <span class='ocr_line' id='line_1_66' title="bbox 992 1676 1754 1725; baseline -0.001 -13"><span class='ocrx_word' id='word_1_397' title='bbox 992 1676 1194 1712; x_wconf 86' lang='lat' dir='ltr'>tricesimum</span> <span class='ocrx_word' id='word_1_398' title='bbox 1204 1677 1381 1725; x_wconf 82' lang='lat' dir='ltr'>septimum</span> <span class='ocrx_word' id='word_1_399' title='bbox 1393 1676 1427 1712; x_wconf 72' lang='grc' dir='ltr'>εὲι</span> <span class='ocrx_word' id='word_1_400' title='bbox 1438 1679 1612 1713; x_wconf 87' lang='lat' dir='ltr'>oculorum</span> <span class='ocrx_word' id='word_1_401' title='bbox 1625 1678 1687 1713; x_wconf 89' lang='lat' dir='ltr'>fuit</span> <span class='ocrx_word' id='word_1_402' title='bbox 1699 1688 1754 1712; x_wconf 80' lang='lat' dir='ltr'>ca·</span> 
     </span>
    </p>
   </div>
   <div class='ocr_carea' id='block_1_9' title="bbox 27 1726 1753 2075">
    <p class='ocr_par' dir='ltr' id='par_1_10' title="bbox 27 1726 1753 2075">
     <span class='ocr_line' id='line_1_67' title="bbox 31 1726 1751 1775; baseline -0.003 -9"><span class='ocrx_word' id='word_1_403' title='bbox 31 1745 113 1774; x_wconf 67' lang='lat' dir='ltr'>Iacobo·</span> <span class='ocrx_word' id='word_1_404' title='bbox 233 1732 354 1766; x_wconf 86' lang='lat' dir='ltr'>Divina</span> <span class='ocrx_word' id='word_1_405' title='bbox 365 1741 471 1764; x_wconf 84' lang='lat' dir='ltr'>rerum</span> <span class='ocrx_word' id='word_1_406' title='bbox 484 1727 579 1762; x_wconf 67' lang='lat' dir='ltr'>lambi</span> <span class='ocrx_word' id='word_1_407' title='bbox 596 1732 631 1763; x_wconf 91' lang='lat'>&amp;</span> <span class='ocrx_word' id='word_1_408' title='bbox 641 1727 730 1775; x_wconf 70' lang='lat' dir='ltr'>Isaac-i</span> <span class='ocrx_word' id='word_1_409' title='bbox 742 1728 942 1763; x_wconf 80' lang='lat' dir='ltr'>administra·</span> <span class='ocrx_word' id='word_1_410' title='bbox 990 1728 1092 1775; x_wconf 80' lang='lat' dir='ltr'>ligine</span> <span class='ocrx_word' id='word_1_411' title='bbox 1104 1752 1111 1763; x_wconf 88' lang='lat'>‚</span> <span class='ocrx_word' id='word_1_412' title='bbox 1123 1739 1160 1762; x_wconf 90' lang='lat' dir='ltr'>ut</span> <span class='ocrx_word' id='word_1_413' title='bbox 1171 1727 1255 1774; x_wconf 89' lang='lat' dir='ltr'>ipsos</span> <span class='ocrx_word' id='word_1_414' title='bbox 1267 1726 1355 1762; x_wconf 84' lang='lat' dir='ltr'>filios</span> <span class='ocrx_word' id='word_1_415' title='bbox 1374 1739 1446 1762; x_wconf 90' lang='lat' dir='ltr'>ante</span> <span class='ocrx_word' id='word_1_416' title='bbox 1466 1728 1562 1775; x_wconf 89' lang='lat' dir='ltr'>pedes</span> <span class='ocrx_word' id='word_1_417' title='bbox 1577 1726 1698 1774; x_wconf 85' lang='lat' dir='ltr'>pofitos</span> <span class='ocrx_word' id='word_1_418' title='bbox 1709 1739 1751 1761; x_wconf 89' lang='lat' dir='ltr'>ne</span> 
     </span>
     <span class='ocr_line' id='line_1_68' title="bbox 29 1774 1751 1826; baseline -0.003 -11"><span class='ocrx_word' id='word_1_419' title='bbox 29 1789 143 1815; x_wconf 67' lang='lat' dir='ltr'>continu</span> <span class='ocrx_word' id='word_1_420' title='bbox 186 1782 234 1816; x_wconf 85' lang='lat' dir='ltr'>tio</span> <span class='ocrx_word' id='word_1_421' title='bbox 245 1780 421 1815; x_wconf 79' lang='lat' dir='ltr'>admodum</span> <span class='ocrx_word' id='word_1_422' title='bbox 434 1777 556 1813; x_wconf 83' lang='lat' dir='ltr'>diversa</span> <span class='ocrx_word' id='word_1_423' title='bbox 567 1774 649 1812; x_wconf 84' lang='lat' dir='ltr'>fuit:</span> <span class='ocrx_word' id='word_1_424' title='bbox 671 1776 786 1812; x_wconf 81' lang='lat' dir='ltr'>Iacobus</span> <span class='ocrx_word' id='word_1_425' title='bbox 796 1776 866 1812; x_wconf 61' lang='lat' dir='ltr'>totii</span> <span class='ocrx_word' id='word_1_426' title='bbox 878 1776 944 1813; x_wconf 57' lang='lat' dir='ltr'>vitei⁴</span> <span class='ocrx_word' id='word_1_427' title='bbox 992 1777 1127 1826; x_wconf 83' lang='lat' dir='ltr'>quidem</span> <span class='ocrx_word' id='word_1_428' title='bbox 1147 1777 1356 1824; x_wconf 82' lang='lat' dir='ltr'>distingueret</span> <span class='ocrx_word' id='word_1_429' title='bbox 1375 1800 1386 1813; x_wconf 85' lang='lat'>‚</span> <span class='ocrx_word' id='word_1_430' title='bbox 1410 1790 1479 1824; x_wconf 84' lang='lat' dir='ltr'>quae</span> <span class='ocrx_word' id='word_1_431' title='bbox 1495 1777 1637 1811; x_wconf 85' lang='lat' dir='ltr'>tenebrae</span> <span class='ocrx_word' id='word_1_432' title='bbox 1653 1776 1751 1822; x_wconf 87' lang='lat' dir='ltr'>usque</span> 
     </span>
     <span class='ocr_line' id='line_1_69' title="bbox 29 1825 1750 1874; baseline -0.005 -8"><span class='ocrx_word' id='word_1_433' title='bbox 29 1829 155 1866; x_wconf 66' lang='lat' dir='ltr'>“ml’‘st‘·</span> <span class='ocrx_word' id='word_1_434' title='bbox 188 1831 252 1865; x_wconf 85' lang='lat' dir='ltr'>huc</span> <span class='ocrx_word' id='word_1_435' title='bbox 263 1829 487 1873; x_wconf 65' lang='lat' dir='ltr'>illucjaetatus</span> <span class='ocrx_word' id='word_1_436' title='bbox 498 1828 594 1861; x_wconf 88' lang='lat' dir='ltr'>novis</span> <span class='ocrx_word' id='word_1_437' title='bbox 608 1826 770 1862; x_wconf 74' lang='lat' dir='ltr'>continuo</span> <span class='ocrx_word' id='word_1_438' title='bbox 780 1828 862 1862; x_wconf 76' lang='lat' dir='ltr'>curis</span> <span class='ocrx_word' id='word_1_439' title='bbox 870 1839 943 1862; x_wconf 83' lang='lat' dir='ltr'>cru·</span> <span class='ocrx_word' id='word_1_440' title='bbox 992 1827 1032 1861; x_wconf 87' lang='lat' dir='ltr'>ad</span> <span class='ocrx_word' id='word_1_441' title='bbox 1051 1826 1263 1861; x_wconf 83' lang='lat' dir='ltr'>centesimum</span> <span class='ocrx_word' id='word_1_442' title='bbox 1276 1825 1516 1874; x_wconf 60' lang='lat' dir='ltr'>offitogefimum</span> <span class='ocrx_word' id='word_1_443' title='bbox 1528 1850 1538 1866; x_wconf 87' lang='lat'><strong>,</strong></span> <span class='ocrx_word' id='word_1_444' title='bbox 1565 1827 1658 1860; x_wconf 89' lang='lat' dir='ltr'>annis</span> <span class='ocrx_word' id='word_1_445' title='bbox 1672 1827 1750 1859; x_wconf 84' lang='lat' dir='ltr'>totis</span> 
     </span>
     <span class='ocr_line' id='line_1_70' title="bbox 27 1875 1751 1934; baseline -0.003 -20"><span class='ocrx_word' id='word_1_446' title='bbox 27 1877 64 1898; x_wconf 74' lang='lat'>“⁸</span> <span class='ocrx_word' id='word_1_447' title='bbox 77 1878 105 1895; x_wconf 62' lang='grc' dir='ltr'><em>ω</em></span> <span class='ocrx_word' id='word_1_448' title='bbox 126 1908 141 1934; x_wconf 60' lang='grc' dir='ltr'>,Ι</span> <span class='ocrx_word' id='word_1_449' title='bbox 187 1877 342 1925; x_wconf 89' lang='lat' dir='ltr'>cibusque</span> <span class='ocrx_word' id='word_1_450' title='bbox 355 1877 548 1912; x_wconf 83' lang='lat' dir='ltr'>vexabatur:</span> <span class='ocrx_word' id='word_1_451' title='bbox 576 1877 685 1923; x_wconf 63' lang='lat' dir='ltr'>(sitacus</span> <span class='ocrx_word' id='word_1_452' title='bbox 696 1878 885 1925; x_wconf 84' lang='lat' dir='ltr'>pleramque</span> <span class='ocrx_word' id='word_1_453' title='bbox 895 1877 942 1911; x_wconf 90' lang='lat' dir='ltr'>vi·</span> <span class='ocrx_word' id='word_1_454' title='bbox 992 1875 1207 1924; x_wconf 79' lang='lat' dir='ltr'>quadraginta</span> <span class='ocrx_word' id='word_1_455' title='bbox 1219 1876 1324 1910; x_wconf 86' lang='lat' dir='ltr'>tribus</span> <span class='ocrx_word' id='word_1_456' title='bbox 1338 1875 1619 1910; x_wconf 87' lang='lat' dir='ltr'>circumfuderunt</span> <span class='ocrx_word' id='word_1_457' title='bbox 1635 1888 1644 1908; x_wconf 90' lang='lat'><strong>:</strong></span> <span class='ocrx_word' id='word_1_458' title='bbox 1669 1885 1751 1909; x_wconf 91' lang='lat' dir='ltr'>tunc</span> 
     </span>
     <span class='ocr_line' id='line_1_71' title="bbox 28 1917 1753 1985; baseline -0.003 -23"><span class='ocrx_word' id='word_1_459' title='bbox 28 1917 157 1985; x_wconf 49' lang='grc' dir='ltr'>Ζῖῗ-,ζ“</span> <span class='ocrx_word' id='word_1_460' title='bbox 186 1939 250 1962; x_wconf 88' lang='lat' dir='ltr'>tarn</span> <span class='ocrx_word' id='word_1_461' title='bbox 266 1929 296 1962; x_wconf 89' lang='lat' dir='ltr'>in</span> <span class='ocrx_word' id='word_1_462' title='bbox 317 1925 434 1974; x_wconf 65' lang='lat' dir='ltr'>magnii</span> <span class='ocrx_word' id='word_1_463' title='bbox 446 1938 524 1973; x_wconf 88' lang='lat' dir='ltr'>pace</span> <span class='ocrx_word' id='word_1_464' title='bbox 536 1925 751 1974; x_wconf 72' lang='lat' dir='ltr'>prosperrime</span> <span class='ocrx_word' id='word_1_465' title='bbox 770 1925 941 1975; x_wconf 81' lang='lat' dir='ltr'>transegit:</span> <span class='ocrx_word' id='word_1_466' title='bbox 992 1925 1137 1971; x_wconf 78' lang='lat' dir='ltr'>spiritum</span> <span class='ocrx_word' id='word_1_467' title='bbox 1150 1927 1225 1960; x_wconf 90' lang='lat' dir='ltr'>Deo</span> <span class='ocrx_word' id='word_1_468' title='bbox 1235 1925 1374 1960; x_wconf 87' lang='lat' dir='ltr'>reddidit</span> <span class='ocrx_word' id='word_1_469' title='bbox 1388 1925 1550 1960; x_wconf 82' lang='lat' dir='ltr'>decennio</span> <span class='ocrx_word' id='word_1_470' title='bbox 1567 1936 1642 1959; x_wconf 86' lang='lat' dir='ltr'>ante</span> <span class='ocrx_word' id='word_1_471' title='bbox 1659 1921 1753 1965; x_wconf 70' lang='lat' dir='ltr'>,lacoln&#39;</span> 
     </span>
     <span class='ocr_line' id='line_1_72' title="bbox 31 1971 1751 2024; baseline -0.008 -5"><span class='ocrx_word' id='word_1_472' title='bbox 31 1998 133 2019; x_wconf 74' lang='lat' dir='ltr'>mtatem</span> <span class='ocrx_word' id='word_1_473' title='bbox 184 1974 300 2012; x_wconf 80' lang='lat' dir='ltr'>lacobus</span> <span class='ocrx_word' id='word_1_474' title='bbox 317 1990 356 2011; x_wconf 83' lang='lat' dir='ltr'>ex</span> <span class='ocrx_word' id='word_1_475' title='bbox 376 1976 465 2024; x_wconf 74' lang='lat' dir='ltr'>Efiwi</span> <span class='ocrx_word' id='word_1_476' title='bbox 489 1973 593 2010; x_wconf 85' lang='lat' dir='ltr'>fratris</span> <span class='ocrx_word' id='word_1_477' title='bbox 614 1975 737 2015; x_wconf 67' lang='lat' dir='ltr'>invidiz‘i</span> <span class='ocrx_word' id='word_1_478' title='bbox 762 1976 866 2011; x_wconf 89' lang='lat' dir='ltr'>domo</span> <span class='ocrx_word' id='word_1_479' title='bbox 884 1988 939 2024; x_wconf 84' lang='lat' dir='ltr'>pa-</span> <span class='ocrx_word' id='word_1_480' title='bbox 992 1981 1022 2009; x_wconf 82' lang='lat'>&amp;</span> <span class='ocrx_word' id='word_1_481' title='bbox 1046 1975 1227 2010; x_wconf 89' lang='lat' dir='ltr'>undecimo</span> <span class='ocrx_word' id='word_1_482' title='bbox 1252 1974 1326 2023; x_wconf 89' lang='lat' dir='ltr'>post</span> <span class='ocrx_word' id='word_1_483' title='bbox 1354 1971 1464 2022; x_wconf 74' lang='lat' dir='ltr'>Ioftpln</span> <span class='ocrx_word' id='word_1_484' title='bbox 1490 1973 1680 2009; x_wconf 71' lang='lat' dir='ltr'>descensum</span> <span class='ocrx_word' id='word_1_485' title='bbox 1716 1975 1751 2007; x_wconf 89' lang='lat' dir='ltr'>in</span> 
     </span>
     <span class='ocr_line' id='line_1_73' title="bbox 28 2024 1180 2075; baseline -0.002 -15"><span class='ocrx_word' id='word_1_486' title='bbox 28 2030 153 2070; x_wconf 57' lang='lat' dir='ltr'>defifrunt.</span> <span class='ocrx_word' id='word_1_487' title='bbox 184 2026 274 2063; x_wconf 68' lang='lat' dir='ltr'>ternfi</span> <span class='ocrx_word' id='word_1_488' title='bbox 293 2025 444 2075; x_wconf 82' lang='lat' dir='ltr'>fugiens,</span> <span class='ocrx_word' id='word_1_489' title='bbox 471 2025 504 2059; x_wconf 88' lang='lat' dir='ltr'>in</span> <span class='ocrx_word' id='word_1_490' title='bbox 524 2024 737 2073; x_wconf 68' lang='lat' dir='ltr'>Mefhpotamid</span> <span class='ocrx_word' id='word_1_491' title='bbox 754 2027 941 2069; x_wconf 67' lang='lat' dir='ltr'>vigintian-</span> <span class='ocrx_word' id='word_1_492' title='bbox 991 2028 1180 2073; x_wconf 84' lang='lat' dir='ltr'>AEgyptum.</span> 
     </span>
    </p>
   </div>
   <div class='ocr_carea' id='block_1_10' title="bbox 182 2064 949 2516">
    <p class='ocr_par' dir='ltr' id='par_1_11' title="bbox 182 2064 949 2516">
     <span class='ocr_line' id='line_1_74' title="bbox 183 2064 943 2113; baseline -0.007 0"><span class='ocrx_word' id='word_1_493' title='bbox 183 2090 304 2113; x_wconf 86' lang='lat' dir='ltr'>norum</span> <span class='ocrx_word' id='word_1_494' title='bbox 324 2075 490 2110; x_wconf 74' lang='lat' dir='ltr'>durissimo</span> <span class='ocrx_word' id='word_1_495' title='bbox 510 2075 621 2110; x_wconf 86' lang='lat' dir='ltr'>labore</span> <span class='ocrx_word' id='word_1_496' title='bbox 631 2064 894 2110; x_wconf 55' lang='lat' dir='ltr'>exercitus‘fuit:</span> <span class='ocrx_word' id='word_1_497' title='bbox 910 2076 943 2108; x_wconf 91' lang='lat' dir='ltr'>in</span> 
     </span>
     <span class='ocr_line' id='line_1_75' title="bbox 183 2122 944 2163; baseline -0.007 0"><span class='ocrx_word' id='word_1_498' title='bbox 183 2127 290 2163; x_wconf 88' lang='lat' dir='ltr'>reditu</span> <span class='ocrx_word' id='word_1_499' title='bbox 302 2125 406 2160; x_wconf 83' lang='lat' dir='ltr'>Laban</span> <span class='ocrx_word' id='word_1_500' title='bbox 417 2126 599 2160; x_wconf 88' lang='lat' dir='ltr'>avunculus</span> <span class='ocrx_word' id='word_1_501' title='bbox 609 2129 642 2159; x_wconf 84' lang='lat'>&amp;</span> <span class='ocrx_word' id='word_1_502' title='bbox 653 2125 740 2159; x_wconf 86' lang='lat' dir='ltr'>socer</span> <span class='ocrx_word' id='word_1_503' title='bbox 750 2122 841 2159; x_wconf 80' lang='lat' dir='ltr'>infest</span> <span class='ocrx_word' id='word_1_504' title='bbox 848 2138 883 2159; x_wconf 88' lang='lat' dir='ltr'>us</span> <span class='ocrx_word' id='word_1_505' title='bbox 896 2137 944 2158; x_wconf 87' lang='lat' dir='ltr'>ar·</span> 
     </span>
     <span class='ocr_line' id='line_1_76' title="bbox 182 2172 944 2225; baseline -0.005 -14"><span class='ocrx_word' id='word_1_506' title='bbox 182 2181 246 2212; x_wconf 83' lang='lat' dir='ltr'>mis</span> <span class='ocrx_word' id='word_1_507' title='bbox 261 2177 464 2225; x_wconf 73' lang='lat' dir='ltr'>prosequitur</span> <span class='ocrx_word' id='word_1_508' title='bbox 477 2200 486 2215; x_wconf 91' lang='lat'>,</span> <span class='ocrx_word' id='word_1_509' title='bbox 498 2172 516 2208; x_wconf 72' lang='grc' dir='ltr'>εἰ</span> <span class='ocrx_word' id='word_1_510' title='bbox 526 2175 644 2222; x_wconf 89' lang='lat' dir='ltr'>quibus</span> <span class='ocrx_word' id='word_1_511' title='bbox 656 2174 789 2210; x_wconf 72' lang='lat' dir='ltr'>vixdum</span> <span class='ocrx_word' id='word_1_512' title='bbox 802 2174 944 2208; x_wconf 87' lang='lat' dir='ltr'>liberum</span> 
     </span>
     <span class='ocr_line' id='line_1_77' title="bbox 182 2223 943 2270; baseline -0.005 -8"><span class='ocrx_word' id='word_1_513' title='bbox 182 2228 279 2262; x_wconf 86' lang='lat' dir='ltr'>frater</span> <span class='ocrx_word' id='word_1_514' title='bbox 292 2228 403 2270; x_wconf 61' lang='lat' dir='ltr'>Effivus</span> <span class='ocrx_word' id='word_1_515' title='bbox 423 2223 645 2260; x_wconf 87' lang='lat' dir='ltr'>infestioribus</span> <span class='ocrx_word' id='word_1_516' title='bbox 661 2226 783 2270; x_wconf 83' lang='lat' dir='ltr'>excipit</span> <span class='ocrx_word' id='word_1_517' title='bbox 795 2252 802 2263; x_wconf 83' lang='grc'><strong><em>,</em></strong></span> <span class='ocrx_word' id='word_1_518' title='bbox 830 2224 878 2257; x_wconf 79' lang='lat' dir='ltr'>his</span> <span class='ocrx_word' id='word_1_519' title='bbox 890 2236 943 2258; x_wconf 83' lang='lat' dir='ltr'>ex-</span> 
     </span>
     <span class='ocr_line' id='line_1_78' title="bbox 185 2273 946 2324; baseline -0.008 -13"><span class='ocrx_word' id='word_1_520' title='bbox 185 2278 332 2324; x_wconf 81' lang='lat' dir='ltr'>peditum</span> <span class='ocrx_word' id='word_1_521' title='bbox 345 2276 390 2310; x_wconf 91' lang='lat' dir='ltr'>ob</span> <span class='ocrx_word' id='word_1_522' title='bbox 404 2278 488 2309; x_wconf 75' lang='lat' dir='ltr'>Dmae</span> <span class='ocrx_word' id='word_1_523' title='bbox 500 2277 651 2318; x_wconf 87' lang='lat' dir='ltr'>injuriam</span> <span class='ocrx_word' id='word_1_524' title='bbox 663 2274 807 2308; x_wconf 60' lang='lat' dir='ltr'>Simeonis</span> <span class='ocrx_word' id='word_1_525' title='bbox 818 2277 848 2308; x_wconf 90' lang='lat'>&amp;</span> <span class='ocrx_word' id='word_1_526' title='bbox 863 2273 946 2307; x_wconf 79' lang='lat' dir='ltr'>Lem&#39;</span> 
     </span>
     <span class='ocr_line' id='line_1_79' title="bbox 190 2323 946 2364; baseline -0.004 -4"><span class='ocrx_word' id='word_1_527' title='bbox 190 2328 326 2360; x_wconf 82' lang='lat' dir='ltr'>crudelis</span> <span class='ocrx_word' id='word_1_528' title='bbox 344 2328 377 2360; x_wconf 89' lang='lat' dir='ltr'>in</span> <span class='ocrx_word' id='word_1_529' title='bbox 399 2323 572 2358; x_wconf 70' lang='lat' dir='ltr'>Sichemttas</span> <span class='ocrx_word' id='word_1_530' title='bbox 592 2325 754 2364; x_wconf 69' lang='lat' dir='ltr'>vindi&amp;a,</span> <span class='ocrx_word' id='word_1_531' title='bbox 777 2328 808 2358; x_wconf 63' lang='grc' dir='ltr'>ὃ(</span> <span class='ocrx_word' id='word_1_532' title='bbox 823 2323 946 2358; x_wconf 84' lang='lat' dir='ltr'>hincab</span> 
     </span>
     <span class='ocr_line' id='line_1_80' title="bbox 190 2371 947 2421; baseline -0.003 -13"><span class='ocrx_word' id='word_1_533' title='bbox 190 2375 345 2408; x_wconf 85' lang='lat' dir='ltr'>omnibus</span> <span class='ocrx_word' id='word_1_534' title='bbox 363 2376 478 2409; x_wconf 81' lang='lat' dir='ltr'>vicinis</span> <span class='ocrx_word' id='word_1_535' title='bbox 498 2372 657 2420; x_wconf 74' lang='lat' dir='ltr'>praesent‘is</span> <span class='ocrx_word' id='word_1_536' title='bbox 678 2373 722 2407; x_wconf 89' lang='lat' dir='ltr'>sui</span> <span class='ocrx_word' id='word_1_537' title='bbox 748 2371 947 2421; x_wconf 86' lang='lat' dir='ltr'>suorumque</span> 
     </span>
     <span class='ocr_line' id='line_1_81' title="bbox 191 2422 949 2471; baseline -0.003 -13"><span class='ocrx_word' id='word_1_538' title='bbox 191 2424 344 2458; x_wconf 85' lang='lat' dir='ltr'>omniurn</span> <span class='ocrx_word' id='word_1_539' title='bbox 356 2425 542 2457; x_wconf 83' lang='lat' dir='ltr'>exterminii</span> <span class='ocrx_word' id='word_1_540' title='bbox 554 2425 736 2470; x_wconf 85' lang='lat' dir='ltr'>periculum</span> <span class='ocrx_word' id='word_1_541' title='bbox 752 2425 872 2471; x_wconf 84' lang='lat' dir='ltr'>premit</span> <span class='ocrx_word' id='word_1_542' title='bbox 886 2436 894 2456; x_wconf 90' lang='lat'><strong>:</strong></span> <span class='ocrx_word' id='word_1_543' title='bbox 908 2422 949 2456; x_wconf 89' lang='lat' dir='ltr'>ab</span> 
     </span>
     <span class='ocr_line' id='line_1_82' title="bbox 191 2469 949 2516; baseline -0.004 -8"><span class='ocrx_word' id='word_1_544' title='bbox 191 2473 256 2508; x_wconf 90' lang='lat' dir='ltr'>hoc</span> <span class='ocrx_word' id='word_1_545' title='bbox 268 2473 371 2507; x_wconf 85' lang='lat' dir='ltr'>exitio</span> <span class='ocrx_word' id='word_1_546' title='bbox 392 2481 539 2516; x_wconf 88' lang='lat' dir='ltr'>ereptum</span> <span class='ocrx_word' id='word_1_547' title='bbox 548 2473 735 2508; x_wconf 75' lang='lat' dir='ltr'>chariffimae</span> <span class='ocrx_word' id='word_1_548' title='bbox 760 2469 889 2506; x_wconf 66' lang='lat' dir='ltr'>Rachelis</span> <span class='ocrx_word' id='word_1_549' title='bbox 900 2474 949 2506; x_wconf 89' lang='lat' dir='ltr'>in-</span> 
     </span>
    </p>
   </div>
   <div class='ocr_carea' id='block_1_11' title="bbox 192 2508 1909 2620">
    <p class='ocr_par' dir='ltr' id='par_1_12' title="bbox 192 2508 1909 2620">
     <span class='ocr_line' id='line_1_83' title="bbox 192 2508 1909 2570; baseline -0.003 -15"><span class='ocrx_word' id='word_1_550' title='bbox 192 2522 361 2570; x_wconf 61' lang='lat' dir='ltr'>expeeinta</span> <span class='ocrx_word' id='word_1_551' title='bbox 373 2521 405 2554; x_wconf 91' lang='lat' dir='ltr'>in</span> <span class='ocrx_word' id='word_1_552' title='bbox 420 2520 592 2566; x_wconf 85' lang='lat' dir='ltr'>puerperio</span> <span class='ocrx_word' id='word_1_553' title='bbox 605 2533 696 2554; x_wconf 85' lang='lat' dir='ltr'>mors</span> <span class='ocrx_word' id='word_1_554' title='bbox 709 2545 717 2559; x_wconf 87' lang='lat'>,</span> <span class='ocrx_word' id='word_1_555' title='bbox 728 2521 872 2554; x_wconf 81' lang='lat' dir='ltr'>Reubenis</span> <span class='ocrx_word' id='word_1_556' title='bbox 883 2523 947 2567; x_wconf 83' lang='lat' dir='ltr'>pri·</span> <span class='ocrx_word' id='word_1_557' title='bbox 999 2523 1032 2555; x_wconf 91' lang='lat' dir='ltr'>in</span> <span class='ocrx_word' id='word_1_558' title='bbox 1050 2520 1160 2555; x_wconf 66' lang='lat' dir='ltr'>Attica</span> <span class='ocrx_word' id='word_1_559' title='bbox 1171 2520 1270 2568; x_wconf 69' lang='lat' dir='ltr'>quam</span> <span class='ocrx_word' id='word_1_560' title='bbox 1282 2519 1468 2554; x_wconf 73' lang='lat' dir='ltr'>Deucalionis</span> <span class='ocrx_word' id='word_1_561' title='bbox 1485 2520 1517 2553; x_wconf 89' lang='lat' dir='ltr'>in</span> <span class='ocrx_word' id='word_1_562' title='bbox 1530 2514 1688 2551; x_wconf 67' lang='lat' dir='ltr'>Thessalia</span> <span class='ocrx_word' id='word_1_563' title='bbox 1698 2528 1750 2549; x_wconf 89' lang='lat' dir='ltr'>ac·</span> <span class='ocrx_word' id='word_1_564' title='bbox 1770 2508 1909 2569; x_wconf 40' lang='lat' dir='ltr'>{Zffigl&#39;f1</span> 
     </span>
     <span class='ocr_line' id='line_1_84' title="bbox 193 2554 1879 2620; baseline -0.005 -13"><span class='ocrx_word' id='word_1_565' title='bbox 193 2572 354 2620; x_wconf 87' lang='lat' dir='ltr'>mogeniti</span> <span class='ocrx_word' id='word_1_566' title='bbox 368 2568 520 2604; x_wconf 85' lang='lat' dir='ltr'>incestus,</span> <span class='ocrx_word' id='word_1_567' title='bbox 535 2568 800 2616; x_wconf 68' lang='lat' dir='ltr'>Iofi’phz&#39;filiorum</span> <span class='ocrx_word' id='word_1_568' title='bbox 811 2569 949 2603; x_wconf 56' lang='lat' dir='ltr'>dileetis—</span> <span class='ocrx_word' id='word_1_569' title='bbox 999 2569 1099 2605; x_wconf 89' lang='lat' dir='ltr'>cidit,</span> <span class='ocrx_word' id='word_1_570' title='bbox 1127 2579 1163 2602; x_wconf 94' lang='lat' dir='ltr'>ut</span> <span class='ocrx_word' id='word_1_571' title='bbox 1180 2573 1213 2602; x_wconf 90' lang='lat'>&amp;</span> <span class='ocrx_word' id='word_1_572' title='bbox 1227 2566 1391 2601; x_wconf 48' lang='lat' dir='ltr'>Phaetonta?</span> <span class='ocrx_word' id='word_1_573' title='bbox 1412 2569 1444 2600; x_wconf 91' lang='lat' dir='ltr'>in</span> <span class='ocrx_word' id='word_1_574' title='bbox 1460 2566 1626 2612; x_wconf 80' lang='lat' dir='ltr'>AEthiopia</span> <span class='ocrx_word' id='word_1_575' title='bbox 1644 2562 1685 2599; x_wconf 89' lang='lat' dir='ltr'>ab</span> <span class='ocrx_word' id='word_1_576' title='bbox 1699 2577 1748 2599; x_wconf 83' lang='lat' dir='ltr'>ar·</span> <span class='ocrx_word' id='word_1_577' title='bbox 1767 2554 1879 2619; x_wconf 42' lang='lat' dir='ltr'>temposa.</span> 
     </span>
    </p>
   </div>
   <div class='ocr_carea' id='block_1_12' title="bbox 193 2617 953 3065">
    <p class='ocr_par' dir='ltr' id='par_1_13' title="bbox 193 2617 953 3065">
     <span class='ocr_line' id='line_1_85' title="bbox 194 2617 952 2658; baseline -0.007 -2"><span class='ocrx_word' id='word_1_578' title='bbox 194 2622 266 2656; x_wconf 83' lang='lat' dir='ltr'>fimi</span> <span class='ocrx_word' id='word_1_579' title='bbox 300 2617 456 2655; x_wconf 70' lang='lat' dir='ltr'>veriffime</span> <span class='ocrx_word' id='word_1_580' title='bbox 483 2619 624 2653; x_wconf 88' lang='lat' dir='ltr'>creditus</span> <span class='ocrx_word' id='word_1_581' title='bbox 650 2619 786 2653; x_wconf 83' lang='lat' dir='ltr'>laniatus</span> <span class='ocrx_word' id='word_1_582' title='bbox 798 2642 808 2658; x_wconf 93' lang='lat'>,</span> <span class='ocrx_word' id='word_1_583' title='bbox 823 2620 857 2652; x_wconf 91' lang='lat' dir='ltr'>in</span> <span class='ocrx_word' id='word_1_584' title='bbox 879 2617 952 2652; x_wconf 76' lang='lat' dir='ltr'>[1ch</span> 
     </span>
     <span class='ocr_line' id='line_1_86' title="bbox 193 2668 953 2716; baseline -0.005 -10"><span class='ocrx_word' id='word_1_585' title='bbox 193 2671 327 2706; x_wconf 83' lang='lat' dir='ltr'>summae</span> <span class='ocrx_word' id='word_1_586' title='bbox 337 2668 394 2703; x_wconf 87' lang='lat' dir='ltr'>suae</span> <span class='ocrx_word' id='word_1_587' title='bbox 406 2669 534 2715; x_wconf 85' lang='lat' dir='ltr'>reliquae</span> <span class='ocrx_word' id='word_1_588' title='bbox 544 2668 609 2716; x_wconf 86' lang='lat' dir='ltr'>spei</span> <span class='ocrx_word' id='word_1_589' title='bbox 619 2669 793 2703; x_wconf 83' lang='lat' dir='ltr'>decollatio</span> <span class='ocrx_word' id='word_1_590' title='bbox 804 2692 814 2708; x_wconf 92' lang='lat'>‚</span> <span class='ocrx_word' id='word_1_591' title='bbox 829 2669 953 2714; x_wconf 90' lang='lat' dir='ltr'>primo-</span> 
     </span>
     <span class='ocr_line' id='line_1_87' title="bbox 194 2716 952 2769; baseline -0.004 -14"><span class='ocrx_word' id='word_1_592' title='bbox 194 2722 383 2769; x_wconf 83' lang='lat' dir='ltr'>genitorum</span> <span class='ocrx_word' id='word_1_593' title='bbox 395 2722 463 2761; x_wconf 71' lang='lat' dir='ltr'>ejus</span> <span class='ocrx_word' id='word_1_594' title='bbox 479 2718 531 2750; x_wconf 82' lang='lat' dir='ltr'>Eri</span> <span class='ocrx_word' id='word_1_595' title='bbox 548 2722 578 2750; x_wconf 68' lang='grc' dir='ltr'>δε</span> <span class='ocrx_word' id='word_1_596' title='bbox 602 2716 952 2752; x_wconf 72' lang='lat' dir='ltr'>Onanisinfaustiffimae</span> 
     </span>
     <span class='ocr_line' id='line_1_88' title="bbox 195 2766 953 2814; baseline -0.003 -9"><span class='ocrx_word' id='word_1_597' title='bbox 195 2781 320 2805; x_wconf 85' lang='lat' dir='ltr'>mortes</span> <span class='ocrx_word' id='word_1_598' title='bbox 332 2793 341 2808; x_wconf 95' lang='lat'>,</span> <span class='ocrx_word' id='word_1_599' title='bbox 360 2767 453 2814; x_wconf 83' lang='lat' dir='ltr'>ipsius</span> <span class='ocrx_word' id='word_1_600' title='bbox 465 2779 537 2800; x_wconf 88' lang='lat' dir='ltr'>cum</span> <span class='ocrx_word' id='word_1_601' title='bbox 548 2780 631 2801; x_wconf 88' lang='lat' dir='ltr'>nuru</span> <span class='ocrx_word' id='word_1_602' title='bbox 648 2769 773 2801; x_wconf 76' lang='lat' dir='ltr'>Tamare</span> <span class='ocrx_word' id='word_1_603' title='bbox 786 2766 953 2803; x_wconf 84' lang='lat' dir='ltr'>scortatio,</span> 
     </span>
     <span class='ocr_line' id='line_1_89' title="bbox 197 2815 953 2865; baseline -0.004 -12"><span class='ocrx_word' id='word_1_604' title='bbox 197 2819 272 2853; x_wconf 87' lang='lat' dir='ltr'>hinc</span> <span class='ocrx_word' id='word_1_605' title='bbox 285 2818 414 2865; x_wconf 86' lang='lat' dir='ltr'>publica</span> <span class='ocrx_word' id='word_1_606' title='bbox 426 2815 530 2851; x_wconf 88' lang='lat' dir='ltr'>fames</span> <span class='ocrx_word' id='word_1_607' title='bbox 550 2819 584 2850; x_wconf 72' lang='grc' dir='ltr'>δε</span> <span class='ocrx_word' id='word_1_608' title='bbox 604 2817 729 2862; x_wconf 87' lang='lat' dir='ltr'>privata</span> <span class='ocrx_word' id='word_1_609' title='bbox 740 2818 773 2849; x_wconf 88' lang='lat' dir='ltr'>in</span> <span class='ocrx_word' id='word_1_610' title='bbox 786 2816 953 2862; x_wconf 78' lang='lat' dir='ltr'>Benjamini</span> 
     </span>
     <span class='ocr_line' id='line_1_90' title="bbox 197 2867 951 2916; baseline -0.004 -14"><span class='ocrx_word' id='word_1_611' title='bbox 197 2869 390 2916; x_wconf 85' lang='lat' dir='ltr'>abreptione</span> <span class='ocrx_word' id='word_1_612' title='bbox 403 2867 571 2900; x_wconf 85' lang='lat' dir='ltr'>calamitas</span> <span class='ocrx_word' id='word_1_613' title='bbox 595 2877 722 2900; x_wconf 85' lang='lat' dir='ltr'>tantum</span> <span class='ocrx_word' id='word_1_614' title='bbox 751 2877 819 2899; x_wconf 90' lang='lat' dir='ltr'>non</span> <span class='ocrx_word' id='word_1_615' title='bbox 843 2867 951 2913; x_wconf 90' lang='lat' dir='ltr'>oppri-</span> 
     </span>
     <span class='ocr_line' id='line_1_91' title="bbox 198 2914 952 2962; baseline 0 -12"><span class='ocrx_word' id='word_1_616' title='bbox 198 2929 311 2952; x_wconf 84' lang='lat' dir='ltr'>munt:</span> <span class='ocrx_word' id='word_1_617' title='bbox 339 2915 524 2960; x_wconf 84' lang='lat' dir='ltr'>hujusmodi</span> <span class='ocrx_word' id='word_1_618' title='bbox 540 2914 674 2950; x_wconf 85' lang='lat' dir='ltr'>aestuum</span> <span class='ocrx_word' id='word_1_619' title='bbox 694 2916 952 2962; x_wconf 83' lang='lat' dir='ltr'>reciprocatione</span> 
     </span>
     <span class='ocr_line' id='line_1_92' title="bbox 200 2964 949 3013; baseline 0 -14"><span class='ocrx_word' id='word_1_620' title='bbox 200 2966 257 2999; x_wconf 86' lang='lat' dir='ltr'>diu</span> <span class='ocrx_word' id='word_1_621' title='bbox 276 2971 307 3002; x_wconf 74' lang='lat' dir='ltr'>«Sc</span> <span class='ocrx_word' id='word_1_622' title='bbox 322 2964 464 3000; x_wconf 77' lang='lat' dir='ltr'>multum</span> <span class='ocrx_word' id='word_1_623' title='bbox 486 2976 619 3000; x_wconf 80' lang='lat' dir='ltr'>vexatus</span> <span class='ocrx_word' id='word_1_624' title='bbox 631 2990 641 3006; x_wconf 88' lang='lat'>,</span> <span class='ocrx_word' id='word_1_625' title='bbox 660 2965 793 3000; x_wconf 87' lang='lat' dir='ltr'>tandem</span> <span class='ocrx_word' id='word_1_626' title='bbox 806 2967 838 2999; x_wconf 90' lang='lat' dir='ltr'>in</span> <span class='ocrx_word' id='word_1_627' title='bbox 851 2968 949 3013; x_wconf 84' lang='lat' dir='ltr'>AEgy-</span> 
     </span>
     <span class='ocr_line' id='line_1_93' title="bbox 200 3013 948 3065; baseline 0.003 -17"><span class='ocrx_word' id='word_1_628' title='bbox 200 3015 248 3061; x_wconf 88' lang='lat' dir='ltr'>pti</span> <span class='ocrx_word' id='word_1_629' title='bbox 260 3027 389 3062; x_wconf 83' lang='lat' dir='ltr'>portum</span> <span class='ocrx_word' id='word_1_630' title='bbox 399 3016 548 3053; x_wconf 71' lang='lat' dir='ltr'>dcveetus</span> <span class='ocrx_word' id='word_1_631' title='bbox 559 3040 569 3057; x_wconf 92' lang='lat'><em>,</em></span> <span class='ocrx_word' id='word_1_632' title='bbox 585 3014 633 3051; x_wconf 84' lang='lat' dir='ltr'>ibi</span> <span class='ocrx_word' id='word_1_633' title='bbox 649 3013 878 3065; x_wconf 84' lang='lat' dir='ltr'>septemdecim</span> <span class='ocrx_word' id='word_1_634' title='bbox 901 3016 948 3050; x_wconf 92' lang='lat' dir='ltr'>ul—</span> 
     </span>
    </p>
   </div>
   <div class='ocr_carea' id='block_1_13' title="bbox 994 2070 1880 2168">
    <p class='ocr_par' dir='ltr' id='par_1_14' title="bbox 994 2070 1880 2168">
     <span class='ocr_line' id='line_1_94' title="bbox 1040 2070 1880 2125; baseline -0.004 -17"><span class='ocrx_word' id='word_1_635' title='bbox 1040 2074 1266 2108; x_wconf 81' lang='lat' dir='ltr'>Circumcirca</span> <span class='ocrx_word' id='word_1_636' title='bbox 1288 2071 1385 2107; x_wconf 88' lang='lat' dir='ltr'>hosce</span> <span class='ocrx_word' id='word_1_637' title='bbox 1403 2072 1471 2107; x_wconf 87' lang='lat' dir='ltr'>dies</span> <span class='ocrx_word' id='word_1_638' title='bbox 1496 2070 1604 2107; x_wconf 84' lang='lat' dir='ltr'>vixisse</span> <span class='ocrx_word' id='word_1_639' title='bbox 1624 2071 1750 2125; x_wconf 86' lang='lat' dir='ltr'>videtur</span> <span class='ocrx_word' id='word_1_640' title='bbox 1768 2088 1880 2125; x_wconf 64' lang='lat' dir='ltr'>Tempora</span> 
     </span>
     <span class='ocr_line' id='line_1_95' title="bbox 994 2119 1828 2168; baseline -0.006 -10"><span class='ocrx_word' id='word_1_641' title='bbox 994 2121 1090 2160; x_wconf 81' lang='lat' dir='ltr'>Iobus.</span> <span class='ocrx_word' id='word_1_642' title='bbox 1116 2123 1224 2168; x_wconf 77' lang='lat' dir='ltr'>Quod</span> <span class='ocrx_word' id='word_1_643' title='bbox 1236 2123 1332 2157; x_wconf 75' lang='lat' dir='ltr'>habet</span> <span class='ocrx_word' id='word_1_644' title='bbox 1343 2119 1427 2156; x_wconf 66' lang='lat' dir='ltr'>Philo</span> <span class='ocrx_word' id='word_1_645' title='bbox 1436 2122 1544 2157; x_wconf 83' lang='lat' dir='ltr'>Iudaeus</span> <span class='ocrx_word' id='word_1_646' title='bbox 1554 2123 1593 2155; x_wconf 87' lang='lat' dir='ltr'>de</span> <span class='ocrx_word' id='word_1_647' title='bbox 1606 2120 1748 2154; x_wconf 78' lang='lat' dir='ltr'>Iobzcum</span> <span class='ocrx_word' id='word_1_648' title='bbox 1766 2127 1828 2156; x_wconf 60' lang='lat' dir='ltr'>Ioln.</span> 
     </span>
    </p>
   </div>
   <div class='ocr_carea' id='block_1_14' title="bbox 996 2170 1787 2420">
    <p class='ocr_par' dir='ltr' id='par_1_15' title="bbox 996 2170 1787 2420">
     <span class='ocr_line' id='line_1_96' title="bbox 997 2170 1751 2220; baseline -0.007 -12"><span class='ocrx_word' id='word_1_649' title='bbox 997 2173 1081 2208; x_wconf 63' lang='lat' dir='ltr'>Dina</span> <span class='ocrx_word' id='word_1_650' title='bbox 1097 2174 1190 2207; x_wconf 78' lang='lat' dir='ltr'>Iacoln</span> <span class='ocrx_word' id='word_1_651' title='bbox 1201 2172 1267 2207; x_wconf 66' lang='lat' dir='ltr'>filia</span> <span class='ocrx_word' id='word_1_652' title='bbox 1277 2172 1447 2207; x_wconf 85' lang='lat' dir='ltr'>connubio</span> <span class='ocrx_word' id='word_1_653' title='bbox 1462 2174 1563 2220; x_wconf 83' lang='lat' dir='ltr'>gratis</span> <span class='ocrx_word' id='word_1_654' title='bbox 1575 2170 1640 2205; x_wconf 82' lang='lat' dir='ltr'>sine</span> <span class='ocrx_word' id='word_1_655' title='bbox 1657 2183 1751 2204; x_wconf 89' lang='lat' dir='ltr'>com-</span> 
     </span>
     <span class='ocr_line' id='line_1_97' title="bbox 996 2216 1787 2270; baseline -0.005 -12"><span class='ocrx_word' id='word_1_656' title='bbox 996 2224 1098 2258; x_wconf 89' lang='lat' dir='ltr'>modo</span> <span class='ocrx_word' id='word_1_657' title='bbox 1110 2222 1188 2257; x_wconf 87' lang='lat' dir='ltr'>teste</span> <span class='ocrx_word' id='word_1_658' title='bbox 1199 2222 1320 2263; x_wconf 74' lang='lat' dir='ltr'>asserit,</span> <span class='ocrx_word' id='word_1_659' title='bbox 1347 2222 1437 2270; x_wconf 91' lang='lat' dir='ltr'>quod</span> <span class='ocrx_word' id='word_1_660' title='bbox 1455 2233 1565 2256; x_wconf 90' lang='lat' dir='ltr'>autem</span> <span class='ocrx_word' id='word_1_661' title='bbox 1577 2216 1638 2254; x_wconf 56' lang='lat' dir='ltr'>Iob)</span> <span class='ocrx_word' id='word_1_662' title='bbox 1650 2219 1753 2254; x_wconf 85' lang='lat' dir='ltr'>bisto-</span> <span class='ocrx_word' id='word_1_663' title='bbox 1783 2250 1787 2254; x_wconf 90' lang='lat'>.</span> 
     </span>
     <span class='ocr_line' id='line_1_98' title="bbox 996 2270 1754 2320; baseline -0.008 -12"><span class='ocrx_word' id='word_1_664' title='bbox 996 2275 1039 2308; x_wconf 88' lang='lat' dir='ltr'>ria</span> <span class='ocrx_word' id='word_1_665' title='bbox 1052 2275 1085 2307; x_wconf 87' lang='lat' dir='ltr'>in</span> <span class='ocrx_word' id='word_1_666' title='bbox 1097 2272 1181 2308; x_wconf 87' lang='lat' dir='ltr'>hanc</span> <span class='ocrx_word' id='word_1_667' title='bbox 1193 2270 1340 2320; x_wconf 75' lang='lat' dir='ltr'>Epocham</span> <span class='ocrx_word' id='word_1_668' title='bbox 1353 2283 1426 2307; x_wconf 87' lang='lat' dir='ltr'>ante</span> <span class='ocrx_word' id='word_1_669' title='bbox 1436 2274 1560 2307; x_wconf 86' lang='lat' dir='ltr'>exitum</span> <span class='ocrx_word' id='word_1_670' title='bbox 1575 2272 1754 2315; x_wconf 81' lang='lat' dir='ltr'>conjicien-</span> 
     </span>
     <span class='ocr_line' id='line_1_99' title="bbox 997 2319 1752 2368; baseline -0.005 -11"><span class='ocrx_word' id='word_1_671' title='bbox 997 2324 1036 2357; x_wconf 85' lang='lat' dir='ltr'>da</span> <span class='ocrx_word' id='word_1_672' title='bbox 1064 2320 1103 2357; x_wconf 80' lang='lat' dir='ltr'>sit</span> <span class='ocrx_word' id='word_1_673' title='bbox 1119 2347 1130 2359; x_wconf 89' lang='lat'>‚</span> <span class='ocrx_word' id='word_1_674' title='bbox 1160 2334 1342 2357; x_wconf 89' lang='lat' dir='ltr'>commune</span> <span class='ocrx_word' id='word_1_675' title='bbox 1375 2321 1419 2356; x_wconf 84' lang='lat' dir='ltr'>est</span> <span class='ocrx_word' id='word_1_676' title='bbox 1447 2335 1508 2358; x_wconf 88' lang='lat' dir='ltr'>nec</span> <span class='ocrx_word' id='word_1_677' title='bbox 1534 2319 1752 2368; x_wconf 79' lang='lat' dir='ltr'>improbabile</span> 
     </span>
     <span class='ocr_line' id='line_1_100' title="bbox 997 2371 1441 2420; baseline -0.005 -13"><span class='ocrx_word' id='word_1_678' title='bbox 997 2372 1252 2420; x_wconf 79' lang='lat' dir='ltr'>Theologorum</span> <span class='ocrx_word' id='word_1_679' title='bbox 1262 2371 1441 2417; x_wconf 86' lang='lat' dir='ltr'>judicium.</span> 
     </span>
    </p>
   </div>
   <div class='ocr_carea' id='block_1_15' title="bbox 1043 2417 1907 2468">
    <p class='ocr_par' dir='ltr' id='par_1_16' title="bbox 1043 2417 1907 2468">
     <span class='ocr_line' id='line_1_101' title="bbox 1043 2417 1907 2468; baseline -0.006 -12"><span class='ocrx_word' id='word_1_680' title='bbox 1043 2422 1119 2457; x_wconf 90' lang='lat' dir='ltr'>Post</span> <span class='ocrx_word' id='word_1_681' title='bbox 1140 2419 1234 2455; x_wconf 77' lang='lat' dir='ltr'>lacobi</span> <span class='ocrx_word' id='word_1_682' title='bbox 1253 2419 1434 2455; x_wconf 87' lang='lat' dir='ltr'>discensum</span> <span class='ocrx_word' id='word_1_683' title='bbox 1455 2421 1489 2455; x_wconf 88' lang='lat' dir='ltr'>in</span> <span class='ocrx_word' id='word_1_684' title='bbox 1514 2422 1696 2468; x_wconf 79' lang='lat' dir='ltr'>AEgyptum</span> <span class='ocrx_word' id='word_1_685' title='bbox 1715 2428 1752 2450; x_wconf 85' lang='lat' dir='ltr'>u-</span> <span class='ocrx_word' id='word_1_686' title='bbox 1774 2417 1907 2446; x_wconf 72' lang='lat' dir='ltr'>Deucalio-</span> 
     </span>
    </p>
   </div>
   <div class='ocr_carea' id='block_1_16' title="bbox 1770 2459 1909 2490">
    <p class='ocr_par' dir='ltr' id='par_1_17' title="bbox 1770 2459 1909 2490">
     <span class='ocr_line' id='line_1_102' title="bbox 1770 2459 1909 2490; baseline -0.022 -4"><span class='ocrx_word' id='word_1_687' title='bbox 1770 2461 1818 2490; x_wconf 77' lang='lat' dir='ltr'>nis,</span> <span class='ocrx_word' id='word_1_688' title='bbox 1827 2459 1909 2486; x_wconf 72' lang='lat' dir='ltr'>Pba‘e&#39;.</span> 
     </span>
    </p>
   </div>
   <div class='ocr_carea' id='block_1_17' title="bbox 997 2467 1752 2519">
    <p class='ocr_par' dir='ltr' id='par_1_18' title="bbox 997 2467 1752 2519">
     <span class='ocr_line' id='line_1_103' title="bbox 997 2467 1752 2519; baseline -0.007 -13"><span class='ocrx_word' id='word_1_689' title='bbox 997 2482 1151 2519; x_wconf 87' lang='lat' dir='ltr'>trumque</span> <span class='ocrx_word' id='word_1_690' title='bbox 1167 2472 1362 2506; x_wconf 89' lang='lat' dir='ltr'>Graecorum</span> <span class='ocrx_word' id='word_1_691' title='bbox 1381 2470 1538 2505; x_wconf 87' lang='lat' dir='ltr'>diluvium</span> <span class='ocrx_word' id='word_1_692' title='bbox 1558 2481 1624 2503; x_wconf 84' lang='lat' dir='ltr'>tam</span> <span class='ocrx_word' id='word_1_693' title='bbox 1643 2467 1752 2516; x_wconf 67' lang='lat' dir='ltr'><em>Ogygis</em></span> 
     </span>
    </p>
   </div>
   <div class='ocr_carea' id='block_1_18' title="bbox 999 2614 1754 3063">
    <p class='ocr_par' dir='ltr' id='par_1_19' title="bbox 999 2614 1754 2900">
     <span class='ocr_line' id='line_1_104' title="bbox 1000 2614 1751 2661; baseline -0.005 -10"><span class='ocrx_word' id='word_1_694' title='bbox 1000 2618 1080 2652; x_wconf 90' lang='lat' dir='ltr'>dore</span> <span class='ocrx_word' id='word_1_695' title='bbox 1089 2616 1162 2650; x_wconf 86' lang='lat' dir='ltr'>solis</span> <span class='ocrx_word' id='word_1_696' title='bbox 1179 2616 1302 2650; x_wconf 81' lang='lat' dir='ltr'>siccitas</span> <span class='ocrx_word' id='word_1_697' title='bbox 1319 2643 1328 2657; x_wconf 89' lang='lat'>‚</span> <span class='ocrx_word' id='word_1_698' title='bbox 1356 2619 1389 2650; x_wconf 74' lang='grc' dir='ltr'>ὅ(</span> <span class='ocrx_word' id='word_1_699' title='bbox 1402 2614 1547 2661; x_wconf 82' lang='lat' dir='ltr'>segetum</span> <span class='ocrx_word' id='word_1_700' title='bbox 1559 2614 1751 2648; x_wconf 86' lang='lat' dir='ltr'>herbarum-</span> 
     </span>
     <span class='ocr_line' id='line_1_105' title="bbox 999 2664 1754 2714; baseline -0.004 -13"><span class='ocrx_word' id='word_1_701' title='bbox 999 2679 1062 2714; x_wconf 87' lang='lat' dir='ltr'>que</span> <span class='ocrx_word' id='word_1_702' title='bbox 1086 2665 1174 2714; x_wconf 85' lang='lat' dir='ltr'>quasi</span> <span class='ocrx_word' id='word_1_703' title='bbox 1198 2666 1389 2700; x_wconf 84' lang='lat' dir='ltr'>incendium</span> <span class='ocrx_word' id='word_1_704' title='bbox 1417 2664 1457 2699; x_wconf 89' lang='lat' dir='ltr'>ab</span> <span class='ocrx_word' id='word_1_705' title='bbox 1483 2665 1547 2699; x_wconf 88' lang='lat' dir='ltr'>hoc</span> <span class='ocrx_word' id='word_1_706' title='bbox 1574 2664 1754 2712; x_wconf 81' lang='lat' dir='ltr'>Astrologo</span> 
     </span>
     <span class='ocr_line' id='line_1_106' title="bbox 1000 2713 1754 2763; baseline -0.003 -14"><span class='ocrx_word' id='word_1_707' title='bbox 1000 2714 1204 2763; x_wconf 66' lang='lat' dir='ltr'>praedi&amp;um.</span> <span class='ocrx_word' id='word_1_708' title='bbox 1237 2719 1352 2761; x_wconf 79' lang='lat' dir='ltr'>Cecrops</span> <span class='ocrx_word' id='word_1_709' title='bbox 1388 2713 1634 2749; x_wconf 85' lang='lat' dir='ltr'>Atheniensium</span> <span class='ocrx_word' id='word_1_710' title='bbox 1666 2713 1754 2747; x_wconf 76' lang='lat' dir='ltr'>Most</span> 
     </span>
     <span class='ocr_line' id='line_1_107' title="bbox 1000 2763 1754 2813; baseline -0.004 -13"><span class='ocrx_word' id='word_1_711' title='bbox 1000 2777 1296 2813; x_wconf 86' lang='lat' dir='ltr'>contemporaneus</span> <span class='ocrx_word' id='word_1_712' title='bbox 1323 2764 1459 2799; x_wconf 87' lang='lat' dir='ltr'>habetur</span> <span class='ocrx_word' id='word_1_713' title='bbox 1478 2789 1487 2803; x_wconf 83' lang='lat'><em>,</em></span> <span class='ocrx_word' id='word_1_714' title='bbox 1520 2769 1551 2799; x_wconf 83' lang='lat'>&amp;</span> <span class='ocrx_word' id='word_1_715' title='bbox 1568 2775 1681 2798; x_wconf 83' lang='lat' dir='ltr'>tamen</span> <span class='ocrx_word' id='word_1_716' title='bbox 1702 2763 1754 2797; x_wconf 86' lang='lat' dir='ltr'>illc</span> 
     </span>
     <span class='ocr_line' id='line_1_108' title="bbox 999 2814 1754 2862; baseline -0.003 -14"><span class='ocrx_word' id='word_1_717' title='bbox 999 2816 1083 2849; x_wconf 86' lang='lat' dir='ltr'>inter</span> <span class='ocrx_word' id='word_1_718' title='bbox 1098 2817 1220 2862; x_wconf 86' lang='lat' dir='ltr'>primos</span> <span class='ocrx_word' id='word_1_719' title='bbox 1245 2815 1351 2862; x_wconf 81' lang='lat' dir='ltr'>Reges</span> <span class='ocrx_word' id='word_1_720' title='bbox 1373 2814 1548 2858; x_wconf 62' lang='grc' dir='ltr'>αὐτεχθένων</span> <span class='ocrx_word' id='word_1_721' title='bbox 1569 2814 1754 2862; x_wconf 84' lang='lat' dir='ltr'>primorum</span> 
     </span>
     <span class='ocr_line' id='line_1_109' title="bbox 1000 2865 1339 2900; baseline -0.006 0"><span class='ocrx_word' id='word_1_722' title='bbox 1000 2865 1129 2900; x_wconf 59' lang='grc' dir='ltr'>«Αἰήτα</span> <span class='ocrx_word' id='word_1_723' title='bbox 1142 2865 1339 2899; x_wconf 82' lang='lat' dir='ltr'>Incolarum.</span> 
     </span>
    </p>

    <p class='ocr_par' dir='ltr' id='par_1_20' title="bbox 999 2908 1752 3063">
     <span class='ocr_line' id='line_1_110' title="bbox 1049 2908 1752 2962; baseline -0.009 -14"><span class='ocrx_word' id='word_1_724' title='bbox 1049 2915 1101 2948; x_wconf 88' lang='lat' dir='ltr'>De</span> <span class='ocrx_word' id='word_1_725' title='bbox 1112 2914 1203 2948; x_wconf 87' lang='lat' dir='ltr'>rebus</span> <span class='ocrx_word' id='word_1_726' title='bbox 1213 2915 1306 2962; x_wconf 79' lang='lat' dir='ltr'>gestis</span> <span class='ocrx_word' id='word_1_727' title='bbox 1318 2928 1386 2949; x_wconf 88' lang='lat' dir='ltr'>non</span> <span class='ocrx_word' id='word_1_728' title='bbox 1398 2915 1503 2961; x_wconf 88' lang='lat' dir='ltr'>plura,</span> <span class='ocrx_word' id='word_1_729' title='bbox 1514 2922 1629 2960; x_wconf 88' lang='lat' dir='ltr'>utpote</span> <span class='ocrx_word' id='word_1_730' title='bbox 1641 2911 1691 2945; x_wconf 83' lang='lat' dir='ltr'>vel</span> <span class='ocrx_word' id='word_1_731' title='bbox 1703 2908 1752 2943; x_wconf 85' lang='lat' dir='ltr'>sa-</span> 
     </span>
     <span class='ocr_line' id='line_1_111' title="bbox 999 2958 1752 3004; baseline -0.004 -7"><span class='ocrx_word' id='word_1_732' title='bbox 999 2964 1040 2997; x_wconf 90' lang='lat' dir='ltr'>tis</span> <span class='ocrx_word' id='word_1_733' title='bbox 1051 2965 1140 2998; x_wconf 85' lang='lat' dir='ltr'>notis</span> <span class='ocrx_word' id='word_1_734' title='bbox 1155 2978 1191 2998; x_wconf 78' lang='lat' dir='ltr'>ex</span> <span class='ocrx_word' id='word_1_735' title='bbox 1207 2964 1353 2999; x_wconf 62' lang='lat' dir='ltr'>Historia</span> <span class='ocrx_word' id='word_1_736' title='bbox 1371 2965 1479 3004; x_wconf 58' lang='lat' dir='ltr'>Sacri,</span> <span class='ocrx_word' id='word_1_737' title='bbox 1498 2964 1546 3001; x_wconf 90' lang='lat' dir='ltr'>vel</span> <span class='ocrx_word' id='word_1_738' title='bbox 1557 2961 1640 2997; x_wconf 59' lang='lat' dir='ltr'>fietis</span> <span class='ocrx_word' id='word_1_739' title='bbox 1658 2964 1691 2995; x_wconf 61' lang='grc' dir='ltr'>δεῖ</span> <span class='ocrx_word' id='word_1_740' title='bbox 1704 2958 1752 2994; x_wconf 85' lang='lat' dir='ltr'>fa-</span> 
     </span>
     <span class='ocr_line' id='line_1_112' title="bbox 1001 3011 1326 3063; baseline 0.006 -15"><span class='ocrx_word' id='word_1_741' title='bbox 1001 3013 1121 3050; x_wconf 83' lang='lat' dir='ltr'>bulofis</span> <span class='ocrx_word' id='word_1_742' title='bbox 1130 3027 1167 3050; x_wconf 82' lang='lat' dir='ltr'>ex</span> <span class='ocrx_word' id='word_1_743' title='bbox 1181 3011 1326 3063; x_wconf 51' lang='lat' dir='ltr'>profan&amp;-</span> 
     </span>
    </p>
   </div>
   <div class='ocr_carea' id='block_1_19' title="bbox 1331 3155 1750 3195">
    <p class='ocr_par' dir='ltr' id='par_1_21' title="bbox 1331 3155 1750 3195">
     <span class='ocr_line' id='line_1_113' title="bbox 1331 3155 1750 3195; baseline -0.007 0"><span class='ocrx_word' id='word_1_744' title='bbox 1331 3159 1413 3195; x_wconf 78' lang='lat' dir='ltr'>Cz</span> <span class='ocrx_word' id='word_1_745' title='bbox 1648 3155 1750 3192; x_wconf 72' lang='lat' dir='ltr'>CA-</span> 
     </span>
    </p>
   </div>
  </div>
 </body>
</html>
