2048 3343
291 126 340 161 94
573 107 934 148 ‘Oprnxs

292 195 364 218 rum
377 181 392 217 ὲ
403 181 551 218 civilibus
562 207 570 222 ,
585 181 673 230 quafi
687 182 782 230 quod
800 195 890 217 anno
905 182 1039 217 duode-

292 234 384 266 cimo
405 230 494 267 sacro
513 236 656 282 contigit
671 258 681 273 ,
701 234 731 267 id
752 233 934 267 undecimo
953 232 1038 266 civili

291 280 604 329 potueritaccidiffe.
633 285 753 316 Verum
775 281 968 327 hujusmodi
985 281 1039 316 di-

292 331 476 365 stinetionis
488 333 629 366 rationes
642 344 750 378 neque
762 331 836 366 satis
846 331 1040 380 expediunt,

290 392 400 426 neque
422 378 563 414 omnino
583 382 746 427 probant.
790 383 901 428 Itaque
918 382 952 414 in
972 379 1037 414 alio

293 429 530 476 acquiescimus
550 427 710 478 responso·
725 441 800 464 cum
814 431 900 465 notis
912 431 1040 477 nuperis

293 479 487 526 Anglicanis
505 504 515 520 ‚
539 478 663 515 scilicet
679 478 807 513 utlibet
819 479 946 513 mature
957 479 1042 512 cala-

294 530 389 563 mitas
408 528 547 575 Judaica
569 529 612 564 ad
631 530 768 573 EzeQelis
780 528 1040 578 &Babyloniorum

292 590 386 612 aures
400 581 586 626 pervenerit
597 604 605 619 ‚
618 590 731 612 tamen
741 589 811 610 non
825 588 898 609 ante
911 586 1042 620 tempus

291 624 467 675 praefatum
488 630 707 662 narrationem
721 626 908 660 distinctam
921 623 963 658 de
974 622 1042 659 tot&

292 675 381 710 urbis
395 680 428 711 &
443 679 549 723 gentis
569 679 666 712 etiam
685 674 759 721 post
771 674 893 707 Gerloliae
903 673 1044 714 caedem,

291 726 521 760 internecione
533 725 574 759 ab
587 721 723 769 autoptfi
734 723 883 769 quodam
904 722 980 757 teste
991 723 1040 756 in.

290 774 436 808 stitutam
456 804 464 816 ‚
497 775 602 808 multo
621 775 708 808 enim
727 782 876 819 tempore
900 772 974 817 post
994 784 1042 806 tes

289 825 437 871 petastas
464 829 495 859 δι
513 822 601 857 fama
627 819 765 856 confusa
783 819 941 868 dispersas
956 830 1042 854 certa

291 871 606 907 circumstantiarum
629 873 750 905 notitia
769 870 810 904 ab
829 872 941 908 aliquo
960 880 1039 914 prae-

288 922 452 962 sentium,
471 922 661 957 nationibus
682 921 802 968 procul
821 916 937 954 diffitis
956 917 1041 954 solet

291 972 548 1006 communicari.

438 1069 744 1109 QuAEsa-xo
787 1068 895 1096 XL11.

314 1143 465 1191 Qomoclo
481 1140 759 1179 Nebuchadnezar
776 1142 881 1178 viderit
888 1140 1018 1187 statuam

423 1205 499 1228 armo
505 1193 627 1240 secundo
639 1196 671 1229 ό·
682 1194 772 1227 etiam
783 1200 888 1238 quarto
897 1193 912 1222 ,Ρ

295 1273 519 1350 QUaeritur
528 1273 584 1322 qui
594 1273 786 1308 concilietur
795 1271 931 1318 quintus
943 1270 1043 1304 1.Da-

372 1323 463 1357 nielis
476 1336 552 1358 cum
565 1326 677 1371 primo
693 1320 824 1356 secundi
837 1346 846 1362 ‚
867 1319 1043 1367 posteriori

289 1370 371 1407 loco
393 1373 477 1408 vidit
503 1374 755 1408 Nebuclmclnezar
784 1371 922 1405 statuam
951 1379 1042 1402 anno

289 1419 351 1456 suo
364 1420 508 1457 secundo
520 1440 530 1463 ς
542 1425 646 1471 priori
659 1431 805 1470 apparet,
816 1430 887 1454 non
900 1416 958 1451 nisi
969 1417 1044 1465 post

291 1482 449 1517 quartum
475 1471 640 1506 somnium
666 1471 748 1505 illud
780 1469 1045 1505 Nebuchadnezari

291 1519 464 1556 obvenisse
481 1535 489 1556 ι
508 1533 576 1555 non
587 1523 677 1556 enim
690 1519 781 1567 prius
791 1521 876 1553 inter
885 1515 1044 1565 sapientes

290 1567 470 1615 Babylonis
489 1571 522 1604 in
540 1568 719 1618 conspectu
731 1569 836 1616 Regis
848 1568 952 1602 Daniel
963 1578 1044 1600 con-

289 1617 370 1652 stitit
382 1645 392 1661 ‚
412 1632 487 1653 nam
502 1621 582 1654 totis
593 1618 699 1654 tribus
711 1620 807 1652 annis
815 1616 887 1664 post
897 1617 1041 1665 primum

289 1668 560 1704 Nebucliadnezaris
595 1682 664 1716 quo
697 1667 819 1710 lankimi
853 1667 954 1700 tertio
988 1675 1044 1699 aut

290 1730 414 1763 quarto
427 1718 466 1753 de
477 1717 592 1765 Judaefi
609 1716 813 1765 Babylonem
825 1716 974 1761 captivus
983 1713 1043 1748 ab—

291 1767 411 1802 duetus
423 1767 481 1804 est,
492 1769 619 1802 vacavit
633 1769 762 1814 privato
773 1765 880 1800 studio
894 1763 1043 1799 scientia-

292 1828 366 1850 tum
388 1816 656 1852 Chaldaicarum.
689 1814 785 1863 Resp.
811 1814 886 1849 1³0st
902 1816 1044 1866 Hierony-

292 1878 374 1900 mum
388 1865 644 1901 Pontificiorum
659 1862 965 1911 chronologorum
979 1865 1045 1910 pri-

294 1916 387 1949 marii
406 1913 531 1950 versum
548 1928 576 1951 1.
602 1916 759 1962 capitisz.
780 1924 954 1961 exponunt
976 1925 1045 1947 non

296 1965 341 1999 de
352 1965 472 2013 Regno
484 1990 494 2006 ‚
512 1963 565 1999 sed
577 1965 615 1999 de
629 1962 826 1999 Monarchiii
835 1964 1046 1998 Nebuchadne-

294 2015 390 2052 zecris:
401 2016 490 2058 ajunt
501 2012 593 2060 loqui
606 2025 705 2062 caput
717 2015 860 2061 primum
871 2014 910 2047 de
923 2015 1046 2061 Regno

294 2076 364 2111 quo
374 2063 495 2105 Ioakimi
504 2065 602 2097 tertio
614 2065 647 2097 in
657 2063 739 2098 solio
751 2063 959 2110 Babylonico
972 2061 1047 2111 post

294 2123 424 2161 patrem
437 2113 519 2147 sedit
530 2114 782 2150 Nebuchadneear
804 2138 815 2153 ‚
839 2112 896 2147 sed
910 2123 1046 2146 monar-

296 2161 405 2196 chiam
438 2162 666 2208 Babylonicam
698 2162 771 2210 post
796 2161 861 2196 hoc
889 2162 1045 2208 regnandi

293 2211 493 2259 principium
514 2212 626 2244 multis
652 2212 746 2244 annis
770 2210 922 2256 incepiffe
947 2221 1046 2244 autu—

296 2271 389 2293 mant
402 2285 410 2300 ,
420 2259 492 2308 post
503 2260 624 2294 scilicet
636 2258 804 2293 subactam
817 2261 994 2305 AEgyptum
1009 2263 1044 2292 δε

293 2310 417 2343 vicinas
437 2319 554 2344 omnes
572 2309 721 2355 regiones
745 2331 755 2347 ,
781 2307 875 2354 quod
892 2306 1044 2341 Torm'ellm

293 2369 366 2392 non
386 2370 462 2392 ante
483 2359 589 2405 Regni
606 2355 795 2392 vicefimum
816 2357 951 2390 tertium
970 2380 980 2396 ,
1007 2359 1042 2390 δε

291 2410 556 2454 HenricusPhilippi
568 2419 638 2441 non
650 2417 723 2441 ante
734 2404 838 2440 tricefi
845 2417 934 2440 mum
947 2406 1043 2452 quin-

290 2467 363 2491 tum
377 2456 527 2492 accidisse
539 2456 734 2493 arbitratur:
754 2465 922 2502 utcunque
932 2453 1043 2489 secun-

290 2506 372 2540 dum
385 2505 475 2540 illum
491 2518 613 2541 annum
627 2534 635 2546 ‚
651 2509 745 2551 cujus
757 2508 863 2539 Daniel
877 2505 1041 2544 meminit,

293 2555 336 2590 de
348 2555 491 2590 secundo
502 2556 705 2589 Monarcliiae
718 2566 786 2588 non
799 2555 908 2602 Regni
922 2556 1041 2588 volunt

292 2606 538 2652 accipiendum.
574 2599 822 2652 Acquiescerem
843 2605 878 2636 in
900 2603 958 2637 hac
969 2601 1041 2636 sen-

292 2654 394 2688 tentifi
406 2678 415 2691 ‚
434 2653 491 2687 nisi
503 2653 761 2687 incommodum
774 2651 941 2687 videretur
950 2652 1042 2685 annis

291 2705 374 2738 totis
394 2705 525 2751 triginta
540 2714 595 2736 aut
608 2699 786 2735 minimum
804 2700 921 2748 viginti
934 2700 1041 2734 Danie-

290 2755 347 2788 lem
369 2753 440 2800 post
458 2751 545 2786 suam
558 2751 782 2797 captivitatem
804 2750 909 2783 virum
923 2746 1041 2782 obscu-

291 2815 366 2836 rum
383 2806 415 2837 &
429 2799 692 2838 Nebuclmdnezari
705 2798 911 2845 incogintum
927 2794 1041 2832 effice-

291 2863 327 2885 re
346 2876 356 2891 ,
379 2853 469 2898 quod
482 2849 660 2885 secundum
673 2847 757 2881 hanc
767 2848 965 2881 sententiam
980 2848 1041 2881 erit

290 2900 502 2934 necessiirium
517 2912 524 2933 t
539 2911 628 2934 auno
640 2900 729 2932 enim
742 2896 800 2930 illo
812 2909 913 2944 quem
925 2897 1042 2931 dicunt

290 2949 500 2984 Monarcbiae
511 2947 692 2984 secundum
710 2971 720 2988 ,
748 2947 905 2993 &Regni
925 2943 1041 2980 vicesi-

292 3009 385 3032 mum
406 3001 541 3033 tertium
576 3010 632 3032 aut
656 2994 859 3031 tricesimum
887 2996 1039 3042 quintum

291 3058 362 3091 quo
377 3048 511 3083 statuam
523 3050 554 3083 in
564 3046 687 3082 somno
700 3043 867 3091 conspexit
881 3046 952 3079 Rex
964 3069 974 3085 ‚
989 3045 1041 3079 vix

292 3094 335 3127 de
369 3099 506 3130 nomine
533 3098 640 3131 Daniel
671 3093 728 3142 ipsi
761 3092 1039 3140 cognoscebatur.

292 3142 451 3183 Praeterc&
473 3143 495 3176 fi
521 3145 758 3179 Chaldaeorum
782 3142 980 3177 Monarchia
1004 3146 1038 3177 &

294 3191 405 3228 statuae
416 3189 498 3228 illius
513 3204 611 3241 caput
623 3206 759 3229 aureum
776 3204 848 3229 non
857 3203 933 3243 ante
942 3192 1041 3229 Nebu-

993 103 1477 150 HxsTo‘R101

1081 184 1270 222 chadnezaris
1280 184 1478 219 tricesimum
1497 185 1650 233 quintum
1660 186 1833 239 inceperit,

1085 233 1176 269 brevi
1202 236 1284 269 adeo
1311 237 1473 282 temporis
1504 235 1607 283 spatio
1633 240 1832 276 Monarchia

1085 281 1153 317 haec
1165 283 1296 319 duravit
1306 309 1316 325 ‚
1331 296 1366 318 ut
1379 287 1419 319 ad
1433 295 1623 320 caeterarum
1638 291 1734 322 trium
1747 288 1836 324 inse-

1086 335 1259 377 quentium
1272 335 1380 380 Pevficae
1390 361 1399 375 ‚
1409 341 1501 369 Graecae
1515 359 1523 375 ,
1541 339 1575 369 &
1586 343 1729 371 ‘Romanae
1738 339 1836 373 dura·

1086 382 1210 422 tiones,
1233 382 1356 417 nullam
1370 384 1476 432 prope
1505 387 1756 432 proportionem
1777 387 1837 420 ha-

1088 426 1196 463 buerit
1215 445 1224 470 3
1253 430 1328 465 cum
1351 444 1460 466 tamen
1479 431 1495 467 ὲ
1516 433 1615 481 vulgo
1636 434 1836 483 scriptorum

1088 478 1289 513 Monarchia
1306 481 1542 517 chaldaeorum
1559 495 1746 518 ceterarum
1768 487 1840 532 pri-

1089 538 1141 560 ma
1160 527 1267 563 multo
1288 532 1440 566 omniurn
1464 531 1647 578 longiffima
1665 533 1839 580 perhibea-

1088 586 1150 610 tur.
1185 578 1246 611 His
1264 579 1490 615 incommodis
1500 579 1593 627 preffi
1607 581 1647 615 ad
1661 582 1839 618 secundam

1087 624 1290 662 declinamus
1305 627 1497 664 sententiam
1509 632 1598 671 Iunii,
1611 643 1712 677 quern
1725 634 1844 667 neoda-

1087 684 1131 709 tus
1150 679 1186 710 δε
1206 678 1382 726 Anglicani
1401 682 1629 713 Annotat‘ores
1641 682 1774 727 utrique
1787 680 1838 715 se-

1088 736 1256 770 quuntur,
1273 739 1394 761 annum
1413 726 1533 762 scilicet
1551 740 1613 775 prae
1625 730 1777 764 manibus
1791 730 1844 764 se-

1088 774 1360 822 cundum,neque
1368 775 1408 811 ad
1421 777 1576 825 Regnum
1587 790 1692 826 neque
1705 779 1746 814 ad
1758 781 1841 813 Mo-

1087 822 1253 856 narchiam
1266 826 1539 863 Nebuclmdnezarii
1548 826 1770 868 referendum,
1780 828 1839 863 sed

1089 869 1132 903 ad
1143 869 1229 904 aliud
1240 875 1438 919 principium
1457 899 1468 915 ‚
1487 886 1619 922 tempus
1636 877 1838 922 scilicetquo

1089 918 1164 967 post
1182 921 1342 955 triennale
1363 923 1526 967 privatum
1560 927 1700 961 studium
1730 927 1840 962 Daniel

1091 980 1166 1002 cum
1181 968 1274 1003 sociis
1287 971 1318 1002 in
1332 968 1508 1016 conspecoru
1520 974 1620 1021 Regis
1632 976 1710 1010 stare
1725 978 1842 1024 coepir,

1092 1018 1190 1065 quod
1209 1018 1241 1052 in
1261 1019 1699 1066 Nebuclmdnezariiquintum
1718 1029 1750 1058 δε
1767 1034 1840 1060 loa-

1090 1067 1160 1108 Aimi
1177 1079 1305 1102 nonum
1328 1070 1451 1104 incidit.
1479 1070 1587 1104 Unica
1608 1072 1691 1106 hanc
1712 1072 1842 1108 senten-

1091 1117 1170 1151 tiam
1192 1117 1341 1161 objeffio
1356 1120 1494 1166 premit,
1514 1131 1641 1154 textum
1659 1121 1779 1157 scilicet
1790 1121 1842 1156 sa-

1091 1178 1186 1201 crum
1205 1165 1352 1214 expresse
1371 1179 1491 1201 vocare
1506 1181 1629 1203 annum
1641 1172 1842 1218 praedidhim

1092 1216 1272 1251 secundum
1293 1218 1402 1265 Regni
1420 1219 1702 1266 Nebitclmdnezam.
1738 1220 1845 1269 Resp.

1090 1266 1842 1314 ItaquidemInterpretemLatinum,Gallurn,
1875 1264 1878 1267 Δ

1091 1318 1126 1350 &
1145 1317 1350 1364 Anglicanos
1371 1328 1436 1350 tam
1458 1328 1583 1352 veteres
1604 1321 1702 1366 quim
1729 1331 1844 1354 novos

1087 1365 1201 1399 locum
1224 1364 1398 1400 transferre
1415 1382 1426 1400 .·
1451 1366 1514 1400 Sed
1531 1368 1844 1414 interpretationem

1090 1415 1165 1450 lunii
1187 1418 1222 1449 &
1250 1416 1376 1450 Deodati
1390 1415 1461 1449 satis
1482 1417 1662 1451 commode
1682 1415 1744 1451 fert
1767 1418 1843 1451 He-

1090 1463 1194 1498 braeus
1217 1461 1296 1498 fons
1312 1487 1320 1500 ‚
1338 1462 1460 1499 scilicet
1472 1467 1503 1499 in
1515 1478 1603 1501 anno
1615 1465 1761 1500 secundo
1772 1478 1843 1501 non

1089 1514 1219 1562 Regni,
1235 1513 1290 1548 sed
1301 1514 1379 1548 dum
1390 1526 1541 1560 regnaret
1555 1527 1608 1550 aut
1619 1517 1650 1549 in
1663 1527 1767 1563 regno
1780 1522 1841 1550 Le-

1086 1564 1216 1599 malcutl)
1235 1586 1244 1599 ‚
1261 1561 1330 1596 haec
1350 1562 1512 1610 expositio
1523 1565 1751 1613 objectionem
1766 1562 1843 1611 abs3

1088 1625 1154 1659 que
1163 1611 1309 1647 elusione
1320 1610 1418 1648 facile
1429 1613 1535 1650 elidit.

1221 1710 1296 1749 Qu
1318 1715 1355 1741 ΛΕ
1377 1713 1393 1740 s
1420 1714 1447 1740 T
1471 1713 1534 1741 10
1575 1713 1725 1753 xmus

1120 1785 1200 1817 Num
1217 1794 1288 1818 unm
1305 1782 1420 1820 tannim
1439 1784 1727 1821 Nebuchadnezar
1736 1786 1816 1833 filius

1173 1831 1443 1881 Nabopolass'aris
1452 1847 1505 1870 non
1514 1835 1748 1871 Nabonassaris
1759 1840 1774 1871 ?

1101 1911 1320 1993 QUaeritur
1345 1914 1495 1962 quisnam
1522 1914 1574 1950 ille
1591 1916 1628 1951 de
1653 1928 1721 1963 quo
1742 1918 1845 1952 toties

1180 1962 1347 2010 Prophetae
1364 1991 1374 2004 ,
1394 1966 1645 2002 Nebuchadnezar
1665 1966 1763 2001 fuerit
1776 1991 1786 2006 ,
1809 1972 1845 2000 δε

1094 2013 1275 2057 quomodo
1287 2013 1305 2047 :i
1317 2015 1510 2061 Nabonaffare
1521 2018 1555 2049 &
1567 2013 1845 2061 Nabopolaffare‚de

1094 2060 1214 2108 quibus
1224 2072 1290 2097 tam
1303 2063 1409 2098 multa
1417 2065 1569 2098 nudiores
1581 2063 1850 2111 profani‚distin-

1094 2111 1246 2158 guendus
1263 2117 1276 2146 ?
1312 2112 1412 2161 Resp.
1439 2114 1592 2160 Qidarn
1624 2125 1689 2147 tam
1717 2114 1847 2159 antiqui

1095 2159 1196 2206 quzlm
1208 2164 1411 2196 recentiores
1422 2164 1593 2209 geminum
1607 2160 1734 2194 faciunt
1747 2163 1847 2196 Nebu-

1094 2210 1305 2245 chadnezarem
1318 2235 1327 2249 ,
1344 2221 1466 2257 patrem
1485 2213 1519 2243 δε
1541 2209 1645 2242 silium
1658 2212 1845 2257 cognomi-

1094 2267 1153 2289 nes
1164 2280 1171 2291 ,
1188 2255 1243 2289 sed
1257 2259 1490 2305 multiplicatio
1505 2257 1572 2292 haec
1586 2259 1680 2292 nullo
1697 2258 1843 2294 necessa-

1092 2303 1143 2337 rio
1159 2301 1382 2341 fundamento
1394 2309 1465 2340 nixa
1488 2305 1505 2341 ἓι
1523 2310 1684 2355 plerisque
1697 2307 1845 2343 doffiff-

1093 2354 1155 2386 mis
1168 2357 1201 2387 &
1213 2355 1438 2391 cordatiffimis
1453 2367 1522 2390 tam
1537 2356 1843 2405 Chronologorum

1091 2401 1190 2448 qussam
1201 2405 1375 2451 Scriptura:
1385 2409 1604 2454 interpretum
1619 2431 1629 2444 ‚
1638 2409 1791 2452 rejicitur,
1803 2412 1841 2443 &

1091 2464 1162 2498 quae
1173 2453 1551 2502 Nebicchaelnezariprimo
1563 2455 1786 2496 ascribuntur,
1804 2468 1842 2490 ea

1093 2501 1325 2550 Nabopolaffari‚
1343 2502 1614 2542 Nebuchadnezaris
1639 2507 1722 2551 patri
1747 2506 1844 2538 attri-

1093 2549 1209 2585 buunt.
1235 2554 1289 2587 De
1300 2555 1519 2601 Nabopolaffare
1529 2553 1611 2587 nihil
1622 2553 1714 2588 sacrae
1725 2554 1838 2594 litcrae,

1091 2598 1222 2646 profani
1241 2613 1350 2637 tamen
1368 2604 1518 2635 auetores
1539 2602 1644 2635 multa
1663 2624 1673 2638 ‚
1696 2615 1768 2649 quae
1786 2604 1844 2638 alii

1091 2648 1170 2682 nulli
1203 2649 1302 2695 quim
1335 2649 1610 2688 Nabuchadnezaria
1646 2654 1731 2700 patri
1755 2664 1840 2698 cong

1091 2708 1224 2744 gruunt.

1128 2747 1331 2794 Nabonaffaris
1339 2747 1592 2785 celeberrimum
1604 2750 1689 2786 estin
1702 2749 1835 2784 historia

1092 2797 1220 2830 exotica
1231 2809 1355 2831 nomen
1372 2823 1382 2839 ,
1410 2812 1478 2833 non
1490 2798 1638 2846 quodibi
1653 2801 1835 2845 quicquam

1092 2844 1134 2879 de
1155 2844 1252 2880 rebus
1277 2848 1346 2890 ejus
1372 2848 1468 2896 gestis
1485 2848 1610 2897 legatur
1627 2873 1637 2888 ‚
1664 2847 1717 2881 sed
1740 2848 1837 2894 quod

1091 2896 1255 2930 Ptolemaeus
1267 2895 1563 2944 Chronologorum
1577 2900 1610 2931 δε
1622 2897 1840 2932 Mathemati-

1091 2955 1205 2976 corum
1223 2943 1340 2978 diebus
1360 2948 1494 2980 Antonini
1512 2947 1718 2992 Imperatoris
1735 2946 1835 2982 facil&

1089 2993 1725 3041 princeps,·Chaldaeorfi‚AEgyptioriim‚
1740 2999 1834 3030 Grae-

1090 3043 1692 3080 corum,&Romanorumhistoriisac
1703 3046 1837 3079 ratioci-

1090 3092 1151 3124 niis
1163 3101 1355 3138 temporum
1374 3091 1610 3127 accuratissime
1629 3093 1838 3141 compositis,

1091 3140 1266 3174 Canonern
1287 3152 1387 3186 quern
1408 3143 1542 3175 vocavit
1560 3143 1835 3176 Mathenmticum

1090 3187 1304 3240 construxerit
1322 3203 1335 3232 3
1367 3193 1459 3238 cujus
1484 3203 1580 3239 caput
1605 3191 1774 3228 constituit
1802 3194 1837 3225 in

1234 3238 1238 3241 ’
1266 3238 1271 3240 ’
1606 3240 1614 3241 ’
1740 3241 1844 3276 Nabo-
