2048 3343
1034 69 1435 108 SECUNDA.‘
1696 79 1760 114 109

1002 135 1221 170 haereticorum
1233 135 1271 169 de
1285 135 1402 170 Divina
1415 132 1537 169 effentia
1554 145 1673 168 errores
1685 134 1758 182 post

1003 195 1119 219 veteres
1137 183 1351 222 Manichaeos
1363 208 1372 223 ,
1395 184 1432 218 ad
1450 183 1543 231 usque
1559 193 1664 217 natum
1682 187 1756 218 Vor-

994 232 1107 276 stium,
1123 234 1211 280 pauci
1224 232 1301 266 adeo
1315 230 1381 266 sunt
1392 255 1401 269 ,
1417 242 1466 272 ut,
1480 232 1502 266 si
1513 233 1546 266 in
1557 244 1653 267 unum
1665 233 1756 267 colli-

1002 292 1110 328 gantur
1130 281 1322 321 fasciculum‚
1342 290 1448 328 quarta
1459 281 1548 315 unius
1561 280 1754 316 semihorulae

1002 331 1107 376 portio
1121 331 1158 364 iis
1169 330 1365 377 perlegendis
1377 329 1498 364 abunde
1511 327 1646 365 sufficiat.

1051 378 1153 427 Qod
1165 379 1276 412 ultimo
1289 377 1446 426 quaesitum
1465 376 1525 417 cst,
1544 391 1596 412 cur
1608 402 1617 415 ,
1641 377 1663 412 fi
1682 378 1752 410 Vor-
1766 396 1888 433 Modestia

996 425 1069 470 llius
1080 439 1116 461 ex
1129 437 1177 461 tot
1188 424 1310 461 nefariis
1322 427 1484 462 haeresibus
1499 426 1642 462 consutus
1655 425 1727 462 esset
1739 451 1750 466 ‚
1766 447 1823 465 cum
1836 438 1891 480 zet,

1002 475 1130 511 dixerim
1147 473 1244 524 ipsum
1256 476 1351 511 videri
1363 475 1440 510 duos
1453 474 1691 510 fundamentales
1704 488 1752 510 er·
1767 476 1826 505 bell&
1845 476 1920 514 ‘0²2st-

1002 537 1087 560 rores
1100 523 1284 560 defendere?
1308 524 1408 559 Facile
1424 523 1608 572 respondeo,
1626 526 1658 559 in
1673 525 1752 559 duo-
1761 519 1818 554 stit.

553 69 965 108 DIATR13A

212 151 281 173 rum
297 138 385 184 spatia
399 137 541 185 partitum
553 162 564 178 ‚
582 135 676 178 sedin
689 135 739 172 sua
751 135 856 171 naturz‘i
865 134 973 171 &sub-

212 187 320 222 stantia
334 187 566 222 immutabiliter
578 197 825 233 permanentem:
846 197 910 219 non
924 195 968 218 ta-

211 239 241 273 le
254 249 365 284 corpus
385 238 461 271 Deo
477 237 632 270 tribuebat
643 260 653 274 ‚
683 237 769 279 cujus
789 245 888 281 partes
904 233 967 266 aliae

212 288 350 322 minores
365 310 375 325 ‚
402 286 464 319 aliae
484 288 615 328 majores
634 285 749 318 valeant
768 293 820 316 aut
836 281 968 316 debeant

212 337 358 383 cogitari,
386 334 406 368 si
421 333 584 381 Augustmo
603 331 771 370 credimus,
790 329 892 364 haeresi
911 330 966 363 68.

212 385 339 428 istarum
353 381 579 417 excusationum
593 380 673 415 nulla
685 379 790 425 Vorftio
803 379 966 426 competit;

211 448 283 469 nam
297 433 382 481 quod
392 434 466 466 Deo
475 443 585 477 corpus
593 429 744 468 attribuit,
764 427 918 476 negatesse
932 440 966 461 u-

212 484 324 531 bique,
347 492 436 529 negat
454 479 578 526 usquam
593 478 649 514 esse
662 489 765 513 totum
777 477 883 519 fimul;
896 479 968 511 Vor-

208 533 263 579 stro
279 533 342 567 Dei
356 544 466 575 corpus
477 532 521 564 cst
533 530 602 565 vete
615 540 776 570 magnum,
796 532 828 562 &
840 526 967 576 qualita-

49 1832 153 1868 erstim

48 1873 183 1901 Tmhcitas

44 1912 195 1950 supergredi-

46 1960 99 1981 tur.

9 2021 14 2069 l

53 2567 182 2594 Haremo-

213 583 296 616 tibus
312 580 496 626 subjectum,
512 578 615 614 naturai
629 566 797 612 &essentia
810 575 968 616 mutabile,

214 634 300 676 cujus
315 642 411 678 partes
434 631 464 663 in
482 632 599 674 majore
619 625 806 661 coexistente
825 625 892 660 sunt
904 637 968 659 ma-

213 682 296 726 jores
306 705 314 720 ,
322 685 351 715 &
363 681 392 713 in
400 680 520 713 minore
529 675 717 712 coexistente
724 677 872 710 minores.
897 674 966 708 Ge-

213 731 339 765 nuinam
353 728 429 762 hanc
450 727 552 772 [instit
570 728 606 760 de
622 725 686 759 Dei
704 737 837 772 corpore
849 722 967 758 senteu-

213 780 303 818 tiam,
323 780 383 813 loci
402 776 546 812 tractatus
559 776 596 810 de
610 776 701 813 Deo,
722 775 924 822 apologeticae
937 777 967 808 δι

212 829 391 876 exegeticae,
411 827 462 861 ubi
474 827 529 860 hac
543 826 579 860 de
593 837 624 858 re
638 824 752 871 agitur,
766 825 845 858 inter
859 821 887 857 se
901 823 968 856 col-

212 878 263 912 lati
272 875 605 924 apcrt'edcmonstrant,
620 874 813 921 quantumvis
821 872 967 920 tergiver-

213 926 267 961 sari
281 939 422 961 conetur.

261 977 386 1011 Tertio.
408 974 508 1018 Qiod
522 972 721 1008 Vorstianum
732 973 923 1019 Dei.corpus
942 971 966 1004 i-

211 1025 377 1074 psisiimum
388 1024 614 1059 Manithaicum
627 1023 671 1063 sit,
688 1034 770 1070 patet
781 1036 816 1055 ex
828 1021 963 1068 Apolog-

213 1079 334 1122 cap.18.
357 1075 503 1122 prcctipua
513 1074 593 1106 cuim
604 1097 610 1107 ,
620 1085 712 1118 quam
725 1072 757 1104 in
771 1070 967 1106 Manichaico

211 1126 419 1171 Dcicorpme
434 1124 547 1156 notavit
562 1121 685 1170 August.
701 1119 863 1154 absurditas
886 1129 963 1158 erat,

212 1175 299 1222 quoti
309 1174 495 1224 [cantitatur
508 1170 643 1211 inferius,
661 1184 699 1204 ne
712 1169 857 1204 contad'lm
872 1178 968 1202 terre-

213 1237 321 1258 narum
337 1222 531 1256 tentbrarum
546 1223 749 1267 polluert·tur;
762 1220 823 1262 jam
832 1217 968 1251 verone-

211 1286 262 1321 gat
270 1272 392 1317 Vorstzm
402 1273 473 1305 loco
482 1272 591 1305 citato,
607 1267 967 1314 divinaesubstantiae‚quae

210 1322 266 1366 ipsi
279 1321 322 1356 est
335 1334 446 1368 corpus
456 1345 464 1358 ,
484 1320 703 1366 ubiquitatem;
716 1314 909 1362 affirmatque
923 1317 968 1350 in-

210 1370 257 1406 fra
271 1372 399 1404 interris
423 1370 555 1403 divinam
579 1365 771 1401 substantiam
788 1365 886 1400 abesse
898 1390 909 1406 ,
936 1370 967 1401 &

210 1417 688 1467 separarianntiltiplicibtislocis,
707 1416 744 1450 ab
753 1415 900 1449 omnibus
915 1413 970 1449 sci-

211 1471 300 1508 licet,
317 1469 466 1515 inquibus
481 1467 629 1500 humanus
639 1466 745 1499 oculus
753 1463 872 1500 foedum
880 1465 968 1512 quic-

211 1532 304 1567 quam
319 1530 366 1551 aut
386 1518 442 1551 vile
463 1515 594 1562 speetat:
619 1515 684 1549 liaec
703 1525 804 1548 autem
818 1526 969 1560 corporea

212 1568 359 1616 separatio
373 1571 402 1601 &
416 1565 546 1600 absentia
561 1564 620 1598 sine
628 1563 820 1598 Manichaicz'i
833 1561 970 1598 scissione

213 1623 243 1654 ἃ
259 1617 356 1651 fiffurfi
371 1616 413 1650 cst
427 1614 630 1662 impoffibilis.
663 1614 831 1648 Concludo
843 1626 919 1661 ergo
932 1613 969 1648 ad

212 1669 345 1717 primum
362 1665 520 1714 quaesitum
540 1662 785 1709 responsionem;
812 1660 968 1697 absurdioe

212 1731 260 1752 res
276 1716 375 1751 multo
389 1717 426 1750 de
440 1718 515 1750 Deo
531 1713 747 1760 speculationes
757 1712 860 1758 Vorstia·
875 1713 967 1762 quam

214 1765 599 1816 Anthropomorphitarum.

267 1816 367 1864 Qod
387 1816 424 1849 de
445 1815 657 1859 Triformitznis
675 1813 865 1862 quaerebatur
877 1838 888 1854 ‚
913 1810 970 1847 five

216 1865 294 1900 istos
311 1866 460 1913 intelligas
475 1865 526 1912 qui
540 1876 599 1897 tres
613 1866 704 1898 Deos
714 1862 856 1900 afferunt,
874 1861 970 1910 vulgo

220 1916 396 1955 ‘Tirtheimm
418 1914 463 1948 seu
479 1915 667 1960 potiusquos
675 1913 776 1947 haeresi
789 1926 846 1959 74.
865 1910 970 1947 descri-

217 1966 264 1999 bit
277 1964 480 2013 Augustrmu;
508 1964 561 2010 qui
581 1976 678 1997 unum
695 1962 815 1997 tantum
827 1962 973 1997 volebant

217 2016 342 2054 Deum,
375 2012 422 2047 sed
436 2016 500 2058 ejus
514 2012 666 2046 essentiam
679 2012 855 2046 dividebant
868 2013 899 2045 in
912 2023 972 2046 tres

215 2076 330 2112 partes,
362 2064 399 2096 ita
417 2074 450 2096 ut
464 2065 577 2110 integra
592 2064 656 2096 Dei
669 2060 790 2096 essentia
803 2075 839 2096 ex
852 2061 973 2109 singulis

216 2113 280 2147 istis
296 2112 428 2160 partibus
440 2114 663 2157 completorum
688 2113 738 2156 ajo
752 2109 884 2159 utrisque
897 2123 972 2158 prae-

217 2165 395 2210 ponendum
418 2162 570 2194 Vorffmm
591 2174 656 2194 non
683 2161 854 2195 curiositate
872 2160 972 2195 modo

218 2216 249 2247 &
262 2213 416 2259 periculo,
447 2209 495 2243 scd
512 2211 602 2243 etiam
621 2208 801 2243 absurditate
815 2223 969 2244 errorum:

216 2262 299 2295 Nam
312 2272 509 2306 praettrquam
523 2258 610 2304 quod
623 2261 732 2292 doceat
745 2259 850 2292 omnia
863 2270 930 2306 quae
943 2257 969 2290 i-

218 2309 277 2357 psi,
301 2321 361 2341 tres
376 2309 406 2340 in
428 2309 504 2340 Deo
517 2305 652 2339 essentias
666 2307 781 2339 realiter
795 2305 971 2339 differentes

218 2357 424 2396 constituens3
439 2353 556 2401 insuper
568 2354 649 2388 addit
657 2367 692 2388 ex
700 2352 764 2393 su0,
775 2364 883 2399 praeter
897 2353 972 2387 isto-

217 2420 287 2442 rum
299 2418 378 2445 treS,
403 2416 540 2449 quartam
554 2404 584 2436 in
603 2404 727 2437 Divinis
741 2402 911 2441 essentiam,
935 2403 973 2436 de

219 2460 280 2505 qua
288 2456 362 2489 nihil
373 2454 532 2488 ‘Ti-uheitae,
548 2452 623 2486 nibil
635 2453 834 2498 Thformiani
841 2449 973 2486 somnia-

220 2517 301 2541 runt.
328 2506 455 2551 Excgst.
472 2515 539 2550 pag.
549 2507 596 2548 36.

268 2555 413 2588 Tertium
433 2551 633 2599 Opponentis
652 2551 876 2599 interrogatum
890 2549 949 2585 fuit
964 2575 972 2590 ,

53 2614 110 2631 rum
126 2604 154 2629 de
173 2601 206 2638 cs·
224 2617 298 2638 num
319 2616 378 2652 (go
398 2615 507 2636 omnes
528 2602 669 2635 omnium
687 2600 904 2635 haereticorum
922 2613 976 2647 per

0 2674 4 2683 ν
51 2642 131 2680 fimm'
139 2644 209 2669 αἰνι-

57 2682 90 2709 na*
100 2692 189 2710 errores

54 2724 133 2759 pauci.

225 2666 320 2688 annos
344 2665 429 2697 ¹300·
448 2650 666 2699 speculationes
681 2653 718 2684 dc
739 2652 815 2685 Deo
830 2647 973 2698 perlegis-

224 2702 284 2737 sem
301 2706 313 2736 ?
340 2703 449 2736 Fateor
465 2700 609 2748 equidem
622 2700 730 2733 lubens
746 2701 777 2734 in
791 2710 975 2748 argumento
990 2727 992 2733 ,

224 2754 333 2799 quovis
347 2751 488 2785 lec-”tionis
501 2761 575 2783 meae
586 2747 769 2795 profundam
782 2750 957 2795 pauperiem
968 2762 977 2790 ;

224 2801 274 2836 sed
295 2800 449 2848 pauxilluli
469 2799 636 2832 admodum
653 2798 803 2844 temporis
820 2796 954 2831 studium
967 2822 976 2837 ,

223 2851 370 2899 quicquid
385 2850 421 2883 ab
436 2850 627 2895 Opponente
641 2848 803 2894 quaeritur,
819 2846 896 2880 valet
908 2845 978 2880 asse-

223 2901 287 2948 qui.
321 2901 442 2933 Omnes
457 2898 598 2931 omnium
612 2896 827 2930 haereticorum
847 2896 978 2943 evulgati
993 2924 995 2934 ι

223 2961 341 2983 errores
350 2948 515 2981 doctorum
530 2947 687 2994 diligentia
700 2946 730 2979 in
738 2957 851 2992 paucos
864 2957 977 2991 nequa-

223 3011 316 3045 quam
326 2996 409 3029 vastae
422 3010 450 3029 m
461 2997 636 3043 ignitudinis
645 2995 743 3029 libros
752 2993 891 3040 congesti
901 2993 979 3034 sunt3

226 3060 321 3094 quos,
343 3046 454 3092 quibus
468 3046 585 3078 animus
599 3044 662 3080 est,
683 3044 833 3078 mediocri
847 3042 978 3090 diligen-

227 3097 269 3130 tia
288 3096 391 3141 paucis
413 3092 564 3127 mensibus
582 3092 785 3140 perstringere
805 3092 900 3125 licet:
930 3091 979 3126 sed

228 3145 315 3193 quod
327 3142 420 3177 nobis
438 3144 561 3178 unicum
581 3154 641 3190 prae
654 3143 795 3178 manibus
814 3153 896 3176 nunc
909 3140 954 3176 est
965 3165 975 3181 ‚

1003 574 1059 609 bus
1080 573 1183 620 Vorstii
1199 574 1302 610 erratis
1318 572 1411 608 fixisse
1426 586 1475 608 me
1487 575 1598 620 pedem
1610 599 1621 615 ‚
1651 573 1754 608 studio

1002 623 1120 659 tantum
1133 623 1318 672 properandi
1335 623 1372 658 ad
1385 623 1454 657 alias
1467 623 1688 659 controversias
1697 648 1707 662 ‚
1724 623 1757 657 in

1002 674 1115 721 quibus
1133 674 1245 719 majori
1261 685 1332 707 cum
1343 670 1446 707 fructu
1466 683 1586 720 tempus
1602 674 1660 707 teri
1672 682 1760 719 puta-

1002 723 1091 764 bam,
1105 723 1197 770 quam
1212 722 1233 756 sl
1246 723 1352 757 omnia
1371 721 1456 756 istius
1467 722 1686 758 novaturientis
1697 720 1761 756 hae-

1002 774 1089 807 retici
1106 771 1224 808 somnia
1242 770 1449 820 persequerer.
1483 771 1583 820 Qod
1602 782 1708 806 autem
1722 771 1761 809 de

1001 822 1109 857 divinae
1121 819 1517 869 essentiaeomnipraesentia,
1537 825 1569 856 &
1583 823 1696 856 unitate
1709 833 1761 855 er-

1001 884 1086 906 rores
1099 881 1205 918 praeter
1217 882 1337 905 ceteros
1352 871 1545 905 nominarem
1556 895 1565 907 ‚
1580 867 1695 906 fastum
1703 869 1760 912 est,

1001 922 1070 969 quia
1080 931 1155 955 nota
1168 920 1245 955 mihi
1257 930 1342 954 erant
1356 919 1517 966 versipellis
1525 920 1579 954 viri
1593 918 1744 960 κςησφόνῶι
1754 941 1764 954 ›

1001 970 1116 1016 quibus
1132 971 1163 1004 in
1179 968 1329 1017 plerisque
1349 969 1415 1003 aliis
1429 970 1547 1016 placitis
1561 967 1631 1002 suos
1645 966 1762 1002 solebat

1001 1017 1099 1054 sensus
1119 1020 1275 1055 involvere
1291 1043 1300 1058 ‚
1333 1019 1419 1066 quod
1440 1019 1472 1052 in
1494 1018 1660 1052 nominatis
1682 1017 1762 1051 nati-

1000 1082 1035 1103 va
1053 1069 1225 1117 argumenti
1247 1066 1438 1116 perspicuitas
1459 1078 1525 1102 non
1548 1065 1763 1115 permittebat.

1003 1120 1102 1170 Qod
1114 1131 1191 1154 voce
1211 1118 1375 1164 [Vadetur]
1397 1115 1462 1150 usus
1477 1115 1546 1153 sim,
1573 1128 1641 1150 mea
1653 1114 1763 1148 mode-

1001 1167 1055 1201 stia
1072 1165 1185 1214 culpati
1200 1179 1266 1200 non
1281 1166 1403 1202 debuit,
1423 1166 1455 1199 in
1471 1164 1536 1213 ipso
1550 1163 1763 1212 disputationis

1002 1217 1125 1256 limine,
1138 1217 1212 1250 dum
1227 1229 1288 1264 ego
1302 1213 1470 1249 accusarem
1480 1240 1490 1256 ,
1505 1216 1682 1261 Opponens
1690 1215 1764 1247 Vor-

995 1265 1089 1310 stz'um
1108 1263 1287 1300 defenderet
1301 1289 1311 1304 ‚
1336 1276 1500 1311 antequam
1522 1265 1594 1298 ullas
1621 1275 1679 1310 pro
1692 1264 1763 1298 mea

1002 1313 1150 1351 sententia
1169 1315 1302 1349 rationes
1320 1313 1525 1361 produxissem
1538 1338 1548 1353 ‚
1577 1325 1644 1347 non
1660 1311 1764 1346 decuit

1004 1366 1064 1401 ulla
1076 1365 1126 1400 vel
1139 1363 1367 1411 magnificentia
1381 1387 1391 1402 ,
1421 1363 1465 1397 vel
1482 1362 1636 1410 asperitate
1649 1361 1765 1396 verbo-

1003 1427 1070 1449 rum
1083 1415 1144 1455 uti,
1156 1425 1332 1462 quanquam
1340 1412 1478 1446 vocabuli
1496 1412 1660 1459 [videtur]
1679 1408 1766 1445 usur-

1002 1465 1086 1511 patio
1098 1488 1109 1504 ,
1133 1465 1251 1511 vulgata
1272 1462 1306 1497 sit
1321 1462 1398 1508 apud
1413 1463 1564 1509 principes
1578 1472 1640 1495 tam
1656 1458 1766 1494 Philo-

1003 1513 1132 1561 sophos,
1158 1526 1252 1560 quam
1261 1510 1518 1559 Jurisconsultos‚
1537 1511 1611 1545 dum
1631 1508 1764 1543 firmiss-

1003 1576 1082 1603 maS,
1103 1567 1134 1597 &
1148 1560 1366 1597 fundatiffimas
1380 1559 1443 1595 suas
1459 1559 1673 1596 conclusiones
1687 1570 1764 1606 pro-

1003 1622 1130 1661 ponunt.

1049 1662 1107 1697 Ista
1120 1658 1258 1710 praefatus
1280 1661 1458 1708 Opponens
1480 1660 1597 1695 accedit
1609 1659 1646 1694 ad
1659 1657 1761 1707 figen-‘

1002 1713 1075 1747 dum
1089 1710 1300 1747 controversiae
1313 1710 1436 1745 statum:
1452 1711 1482 1744 in
1495 1709 1541 1744 his
1549 1722 1616 1758 quae
1624 1707 1758 1744 huicde-

1003 1812 1102 1860 inquit
1120 1835 1129 1850 ,
1153 1810 1281 1859 quaestio
1301 1810 1338 1845 de
1357 1810 1457 1844 divina
1472 1809 1662 1857 simplicitate
1674 1809 1738 1842 inte

1004 1862 1116 1897 don-os
1129 1861 1257 1909 agitatur
1271 1862 1303 1895 in
1310 1871 1471 1907 utramque
1482 1870 1616 1906 partem,
1634 1861 1755 1892 &utra-

1004 1926 1064 1961 que
1077 1923 1144 1959 pars
1163 1909 1234 1945 suos
1253 1908 1388 1945 fautores
1407 1909 1510 1943 habet.
1536 1906 1628 1954 Resp.
1644 1907 1754 1942 Nemo

1005 1960 1163 2010 quisquam
1181 1971 1250 1995 ante
1270 1959 1413 2004 Wrstinm
1429 1958 1561 1992 divinam
1583 1955 1754 2004 simplicita-
1769 1963 1822 1989 vit.

1004 2023 1067 2046 tem
1080 2011 1280 2059 oppugnavit.
1303 2008 1447 2043 Nonsibi
1461 2006 1535 2042 solet
1542 2005 1645 2040 virhic
1658 2003 1757 2040 deeffe

1007 2063 1037 2095 in
1050 2060 1256 2109 congerendis
1272 2059 1442 2093 doetorum
1457 2055 1658 2091 testimoniis,
1679 2054 1757 2102 siqui

1007 2111 1056 2145 vel
1067 2109 1319 2148 protestantium,
1329 2108 1376 2141 vel
1385 2105 1633 2141 Pontificiorum2
1647 2104 1695 2139 vel
1706 2116 1760 2140 ve-

1006 2161 1077 2195 teris
1092 2158 1234 2194 Ecclesiae
1242 2162 1363 2192 Parrum
1378 2156 1485 2190 adduci
1502 2153 1624 2202 possunt
1636 2152 1762 2188 suorum

1006 2210 1232 2256 paradoxorum
1249 2206 1385 2254 patroni:
1402 2203 1449 2238 scd
1462 2206 1493 2238 in
1507 2216 1539 2238 re
1549 2202 1761 2250 praesentinul-

1006 2260 1069 2292 lum
1081 2257 1097 2291 a
1111 2268 1271 2303 quoquam
1284 2258 1348 2299 jota
1360 2254 1404 2287 est
1419 2252 1628 2300 producibile,
1648 2251 1759 2286 fiexci-

1005 2403 1042 2436 de
1055 2403 1112 2436 hac
1124 2401 1304 2435 auctoritate
1318 2400 1465 2447 gloriatur
1478 2398 1619 2444 Vorstius,
1634 2396 1684 2432 sed
1695 2396 1759 2433 fru-

1007 2452 1073 2486 stra.
1094 2452 1179 2486 Nam
1192 2450 1270 2484 liber
1284 2451 1334 2484 ille
1347 2448 1434 2496 plane
1442 2446 1555 2496 spurius
1569 2447 1629 2487 est,
1642 2448 1762 2495 aliquot

1007 2511 1158 2535 annorum
1185 2500 1329 2534 centuriis
1351 2497 1422 2545 post
1445 2499 1588 2532 denatum
1613 2495 1762 2544 Justinum

1007 2549 1210 2596 conscriptus,
1224 2560 1256 2583 ut
1268 2549 1315 2582 vel
1330 2548 1458 2595 primam
1473 2545 1764 2593 inspe&antipagel-

1008 2602 1066 2634 lam
1079 2598 1219 2647 liquebit.
1247 2598 1335 2647 Qid
1348 2597 1430 2631 enim
1443 2596 1553 2645 Justc'no
1566 2608 1636 2630 cum
1650 2597 1763 2631 effla-

1008 2649 1135 2684 nichaev's,
1149 2661 1220 2682 cum
1236 2649 1378 2694 Omgyne,
1399 2658 1471 2680 cum
1484 2648 1599 2682 lrenaeo,
1619 2645 1688 2681 viris
1701 2644 1761 2680 isto

1009 2698 1109 2734 seculo
1122 2697 1261 2732 nondum
1274 2697 1306 2730 in
1319 2697 1419 2730 lucem
1432 2695 1520 2730 editis
1534 2698 1546 2728 ?

1055 2749 1208 2783 Numerat
1227 2744 1351 2790 Vorstius
1371 2745 1568 2791 quadraginta
1584 2742 1693 2792 Justini
1715 2757 1763 2778 ra·

1009 2799 1109 2832 tiones
1122 2806 1229 2830 contra
1242 2796 1308 2829 Dei
1325 2794 1544 2840 simplicitatem
1559 2806 1569 2832 ;
1595 2797 1627 2827 ὅ(
1638 2794 1765 2840 quidem

1011 2860 1046 2881 cx
1064 2847 1126 2880 hoc
1143 2857 1225 2893 penu
1239 2842 1362 2878 suorum
1382 2843 1531 2889 praecipua
1549 2843 1581 2875 in
1598 2842 1660 2876 hoc
1672 2855 1762 2889 argu-

1011 2906 1118 2929 mento
1126 2895 1164 2929 de
1177 2893 1275 2928 verbo
1288 2894 1324 2927 ad
1336 2892 1462 2927 verbum
1477 2890 1602 2935 Vorstius
1615 2892 1764 2939 deprom-

1011 2944 1085 2992 psit:
1112 2955 1244 2978 attamen
1263 2943 1413 2989 pleraeque
1431 2940 1553 2975 istarum
1567 2941 1765 2988 quadraginta

1012 2995 1167 3027 rationum
1186 2992 1264 3026 adeo
1282 2992 1415 3024 ridiculae
1433 2988 1518 3026 sunt,
1544 3002 1577 3024 ut
1595 3002 1697 3024 earum
1710 3003 1766 3037 pu.

1012 3044 1080 3076 deat
1103 3040 1200 3088 ipsum
1218 3040 1372 3084 Vorstium.
1396 3037 1576 3074 Confitetur
1589 3040 1672 3074 enirn
1691 3043 1765 3074 Vor-

1009 3091 1078 3133 [hus
1091 3091 1200 3125 divina:
1212 3089 1375 3123 voluntatis
1386 3086 1560 3123 facultatem
1567 3088 1685 3123 realiter
1692 3101 1764 3123 ean-

1012 3141 1083 3176 dem
1100 3152 1172 3176 cum
1187 3137 1309 3173 essentia
1321 3161 1330 3176 ‚
1356 3136 1430 3220 ideg
1442 3137 1515 3172 dum
1527 3136 1655 3186 disputat
1666 3137 1704 3172 de
1716 3137 1764 3219 dai-

1437 3199 1452 3219 o
1477 3199 1490 3232 ς
1675 3197 1724 3221 ver
1751 3208 1763 3213 -

1003 1762 1090 1797 stinat
1104 1760 1215 1808 scopo,
1239 1774 1304 1795 non
1320 1773 1412 1808 pauca
1431 1760 1597 1807 displicent.
1623 1756 1730 1793 Primo
1742 1781 1752 1798 ,
1769 1763 1871 1790 Primus

1740 1819 1755 1841 r
1770 1802 1875 1838 Volstim
1886 1799 1924 1828 ὀί·

1768 1839 1928 1877 vinamfim-

1766 1883 1905 1920 plicitatem

1768 1928 1893 1959 oppugna-

1005 2308 1069 2353 pias
1082 2318 1179 2339 unum
1193 2304 1300 2351 Justim'
1313 2304 1465 2350 Martyris
1477 2303 1637 2336 traebatum
1653 2300 1758 2347 quaest.
1772 2307 1826 2343 Post
1836 2308 1907 2344 Pseu-

1005 2353 1125 2389 Christ.
1141 2353 1178 2386 ad
1191 2353 1296 2386 Graec.
1311 2352 1414 2398 quaest.
1429 2364 1453 2396 3.
1466 2351 1623 2389 Multum,
1643 2347 1756 2390 fateor,
1772 2347 1875 2384 :insusti-

1773 2397 1844 2415 num.
