2048 3343
264 101 323 146 136
566 88 1543 137 DEPRAEDEsrrNATroNE,

271 161 382 210 possint
395 160 430 194 ad
443 159 536 193 ullum
547 158 661 192 malum
675 155 703 191 se
711 166 909 191 convertere:
922 157 1033 190 volun-

272 222 347 245 tates
366 210 457 243 etiam
472 208 605 242 Diaboli
620 232 630 246 ,
657 211 687 241 δι
702 207 918 240 damnatorum
931 205 1032 239 multo

271 258 513 293 lubentissime&
523 255 679 291 liberrime
687 257 865 304 praeeligunt
873 255 1029 292 malamul-

273 310 300 342 la
317 319 420 342 tamen
440 306 509 354 ipsis
529 306 709 354 relinquitur
729 306 867 352 potentia
887 305 964 339 velle
983 315 1034 338 aut

272 358 446 405 praeeligere
459 356 630 404 quidquam
644 355 730 403 quod
743 354 787 388 est
800 354 931 389 bonum.
958 356 1033 388 Hoc

274 405 417 441 concesso
431 405 536 452 sponte
550 407 610 439 ruit
623 416 709 438 tuum
724 415 941 452 argumentum
955 404 1033 438 ane-

275 456 404 490 ccffitate
417 454 561 502 peccandi
575 456 605 487 in
620 454 778 501 reprobis,
801 453 949 487 docemus
965 453 1033 499 qui-

274 506 345 539 dcm
359 505 543 552 irregenitos
555 516 618 537 non
633 502 717 550 posse
735 504 900 548 concipere
915 504 1032 549 cogita-

274 555 394 588 tionem
405 554 520 587 bonam
530 576 538 589 ‚
556 566 620 586 non
635 551 717 599 posse
736 553 906 598 producere
915 551 1034 583 bonum

275 601 428 642 fruc‘tum,
441 616 505 636 non
520 601 604 649 posse
617 601 674 635 esse
690 602 809 635 bonos,
825 599 873 633 sed
888 597 945 632 esse
963 611 1033 646 pec-

276 665 395 686 catores
412 651 592 687 necessarii),
609 655 639 685 &
654 650 722 696 ipsis
738 649 916 682 incumbere
933 647 1032 682 neces-

276 702 390 736 sitatem
404 700 653 748 specificationis,
668 711 701 733 ac
718 699 827 745 ligatos
841 697 899 731 esse
915 697 964 731 sufi
972 699 1033 732 cul-

275 752 313 799 pi
326 753 361 785 ad
376 752 504 789 malum,
521 750 622 783 donec
634 748 715 795 ipsos
730 749 794 782 Dei
811 748 906 796 gratia
924 747 1034 782 libera—

275 802 362 835 verit.
919 810 927 817 ³·

325 848 424 895 Qiod
443 847 479 881 ad
504 846 707 881 necessitatem
729 845 986 881 contradistionis
1005 849 1035 880 δι

276 898 426 936 exercitii,
439 909 545 941 parum
554 897 590 930 ad
605 908 662 929 uos
677 894 805 942 spectat,
827 897 863 929 da
876 897 933 930 illis
948 906 1034 943 pote-

274 948 381 981 statem
394 945 565 980 abstinendi
580 946 618 979 ab
634 946 784 992 aliquibus
801 947 951 992 peccatis,
971 943 1038 979 satis

275 997 367 1030 nobis
382 994 425 1029 est
440 1020 449 1035 ‚
476 994 496 1029 si
521 993 686 1029 necessario
701 999 729 1030 &
750 1006 853 1029 tamen
872 995 968 1031 libere
983 994 1040 1028 sint

275 1056 466 1092 peccatores,
476 1058 531 1078 nec
539 1043 661 1091 possunt
670 1044 726 1078 esse
736 1045 812 1078 boni
823 1056 890 1079 ante
900 1046 1036 1092 gratiam.

276 1093 339 1142 Ipse
351 1094 531 1128 Aristoteles
539 1095 630 1128 docet
644 1094 788 1128 homines
801 1092 926 1128 vitiosos
936 1118 944 1130 ‚
959 1106 1037 1141 quo-

276 1158 344 1178 rum
353 1144 530 1192 praeeletstio
539 1144 696 1178 liberrime
704 1156 758 1177 eos
768 1143 850 1178 ducit
861 1145 897 1177 ad
906 1144 1019 1177 malum
1031 1168 1039 1182 ‚

277 1197 362 1229 tanta
376 1193 547 1227 necessitate
561 1193 748 1240 constringi,
765 1204 808 1232 ut,
823 1192 893 1227 cum
908 1191 1042 1227 maxime

278 1244 383 1281 velint,
393 1255 457 1286 non
471 1241 583 1289 possint
597 1254 712 1276 mutare
728 1240 796 1276 suos
810 1242 932 1276 habitus
946 1243 1038 1276 vitio-

278 1291 335 1326 sos.
367 1292 467 1340 Qod
483 1293 519 1324 ad
527 1291 730 1325 necessitatem
738 1292 995 1325 contradictionis
1011 1292 1042 1323 in

278 1341 398 1376 affitibus
410 1340 558 1387 gratiosis,
568 1353 634 1374 eam
645 1353 709 1373 non
719 1339 958 1385 premimus,nisi
971 1341 1002 1372 in
1010 1352 1042 1372 u-

279 1404 322 1425 no
333 1388 398 1424 solo
410 1391 478 1423 abiu
487 1391 590 1437 primae
599 1389 823 1429 conversionis;
834 1390 864 1422 in
872 1389 934 1423 hoc
942 1399 1042 1422 autem

280 1439 473 1474 ostendimus
490 1440 758 1486 praeeleffionem,
783 1437 947 1472 secundum
963 1451 1017 1472 eos
1030 1462 1040 1478 ,

280 1489 396 1523 nullum
404 1488 517 1522 habere
525 1489 629 1521 locum
639 1513 648 1527 ‚
664 1488 703 1521 εὸ
714 1488 800 1535 quod
809 1487 967 1522 conversio
976 1501 1042 1522 me-

280 1540 364 1573 dium
380 1537 414 1572 fit
427 1537 622 1571 necessarium
633 1538 668 1571 ad
677 1537 884 1571 obtinendum
893 1536 988 1571 finem
998 1537 1042 1571 ul-

280 1589 390 1621 timum
403 1612 409 1622 ‚
424 1592 454 1622 &
468 1600 524 1633 pro
536 1588 716 1621 immediato
725 1585 779 1621 suo
793 1587 925 1631 οὶήεᾶὶο
933 1587 1043 1621 habeat

281 1640 387 1672 Deum
402 1636 553 1671 summum
572 1637 706 1670 bonum.

328 1687 454 1720 Deinde
468 1688 581 1720 mirum
596 1685 639 1719 cst
657 1684 737 1732 ipsos
751 1684 900 1719 affirmare
914 1698 1042 1720 omnem

1064 166 1166 191 tamen
1180 155 1332 191 affirmant
1346 158 1594 204 praeelthionem
1604 160 1775 195 &liberum
1785 173 1832 194 ar-

1065 207 1191 240 bitrium
1205 208 1235 240 in
1252 208 1340 240 omni
1351 205 1405 241 suo
1419 209 1489 242 aftu
1503 208 1669 242 neceffitari
1685 211 1723 244 ab
1745 212 1834 245 intel-

1064 257 1144 290 lectu
1153 280 1161 293 ‚
1176 256 1216 290 eo
1226 256 1312 304 quod
1321 256 1463 291 ultimum
1471 258 1622 302 judicium
1630 259 1754 293 rationis
1763 273 1832 307 pra-

1066 307 1182 340 &ticum
1196 319 1233 340 ex
1249 305 1390 342 absoluta
1411 306 1583 341 necessitate
1600 305 1700 341 secum
1714 307 1831 355 semper

1066 356 1165 390 trahat
1177 356 1342 390 voluntatis
1362 355 1559 395 consensum,
1590 357 1629 390 ita
1649 367 1682 390 ut
1695 356 1830 392 resistere

1066 416 1213 452 nequeat,
1227 404 1276 438 sed
1288 404 1367 443 hanc
1380 406 1482 439 lucem
1497 404 1664 440 necessario
1679 404 1828 453 sequatur.

1069 456 1142 487 Hoc
1156 464 1221 486 rete
1233 455 1431 487 Bellarmimu
1446 454 1501 488 fibi
1515 456 1645 489 tetendit
1659 479 1669 494 ,
1694 460 1726 490 &
1740 457 1782 489 illi
1801 456 1829 490 se

1067 502 1253 549 illaqueavit,
1269 502 1434 549 quiantem
1447 504 1520 538 inde
1534 505 1680 538 extricare
1693 503 1720 538 se
1728 505 1831 552 possit,

1068 564 1129 598 ego
1146 552 1272 598 quidem
1285 565 1350 585 non
1364 552 1474 593 video;
1490 555 1554 598 ejus
1569 565 1694 588 conatus
1707 567 1790 591 exeo
1799 568 1830 588 e-

1068 601 1208 640 labendi,
1236 599 1350 635 fortius
1370 601 1447 635 mihi
1466 603 1583 637 videtur
1602 603 1690 650 ipsius
1711 605 1829 638 vincula

1068 649 1289 697 constringere.
1318 651 1374 684 Ait
1386 652 1528 686 ultimum
1542 653 1689 696 judicium
1703 654 1830 687 rationis

1067 700 1235 747 prafiicum
1249 711 1364 746 partem
1375 700 1433 734 esse
1446 702 1672 748 praeelestionis
1682 727 1691 741 ‚
1706 702 1829 736 hocau-

1067 760 1130 783 tem
1147 748 1190 782 est
1203 761 1312 783 contra
1333 760 1394 783 tam
1412 749 1528 784 sensum
1546 751 1638 797 quarn
1653 753 1804 786 rationem
1819 776 1830 792 ,
1863 751 1868 755 ⁸

1069 809 1101 832 ut
1115 799 1199 832 aetus
1217 799 1391 832 intellcffi'tfis
1410 800 1444 834 sit
1462 801 1547 834 εξὶυε
1562 802 1739 841 voluntatis,
1762 814 1830 848 quae

1068 846 1178 881 diversa
1194 847 1237 881 est
1250 848 1288 881 ab
1301 849 1459 883 intellectu
1472 848 1606 884 facultas.
1634 851 1677 884 Et
1691 851 1760 885 licet
1772 851 1832 885 hu-

1069 894 1200 943 jusmodi
1222 895 1401 931 facultatum
1418 897 1633 934 confusionem
1654 900 1833 935 admittere—

1071 960 1154 986 mus,
1173 945 1323 981 cresceret
1338 948 1410 981 inde
1424 946 1603 983 absurditas:
1616 948 1833 984 namfivolun-

1071 1008 1114 1030 tas
1129 997 1160 1029 in
1173 996 1321 1030 omnibus
1337 994 1392 1030 suis
1409 997 1529 1032 affibus
1547 998 1736 1032 neceffitetur
1749 997 1834 1046 sequi

1070 1047 1227 1080 decretum
1241 1046 1413 1080 intellefflie
1428 1047 1598 1093 praeicicum
1611 1072 1620 1087 ,
1647 1051 1679 1083 δέ
1693 1047 1767 1082 vero
1779 1050 1834 1083 de-

1071 1106 1189 1129 cretum
1210 1094 1273 1129 hoc
1295 1096 1469 1131 intenceffis
1490 1096 1524 1131 sit
1543 1098 1627 1134 aetus
1640 1096 1728 1145 ipsius
1746 1098 1835 1132 liberi

1073 1144 1200 1183 arbitrii,
1215 1155 1280 1178 tum
1294 1145 1425 1179 liberum
1435 1147 1594 1180 arbitrium
1607 1146 1623 1181 a
1639 1146 1733 1194 seipso
1746 1153 1776 1183 δι
1785 1145 1836 1182 su&

1074 1194 1179 1228 natura
1190 1194 1220 1226 in
1233 1195 1379 1229 omnibus
1395 1194 1450 1229 suis
1465 1196 1585 1230 affitibus
1601 1195 1766 1231 necessario
1781 1197 1835 1232 de-

1074 1242 1287 1277 terminabitur
1298 1246 1332 1277 ad
1345 1258 1449 1278 unum.
1460 1246 1639 1279 Naturalem
1652 1246 1768 1280 hancce
1779 1259 1834 1280 ne-

1074 1291 1255 1331 cessitatem,
1275 1296 1305 1327 &
1321 1293 1488 1341 simplicem
1501 1308 1535 1329 ac
1548 1294 1716 1329 absolutam
1733 1296 1835 1330 deter-

1075 1341 1278 1375 minationem
1291 1342 1321 1375 in
1341 1344 1490 1378 omnibus
1509 1345 1630 1378 afflbus
1644 1346 1836 1391 praeeletffio-

1075 1391 1122 1424 nis
1135 1394 1166 1425 δι
1180 1390 1267 1425 liberi
1281 1391 1396 1426 arbitrii
1410 1404 1526 1439 ponere
1540 1393 1704 1427 necessario
1723 1393 1767 1428 est
1780 1394 1836 1428 ab-

1076 1439 1212 1480 surdum;
1226 1440 1376 1479 veiente,
1409 1454 1477 1475 uam
1491 1454 1549 1475 nos
1559 1444 1706 1488 ponimus
1718 1444 1749 1476 in
1765 1444 1836 1477 adiu

1075 1490 1240 1523 voluntatis
1254 1489 1372 1523 tantum
1386 1454 1644 1530 simebnecessitas
1656 1490 1837 1537 hypotheti-

1074 1552 1107 1573 ca
1126 1538 1164 1572 ab
1178 1549 1288 1585 agente
1307 1550 1435 1573 externo
1454 1537 1559 1586 spiritfi
1579 1539 1691 1574 scilicet
1706 1553 1836 1575 conver-

1072 1598 1174 1626 tente,
1188 1587 1312 1622 absurda
1325 1587 1383 1622 esse
1396 1601 1461 1623 non
1477 1589 1608 1636 poterit,
1624 1589 1672 1623 sed
1685 1589 1836 1624 deomni-

1075 1638 1131 1672 bus
1146 1636 1208 1670 istis
1221 1635 1326 1677 fufius,
1335 1638 1405 1672 cum
1414 1638 1578 1674 deventum
1585 1637 1676 1674 fuerit
1688 1639 1725 1674 ad
1735 1638 1836 1687 dispu-

1074 1688 1224 1722 tationem
1238 1687 1276 1721 de
1289 1687 1389 1722 libero
1402 1688 1538 1723 arbitrio.

2042 1567 2048 1602 ἱ

283 1736 487 1770 neceffitatem
509 1736 766 1770 contradiffionis
786 1734 943 1770 destruere
965 1735 1038 1770 libe·
1120 1734 1281 1784 Respondi
1296 1739 1370 1783 jam,
1384 1749 1416 1772 ut
1430 1739 1517 1786 potui
1526 1763 1535 1778 ,
1550 1737 1586 1772 ad
1600 1739 1705 1773 omnia
1713 1751 1780 1787 quae
1788 1749 1833 1774 at-
1845 1749 1891 1774 Pro
1900 1746 1993 1782 abfialu.
2037 1763 2041 1771 ι

281 1798 344 1819 ram
359 1786 626 1832 praedecstffinem,
649 1785 719 1820 cum
733 1784 787 1833 ipsi
804 1785 976 1820 concedant
992 1799 1042 1820 va·
1074 1786 1167 1821 tulisti
1181 1799 1216 1820 ex
1230 1788 1385 1834 Scriptura
1397 1812 1406 1828 ‚
1427 1788 1582 1827 Patribus,
1603 1793 1632 1823 δι
1643 1791 1762 1822 ratione
1775 1802 1833 1836 pro
1844 1786 1873 1813 ‘⁶⁷7
1882 1787 1993 1816 elffflwss
2032 1799 2048 1839 ξς

280 1836 322 1868 ria
340 1847 450 1882 genera
469 1835 647 1870 necessitatis
668 1836 761 1869 etiam
783 1836 1042 1869 contradictionis
1073 1835 1337 1884 praedestinatione
1352 1838 1544 1885 dependente
1556 1838 1572 1873 a
1586 1837 1647 1872 fide
1660 1863 1669 1878 ‚
1696 1839 1808 1886 pietate
1821 1863 1830 1878 ,
1842 1826 1964 1864 [mptum
2045 1848 2048 1854 ·

281 1884 444 1919 consistere
457 1898 526 1918 cum
541 1886 680 1919 libertate
697 1885 932 1931 praeelefflonis.
959 1887 993 1918 In
1013 1898 1044 1918 a-
1073 1884 1307 1933 perseverantia,
1326 1898 1359 1921 ut
1374 1887 1609 1922 conditionibus
1623 1888 1831 1922 antecedenti-
1841 1875 1967 1943 ZZZ-2⁷2⁶}

282 1934 336 1967 &u
349 1934 509 1967 individuo
519 1933 726 1969 conversionis
735 1946 805 1968 cum
813 1936 900 1968 omni
910 1931 1043 1982 ipsorum
1074 1937 1130 1970 bus
1139 1961 1148 1976 ,
1163 1935 1252 1971 restat
1263 1935 1295 1970 fit
1302 1947 1334 1970 tu
1347 1949 1397 1970 mc
1406 1937 1497 1971 etiam
1505 1937 1605 1971 audias
1618 1948 1830 1985 argumentan-
1843 1946 1926 1985 Ephefi
1934 1956 1955 1975 ι.

281 1982 420 2017 libertate
433 1994 554 2030 ponunt
562 1982 764 2017 necessitatem
773 1984 881 2021 divinae
889 1982 1041 2031 praescien·
1073 1997 1137 2020 tem
1155 1998 1213 2032 pro
1227 1986 1369 2033 opposita
1389 1986 1465 2020 thesi
1484 2000 1519 2020 ex
1533 1985 1637 2021 iisdem
1652 1987 1773 2020 sedibus
1786 2000 1833 2021 ar-‘
1844 1997 1873 2014 v·
1884 1998 1908 2021 4·

282 2032 348 2071 tiae,
374 2033 576 2066 necessitatem
591 2029 829 2079 consequentiae‚
841 2033 1043 2068 necessitatem

281 2081 313 2114 in
325 2080 405 2115 sensu
419 2081 614 2128 composito,
636 2083 722 2129 quod
737 2095 952 2130 quamcunque
966 2083 1042 2118 libe-

281 2129 353 2163 rasit
366 2131 527 2164 converfio
538 2156 547 2171 ‚
562 2142 663 2164 tamen
681 2134 786 2166 Deum
794 2145 864 2166 eum
878 2131 1043 2167 necessario

284 2183 316 2212 &
331 2177 711 2226 infallibiliterpraesciisse,
725 2180 862 2227 respustu
876 2182 966 2226 hujus
977 2195 1039 2229 pre·

284 2225 412 2261 scientiae
420 2229 535 2262 necesle
549 2227 652 2266 fuit,ut
661 2229 800 2263 existeret
807 2232 838 2263 in
846 2241 988 2275 tempore
997 2245 1042 2264 res

285 2274 430 2321 praescita,
448 2280 478 2310 ἃ.
494 2276 677 2322 impossibile
691 2275 748 2310 fuit
761 2288 794 2309 ut
804 2290 867 2309 non
881 2278 1040 2310 existeret:

284 2324 350 2357 imo
365 2324 437 2358 vero
453 2325 502 2358 hic
516 2323 699 2370 profitentur
711 2324 915 2357 necessitatem
932 2325 1039 2358 condi-

281 2374 429 2406 tionatam
442 2386 506 2406 non
520 2373 628 2406 tollere
644 2372 815 2405 libertatem
829 2396 838 2410 ,
861 2385 962 2419 neque
982 2385 1040 2406 nos

284 2420 449 2456 absolutam
459 2422 674 2460 necessitatem,
684 2432 718 2454 ut
726 2434 816 2468 quam
826 2422 856 2454 in
864 2421 1042 2457 conversio-

285 2484 323 2504 ne
341 2469 496 2518 posuimus
512 2495 519 2506 ,
542 2470 608 2504 imo
624 2483 724 2517 neque
739 2471 941 2505 necessitatem
955 2482 1042 2506 natu-

285 2521 397 2560 ralem,
419 2519 466 2555 sed
482 2519 574 2554 solam
588 2521 737 2553 moralem
755 2533 789 2553 ex
804 2520 975 2555 neceffitate
989 2521 1042 2555 de-

285 2571 357 2604 creti
370 2570 483 2609 divini,
498 2574 525 2604 &
536 2571 717 2603 executione
729 2570 806 2604 illius
814 2583 868 2617 per
875 2569 1043 2605 efficaciam
1057 2570 1059 2581 ¹

285 2618 402 2665 spiritus
413 2620 514 2667 gratiae
526 2632 586 2652 nos
595 2620 823 2653 convertentisa
837 2620 920 2654 malo
932 2620 968 2654 ad
981 2620 1042 2653 bo-

285 2681 369 2702 num.
398 2670 516 2713 Mirum
530 2668 573 2701 est
588 2667 666 2714 ipsos
682 2681 791 2715 negare
807 2667 960 2703 obstinate
975 2668 1038 2704 effi—

285 2719 396 2751 caciam
410 2718 633 2764 omnipotentis
647 2719 709 2751 Dei
728 2715 830 2764 gratiae
846 2715 936 2752 semel
951 2720 1038 2753 into-

285 2766 315 2800 tfi
327 2767 384 2800 vitfi
397 2779 540 2814 peragere
549 2768 578 2800 in
590 2764 645 2800 suis
654 2767 859 2813 ele&i.3,quod
867 2768 1042 2802 concedunt

285 2813 421 2863 fragilem
430 2820 459 2850 δέ
470 2827 644 2863 corruptam
653 2817 803 2849 rationem
811 2817 841 2849 in
850 2815 971 2864 singulis
980 2817 1039 2851 ho-

285 2865 418 2898 minibus
432 2866 571 2912 quotidie
587 2866 702 2899 centies
715 2864 852 2911 praestare
865 2890 873 2902 ‚
894 2866 960 2900 imo
974 2864 1039 2900 for-

286 2913 355 2946 tasse
369 2916 434 2960 plus
449 2915 555 2948 millies
573 2913 694 2962 singulis
705 2913 808 2954 horis3
826 2913 856 2948 hi
871 2914 1038 2962 quibusso-
1053 2927 1054 2930 ’

287 2962 376 2996 lenne
390 2964 431 2996 est
446 2964 597 2996 clamitare
606 2964 793 2997 voluntatem
803 2964 1037 2998 neceffirarinon

287 3010 369 3056 posse
382 3014 429 3045 vel
443 3012 480 3045 ab
495 3011 559 3059 ipso
572 3014 648 3046 Deo
662 3013 896 3059 omnipotente,
911 3013 1038 3061 quodsit

288 3058 363 3092 ultra
383 3073 518 3094 naturam
538 3062 702 3095 voluntatis
715 3063 835 3108 operari
849 3062 1012 3096 necessario
1026 3087 1034 3102 ,

288 3107 427 3154 adeoque
439 3109 516 3143 hanc
533 3111 812 3145 contradiffionem
827 3111 885 3145 effe
901 3116 933 3147 &
952 3111 1035 3145 infir-

288 3157 442 3194 mitatem,
462 3160 545 3202 cujus
558 3161 647 3194 Deus
660 3173 725 3194 non
737 3159 781 3195 est
793 3173 883 3208 capax
895 3185 905 3199 ,
930 3160 1037 3196 diserte

1073 2047 1304 2083 gumentorum.
1327 2037 1488 2083 Scripturae
1505 2037 1592 2070 locos
1608 2036 1753 2070 adducam
1766 2046 1834 2070 tan-

1073 2085 1139 2119 turn
1155 2083 1280 2131 septem.
1306 2085 1425 2119 Primus
1434 2085 1469 2120 sit
1482 2098 1518 2120 ex
1526 2085 1656 2132 epistola
1669 2086 1704 2119 ad
1719 2085 1799 2130 Eph.
1807 2097 1831 2119 1.

1074 2148 1111 2181 4.
1128 2137 1212 2167 Sicut
1225 2136 1312 2183 elegi»
1318 2147 1366 2168 nos
1374 2139 1406 2168 in
1417 2135 1476 2183 ipsb
1482 2146 1550 2168 ante
1555 2136 1641 2182 jab't'a
1648 2133 1754 2165 mundi
1752 2134 1834 2177 fun-

1073 2186 1228 2223 damma,
1247 2194 1281 2216 ut
1292 2184 1406 2227 efflmm
1413 2185 1510 2228 fimeh·
1523 2187 1559 2221 &
1574 2183 1719 2229 inculpati
1731 2195 1833 2215 coram

1074 2246 1103 2265 co
1116 2237 1148 2265 in
1155 2233 1318 2270 charitasa
1332 2231 1404 2265 hinc
1412 2231 1450 2264 sic
1462 2244 1570 2277 arguo.
1597 2230 1684 2264 Nihil
1693 2232 1778 2277 quod
1787 2232 1830 2265 est

1073 2277 1219 2311 effestum
1237 2283 1266 2312 &
1282 2276 1398 2311 fruetus
1411 2279 1588 2314 electionis,
1608 2279 1683 2312 nihil
1695 2280 1730 2312 ad
1744 2282 1831 2327 quod

1073 2327 1215 2371 eligimur
1222 2326 1459 2371 concipiendum
1468 2326 1512 2360 est
1525 2337 1557 2360 ut
1569 2327 1723 2361 elcetione
1731 2330 1827 2375 prius:

1075 2378 1117 2409 At
1125 2373 1199 2407 fides
1207 2398 1216 2413 ‚
1230 2374 1323 2421 pietas
1331 2398 1340 2413 ,
1357 2374 1622 2421 &perseverantia,
1636 2376 1701 2411 sunt
1709 2377 1828 2419 effeeta,

1074 2427 1104 2458 &
1119 2421 1237 2457 fruetus
1251 2423 1415 2457 electionis
1429 2438 1462 2458 ac
1476 2426 1594 2473 grmiae,
1608 2426 1644 2460 ad
1657 2439 1724 2473 quae
1739 2428 1828 2476 eligi-

1074 2486 1153 2508 mur.
1176 2472 1276 2522 Qod
1288 2473 1323 2507 ad
1337 2474 1495 2520 pietatem,
1509 2474 1714 2516 sanffitatem,
1734 2480 1765 2511 δι
1781 2479 1827 2511 vi-

1057 2551 1059 2567 2
1073 2533 1134 2555 tam
1149 2523 1330 2569 inculpatam
1344 2524 1450 2558 attinet
1460 2548 1470 2563 ,
1490 2524 1582 2558 verba
1596 2523 1661 2559 sunt
1674 2526 1804 2573 expressa
1817 2541 1825 2561 :

1074 2572 1160 2618 quod
1173 2572 1264 2605 etiam
1279 2583 1340 2606 tam
1354 2586 1421 2607 vera
1437 2573 1507 2610 sint,
1522 2574 1560 2608 de
1573 2573 1633 2609 fide
1647 2579 1676 2609 δι
1690 2573 1826 2622 perseve-

1073 2621 1168 2655 ranti&
1181 2621 1336 2668 patebit‚si
1349 2622 1395 2656 vel
1411 2621 1676 2663 sensumintueare,
1690 2625 1828 2672 adquem

1073 2671 1281 2705 antecedentia
1295 2675 1325 2705 &
1340 2669 1554 2718 consequentia
1568 2673 1698 2713 ducunt,
1715 2676 1760 2709 vel
1774 2675 1828 2708 ista

1072 2721 1154 2768 legas
1165 2733 1232 2767 quae
1246 2724 1347 2754 Patres
1361 2722 1392 2755 in
1403 2721 1459 2755 suis
1472 2722 1508 2756 ad
1522 2723 1627 2756 locum
1635 2736 1828 2759 commenta-

1071 2770 1121 2803 riis
1134 2770 1307 2804 attulerunt.

1118 2818 1222 2853 Verba
1234 2820 1404 2866 loquuntur
1417 2819 1454 2854 de
1468 2819 1623 2855 sanffltate
1634 2825 1664 2855 &
1677 2821 1826 2867 inculpatfi

1071 2868 1152 2907 vita,
1172 2867 1248 2902 fides
1259 2880 1359 2903 autem
1373 2874 1403 2904 &
1417 2868 1630 2917 perseverantia
1645 2880 1743 2915 partes
1761 2870 1826 2905 sunt

1071 2930 1173 2950 earum
1188 2918 1382 2964 qualitatum;
1402 2921 1467 2952 sunt
1480 2920 1561 2953 enim
1576 2919 1675 2965 gratiae
1685 2917 1825 2955 infusae&

1071 2977 1167 3011 partes
1181 2967 1320 3013 imaginis
1335 2968 1399 3001 Dei
1413 2991 1423 3006 ,
1447 2966 1511 3001 sunt
1524 2969 1644 3001 virtutes
1659 2965 1824 3015 spirituales

1070 3019 1100 3049 &
1113 3013 1230 3049 fruetus
1244 3014 1360 3062 spiritus
1376 3015 1586 3050 sanetificantis
1603 3017 1676 3050 Gal.
1691 3030 1716 3062 5.
1733 3031 1778 3052 22.
1798 3019 1825 3051 i-

1070 3063 1194 3110 psorum
1214 3065 1380 3101 contraria,
1402 3065 1577 3101 infidelitas,
1598 3066 1730 3103 haerefis,
1749 3080 1824 3114 apo-

1070 3112 1168 3152 stasia,
1190 3112 1301 3161 species
1321 3112 1387 3149 sunt
1403 3116 1566 3163 impietatis
1583 3115 1757 3162 dignissimae
1777 3117 1824 3151 vi-

1068 3163 1202 3210 tuperi0.

1712 3210 1822 3248 Versus
