2048 3343
75 2703 115 2722 10.

84 3009 126 3028 11-

413 106 1432 150 ETCnitoNotoc1c1L113.1.
1630 119 1711 158 237

169 183 246 217 dum
260 178 566 217 transferretlocum
588 178 721 214 Danielis
743 177 920 222 detempo-

168 231 258 266 ribus
283 243 353 265 non
377 229 607 276 posterioribus
641 228 693 262 scd
728 223 919 260 novistimis.

164 279 367 328 Redargutio
385 279 451 314 haec
471 280 586 313 veteris
598 276 784 322 Interpretis
799 273 842 307 est
856 273 914 305 im-

165 329 277 363 merita
288 353 298 369 ,
315 341 390 363 nam
401 326 512 372 inipso
523 337 613 360 textu
625 324 786 371 Originali
803 320 914 356 distin-

164 380 232 413 &io
249 376 417 414 manifesta
430 374 473 410 est
492 376 576 409 inter
591 381 748 413 xzm’n'ausz
764 369 842 407 vers.
859 372 914 404 28.

161 432 198 464 &
212 435 330 465 ⁸31¹*ssss
343 423 419 461 vers.
435 435 492 467 29.
526 425 670 458 Priorem
695 423 805 456 locum
826 419 913 456 reete

160 476 257 512 vertit
272 477 429 521 Interpres
441 474 577 507 Latinus
591 496 598 509 ‚
617 470 687 519 post
701 472 854 506 Graecum
867 468 912 503 ἐπ’

162 525 283 574 exirm
291 524 349 558 τᾶἶν
360 524 475 571 ἡμερῶν.
485 524 562 557 utin
573 523 642 556 allis
651 523 762 556 multis
771 521 913 568 Scriptu-

160 587 202 610 rae
217 575 298 609 locis
315 572 434 621 absque
452 570 640 619 cujusquam
652 569 788 610 offensa,
801 569 911 617 poste-

160 626 279 660 riorem
293 635 400 658 autem
413 619 705 669 transfertpoflhac‚
716 631 751 656 ut
761 620 912 666 redargu-

161 686 246 709 tores
256 684 372 720 optant
384 695 393 710 ‚
417 671 506 721 quasi
520 670 627 718 aperte
640 672 778 705 innuens
789 669 910 703 revela-

161 726 288 759 tionem
305 723 448 759 divinam
468 719 576 756 multo
590 721 671 754 ultra
688 715 910 754 Nebuchadne-

159 776 240 808 uvis
259 770 402 820 cogitata
425 770 457 808 se
492 768 669 806 extendisse
702 769 741 804 ad
768 779 912 802 extrema

161 821 276 857 Christi
284 830 434 869 tempora
445 844 454 857 ,
468 820 538 868 post
547 820 740 866 Regnorum
759 819 911 852 omnium

162 871 278 907 mundi
290 871 388 905 scenae
398 870 500 905 finem
512 868 714 914 impositum.

211 921 390 955 Ofiavum.
422 919 514 954 Vidit
533 914 788 953 Nebuchadnezar
806 928 841 950 ea
862 913 912 948 so-

161 971 232 1006 lum
244 971 358 1017 Regna
369 980 439 1016 quae
451 979 528 1003 cum
540 965 597 1001 suo
607 966 834 1002 cohaerebant:
853 964 912 997 Er—

160 1033 206 1067 go
217 1032 285 1055 non
293 1020 423 1059 Romae,
432 1029 502 1066 quae
514 1017 603 1051 mille
612 1016 757 1049 ducentis
768 1013 914 1048 milliari-

160 1060 222 1103 bus
241 1068 408 1115 Babylone
428 1065 578 1101 distabat.
603 1064 701 1110 Resp.
726 1064 834 1097 Tanta
846 1074 913 1096 non

163 1117 228 1153 fuit
244 1118 361 1152 Romae
371 1114 541 1162 Babylone
551 1111 716 1153 distantia,
730 1113 809 1160 quin
827 1122 915 1145 arma

163 1168 393 1202 Romanorum
408 1163 548 1211 eousque
563 1166 595 1196 &
609 1164 692 1197 ultra
711 1161 912 1208 pertigerint,

163 1221 196 1251 δέ
208 1214 287 1250 vero
299 1212 482 1249 belliffimas
500 1210 759 1259 Babyloniorum
777 1210 914 1244 Provin—

163 1266 226 1299 cias
239 1289 249 1304 ‚
264 1265 386 1310 Syriam
399 1265 598 1309 ,AEgyptum
611 1285 623 1302 ‚
639 1263 791 1306 Cyrenen
807 1282 817 1296 2
841 1260 913 1306 Cy-

161 1325 279 1363 prum,
291 1313 437 1358 Lyciam,
448 1312 601 1345 Ciliciam
611 1334 622 1350 ‚
634 1309 806 1358 Phrygiam
816 1333 824 1347 ‚
845 1311 913 1355 Ly-

160 1364 263 1401 diam,
273 1366 430 1397 Pontum,
438 1360 624 1407 Bithyniam
634 1383 643 1396 ‚
657 1358 916 1407 Cappadociam,

158 1413 368 1451 Armeniam,
378 1409 652 1457 Paphlagoniam,
664 1412 696 1443 δι
708 1409 828 1443 multas
839 1408 915 1442 alias

161 1461 310 1497 Romani
331 1460 552 1507 possederunt.
602 1457 707 1500 Quod
740 1458 780 1492 ad
813 1459 917 1506 magis

162 1510 370 1548 orientales,
388 1521 440 1543 eas
456 1508 563 1542 Parthi
578 1507 620 1541 ab
636 1507 708 1554 ipsis
729 1505 917 1542 eAlexaendn'

162 1556 399 1595 successoribus
417 1568 492 1591 ante
515 1556 717 1592 eAnu'ochum
737 1554 918 1605 Epiphanem

163 1611 360 1656 eripuerunt.
385 1608 427 1641 Et
439 1604 514 1641 vero
524 1604 786 1642 Nebuchadnezar·
801 1608 833 1640 in
846 1609 915 1641 Sta-

164 1658 220 1693 tua
231 1657 311 1692 vidit
323 1655 354 1691 se
375 1655 545 1704 sequentes
557 1657 666 1704 Reges
677 1656 716 1690 ad
726 1654 807 1689 fines
822 1654 920 1702 usque

165 1720 255 1743 terrae
274 1707 480 1741 dominantes
492 1729 501 1742 ‚
527 1707 683 1740 nimirum
703 1704 922 1740 alexandrum

168 1761 321 1809 A1agnum
336 1781 345 1796 ,
362 1759 457 1801 cujus
474 1756 649 1802 Imperium
662 1767 731 1789 non
752 1753 862 1789 minus
873 1755 918 1789 la-

165 1818 238 1841 tum
249 1805 346 1852 quam
358 1806 593 1839 Romanorum
606 1828 616 1845 ,
636 1805 811 1853 multoque
830 1804 922 1839 latius

165 1854 264 1904 quim
276 1853 534 1901 Babyloniorum
545 1852 621 1889 fuit.

213 1905 367 1939 Nonum.
394 1904 440 1937 Ea
450 1902 578 1938 tanturn
602 1903 743 1950 Imperia
754 1901 835 1936 vidit
853 1903 922 1937 Ne-

168 1951 386 1992 buchadnezan
404 1954 436 1986 in
447 1953 569 1999 quibus
581 1952 772 2000 Judaeorum
786 1952 922 1987 Ecclesia

166 2003 318 2038 habitans
329 2001 539 2037 afflietabatur
551 2003 591 2036 ad
602 1999 720 2037 chrisa
731 2001 922 2037 adventum:

166 2053 233 2087 haec
245 2063 354 2087 autem
371 2052 503 2086 fuerunt
514 2050 728 2086 successorum
743 2050 923 2091 Alexandri,

166 2115 235 2137 non
257 2113 364 2136 autem
385 2102 634 2136 Romanorum.
670 2097 766 2147 Resp.
793 2100 925 2135 Chana-

168 2164 235 2186 naea
246 2150 434 2197 Judaeorum
445 2150 530 2185 sedes
550 2162 621 2196 pars
630 2149 694 2184 fuit
702 2150 846 2184 Romani
858 2152 923 2184 Im-

169 2202 248 2248 perii
260 2213 329 2235 non
340 2198 450 2235 minus
461 2199 559 2248 quam
570 2200 775 2234 Graecorum.
795 2199 926 2250 Lagidae,

171 2247 227 2283 etsi
243 2251 353 2284 invitis
378 2251 553 2297 aliquando
580 2247 755 2286 Seleucidi„
788 2248 926 2282 Chana-

173 2310 276 2332 naeam
286 2297 671 2345 possidebant‚nunquam
681 2295 928 2342 tamenJudaeos

176 2344 332 2391 persecuti
343 2347 414 2380 sunt
426 2371 436 2387 ‚
454 2350 487 2381 δι
499 2345 576 2382 vero
587 2347 731 2381 Romani
742 2347 841 2379 etiam
853 2357 928 2380 ante

178 2394 290 2428 Chrifli
307 2395 484 2430 adventum
497 2419 507 2435 ,
522 2395 650 2441 Judaeos
666 2395 835 2428 multoties
848 2393 931 2429 male

177 2442 388 2483 muletarum,
400 2442 600 2491 tandemque
611 2441 753 2488 christum
764 2442 930 2479 crucifixe-

178 2504 264 2532 runt,
278 2496 415 2526 Ioannem
425 2493 589 2539 Baptiflam
601 2496 631 2527 &
648 2492 827 2538 Apostolos
844 2495 934 2527 occi-

178 2542 296 2577 derunt
307 2569 315 2581 ,
349 2543 613 2589 Hierosolymam
639 2539 786 2575 funditus
811 2552 934 2576 everte-

178 2603 255 2626 runt
268 2615 276 2628 ‚
287 2592 512 2639 populumque
524 2593 557 2625 in
567 2592 790 2637 captivitatem
801 2590 934 2626 adhunc

178 2641 266 2675 diem
281 2641 530 2688 perseverantem
544 2639 759 2677 abduxerunt.

229 2692 419 2725 Decimum.
447 2689 624 2737 Prophetiae
635 2702 725 2736 capp.
741 2702 761 2735 7
773 2712 781 2725 ‚
799 2690 877 2723 8.&
896 2700 933 2722 rr.

182 2738 348 2774 manifeste
369 2741 525 2773 evincunt
554 2738 636 2773 nihil
662 2741 752 2785 loqui
778 2737 936 2773 Danielem

184 2802 253 2835 cap.
266 2801 293 2823 2.
313 2790 353 2823 de
364 2790 534 2823 Romanis.
560 2786 655 2835 Resp.
682 2787 778 2821 Nihil
791 2786 842 2821 hic
854 2799 938 2834 opus

185 2837 228 2871 est
240 2836 456 2885 responsione,
470 2850 543 2872 nam
554 2848 783 2885 argumentum
793 2835 858 2870 hoc
871 2848 940 2870 me-

188 2899 238 2921 rus
247 2887 290 2920 est
299 2888 454 2929 κοκκυσμός
465 2891 496 2922 &
508 2888 658 2934 repetitio
671 2886 777 2935 quinti
791 2908 801 2922 ‚
819 2885 858 2920 de
871 2897 940 2932 quo

188 2934 371 2982 satissuprz't.

235 2985 466 3019 Undecimum.
496 2987 684 3020 Eventusin
697 2985 823 3033 Regnis
842 2984 937 3035 Lagi-

190 3032 287 3066 darum
298 3038 326 3066 δι’
340 3033 550 3068 Seleuctdas‘um
561 3033 750 3069 exafflffime
770 3033 938 3080 responde-

189 3093 267 3117 runt
286 3082 418 3129 pedibus
437 3084 570 3118 &tibiis
587 3087 714 3119 Statuae.
742 3083 845 3130 Resp.
872 3086 941 3119 Cur

191 3131 256 3166 hoc
278 3143 433 3177 negemus
451 3133 553 3166 multa
580 3135 748 3168 attulimus
767 3146 938 3181 argumen-

193 3192 224 3216 ta
252 3182 284 3216 In
308 3191 398 3229 parte
422 3182 664 3227 uoe‘rxcnwaqmii
678 3206 688 3224 ‚
719 3182 839 3230 quibus
867 3185 941 3232 plu-

959 189 990 231 ra
1016 177 1222 225 superaddere
1247 191 1318 214 non
1348 193 1501 227 putamus
1523 193 1706 231 operaeprc-

959 236 1052 262 tlum.

1007 276 1090 317 Quae
1103 275 1251 322 praeterea
1262 275 1354 311 affert
1367 280 1486 312 Ioannes
1501 280 1625 316 Rudinus
1636 304 1646 322 ‚
1670 282 1701 315 in
1720 280 1818 313 ,Addit

955 324 992 356 iis
1012 336 1079 358 non
1100 325 1362 361 immorabimur.
1394 328 1472 361 Tria
1488 329 1635 375 inprimis
1653 331 1704 365 illc
1719 322 1828 352 B⁰dm¹⁴³

939 371 1080 418 prolixe
1099 373 1244 421 disputat.
1277 377 1449 415 Primum,
1475 373 1779 414 Roriiaiiortim‘⁷'“

958 423 1133 468 Imperium
1170 422 1226 457 diu
1261 425 1493 459 Monarchiani
1520 439 1588 461 non
1607 427 1708 464 fuiss'e.

956 470 1158 512 Secundum,
1168 473 1412 508 Germanorum
1424 473 1520 510 hodie
1531 477 1706 523 Imperium

956 533 1023 555 non
1043 518 1102 554 effe
1115 522 1360 557 Romanorum.
1386 524 1557 562 Tertium,
1585 529 1709 571 majora

954 568 1043 604 fuiss'e
1062 571 1144 604 olim
1161 573 1194 604 &
1220 569 1280 606 effe
1299 571 1398 607 hodie
1413 574 1552 609 aliorum
1572 577 1708 621 Imperia

954 618 1051 667 quarn
1065 617 1184 653 fuerint
1202 622 1250 654 vel
1261 621 1490 657 Chaldaeorum
1503 647 1512 660 ‚
1538 625 1587 659 vel
1599 623 1709 659 Persa-

954 680 1023 704 rum
1035 692 1045 707 ,
1072 669 1123 702 vel
1141 668 1332 705 Gtaecorum
1344 696 1354 712 ‚
1380 674 1431 706 vel
1452 675 1680 708 Romanorum
1692 698 1705 715 ‚

955 716 1077 752 scilicet
1093 718 1285 754 Parthorum
1298 742 1307 755 ‚
1330 722 1561 761 Tartarorum,
1574 722 1708 757 Aithio-

958 780 1047 814 pum,
1059 768 1257 809 Turcarum,
1266 768 1456 805 &aliorum-

1004 815 1063 851 Ista
1074 818 1188 851 omnia
1206 830 1320 864 parum
1340 819 1379 854 ad
1400 819 1540 855 nostram
1554 821 1710 868 quaestio:
1727 825 1841 854 solvitur

959 878 1046 904 nem,
1084 867 1267 914 Utcunque
1293 868 1332 902 ad
1351 872 1496 916 primum
1515 871 1649 918 Replica
1679 883 1708 905 1.
1772 877 1795 896 ¹²

960 912 1118 948 Danielem
1136 913 1231 961 loqui
1250 915 1289 950 de
1307 915 1442 952 summis
1456 922 1622 963 Imperiis,
1648 920 1712 955 five

958 963 1160 998 Monarchiae
1177 964 1239 998 sive
1259 964 1483 1014 cujuscunque
1503 968 1616 1003 forma:
1640 969 1715 1004 fue—

960 1013 1038 1047 rint.
1077 1024 1108 1048 2.
1136 1013 1430 1056 Quemadmodum
1455 1026 1565 1051 caetera
1591 1018 1716 1053 summa

960 1063 1097 1109 Imperia
1112 1065 1146 1097 in
1168 1063 1374 1099 Monarchias
1389 1075 1573 1106 verterunt,
1591 1067 1633 1100 ita
1645 1067 1717 1100 Ro-

961 1124 1094 1146 manurn
1108 1111 1178 1160 post
1187 1115 1325 1160 Caesarem
1336 1115 1369 1148 in
1382 1114 1611 1150 Monarchiam
1625 1116 1716 1150 reda-

957 1160 1047 1194 stum
1059 1160 1116 1195 est.
1143 1174 1172 1205 3.
1195 1163 1301 1196 Lirem
1323 1163 1405 1198 hanc
1429 1164 1467 1198 de
1488 1166 1625 1199 nomine
1643 1177 1713 1199 non

959 1221 1097 1244 movent
1107 1210 1214 1244 Bodmt
1223 1211 1370 1261 sequaces
1382 1239 1391 1255 ‚
1408 1213 1595 1261 usurpantes
1608 1214 1665 1262 ipsi
1680 1215 1715 1248 in

958 1258 1018 1293 suis
1038 1257 1162 1306 scriptis
1182 1274 1251 1296 non
1271 1259 1379 1296 mimis
1394 1261 1491 1310 quam
1510 1265 1611 1298 nostri
1631 1277 1717 1312 qua-

960 1319 1035 1343 tuor
1058 1310 1328 1346 Monarchiarum
1350 1312 1487 1359 phrafin.
1513 1313 1614 1348 Certe
1631 1326 1715 1360 quos

960 1358 1016 1406 ipsi
1040 1371 1172 1406 ponunt
1196 1357 1383 1396 successores
1417 1362 1616 1403 Alexandri,
1652 1361 1717 1398 five

960 1420 1120 1455 quatuor,
1141 1409 1204 1444 sive
1213 1410 1295 1445 duos
1309 1409 1426 1446 efficias
1436 1411 1597 1446 Seleucidas
1609 1416 1640 1446 &a
1653 1414 1718 1446 La-

957 1460 1040 1506 gidas
1053 1483 1063 1499 ‚
1077 1459 1202 1493 nullam
1226 1460 1356 1507 proprie
1383 1461 1615 1496 Monarchiam
1635 1475 1719 1496 con·

960 1509 1110 1543 stituunt.

1012 1557 1062 1591 Ad
1081 1555 1255 1592 secundum
1276 1559 1426 1606 Replica.
1453 1561 1539 1595 Inter
1551 1561 1714 1608 Principes

968 1608 1146 1654 Europaeos
1158 1632 1168 1648 ‚
1181 1605 1251 1641 imo
1269 1609 1353 1643 inter
1363 1621 1479 1644 omnes
1492 1610 1644 1644 mortales
1654 1636 1662 1650 ‚
1675 1610 1717 1644 ab
1746 1617 1750 1619 ’

967 1658 1061 1692 annis
1074 1655 1163 1704 supra
1173 1655 1574 1694 sexcentosconvenitsine
1584 1671 1721 1694 contro-

969 1705 1091 1750 versi53
1117 1707 1250 1740 titulum
1264 1731 1275 1746 ‚
1289 1706 1436 1755 insignia,
1450 1712 1563 1754 &jura
1573 1710 1721 1744 Romani

967 1759 1111 1804 Imperii,
1123 1757 1372 1791 Germanorum
1384 1759 1524 1805 Principi
1536 1759 1723 1793 attribuen-

967 1806 1017 1841 da.
1036 1806 1181 1840 Bodinum
1195 1817 1266 1840 non
1277 1805 1385 1841 decuit
1396 1810 1451 1850 (ut
1461 1808 1581 1843 Gallus
1593 1807 1654 1843 suis
1666 1808 1723 1841 ab-

970 1856 1179 1896 blandiretur)
1193 1855 1403 1891 universalem
1415 1857 1512 1891 istum
1526 1856 1722 1892 consensum

969 1905 1138 1940 solicitare.
1157 1905 1338 1953 Utcunque
1350 1905 1448 1940 nobis
1460 1905 1532 1940 satis
1545 1906 1600 1944 est,
1610 1907 1631 1941 si
1642 1908 1727 1941 Ger-

970 1956 1083 1989 maniae
1095 1957 1274 2001 Imperator
1283 1957 1333 1989 vel
1344 1967 1428 1990 unus
1445 1969 1482 1989 ex
1495 1956 1608 1991 decern
1620 1957 1727 2003 Regi-

971 2003 1032 2039 bus
1049 2002 1265 2038 constituatur
1282 2027 1291 2040 ‚
1321 2006 1407 2038 inter
1431 2016 1516 2052 quos
1531 2006 1725 2039 Romanum

971 2054 1144 2100 imperium
1156 2065 1293 2099 vergens
1304 2055 1338 2088 in
1350 2051 1444 2088 suum
1460 2053 1609 2089 occasum
1622 2053 1726 2089 distri-

971 2104 1090 2138 butum
1100 2101 1157 2137 est.

1017 2153 1071 2187 Ad
1081 2154 1213 2187 tertium
1229 2150 1365 2197 Replica
1385 2152 1507 2198 primo.
1531 2153 1654 2200 Magna
1671 2152 1726 2185 illa
1783 2158 1810 2182 32

971 2205 1002 2236 &
1023 2214 1136 2249 parum
1160 2212 1240 2235 nota
1266 2202 1300 2234 in
1325 2210 1416 2234 terrae
1442 2199 1565 2236 finibus
1593 2203 1727 2248 imperia

969 2251 1187 2284 Tartarorum
1198 2274 1206 2288 ‚
1232 2247 1495 2286 Muscovitarum
1515 2276 1524 2290 ,
1552 2254 1726 2288 Indorum,

972 2299 1167 2347 AEthiopum
1179 2325 1188 2338 ‚
1215 2302 1250 2334 δέ
1261 2297 1421 2343 ejusmodi
1432 2313 1543 2347 parum
1564 2302 1602 2337 ad
1616 2301 1727 2334 Eccle-

971 2349 1046 2384 siam
1063 2348 1229 2395 Judaicam
1251 2347 1399 2394 spestzifl‘e
1416 2373 1424 2384 ‚
1456 2350 1495 2383 de
1512 2350 1573 2395 qua
1591 2347 1728 2383 Danielis

973 2410 1045 2432 cura
1059 2398 1219 2437 maxima,
1236 2397 1339 2430 autad
1351 2395 1493 2430 subditos
1506 2395 1729 2431 Nebuchadne-

973 2450 1060 2485 μνία,
1071 2446 1110 2481 de
1119 2447 1237 2495 quibus
1251 2447 1304 2480 ille
1314 2446 1398 2480 solus
1408 2458 1482 2480 ante
1494 2445 1659 2480 somnium
1671 2459 1730 2480 co·

973 2493 1080 2543 gitz‘iss‘e
1100 2496 1239 2530 videtur.
1266 2496 1395 2530 Deinde
1416 2496 1506 2541 quod
1526 2496 1563 2528 ad
1583 2497 1704 2529 Turcas
1721 2516 1732 2532 ι

975 2557 1030 2579 eos
1043 2556 1110 2578 non
1123 2542 1229 2577 minus
1244 2541 1340 2589 quam
1360 2543 1545 2578 Germanos
1558 2545 1591 2578 in
1609 2556 1730 2591 partem

977 2594 1107 2641 Imperii
1126 2592 1269 2627 Romani
1291 2591 1459 2627 succeffiffe
1472 2595 1571 2628 multi
1588 2604 1731 2629 tuentur.

979 2643 1217 2690 Deniquelicet
1231 2640 1330 2675 hodie
1345 2643 1556 2677 Tartarorum
1569 2669 1578 2682 ‚
1597 2642 1730 2679 Musco-

980 2693 1132 2730 vitarum,
1145 2691 1306 2738 Mogullis
1317 2691 1397 2730 Indi,
1410 2693 1588 2727 Pretiannis
1599 2692 1730 2728 AEthio-

982 2743 1028 2789 pis
1038 2743 1172 2788 imperia
1183 2766 1192 2781 ,
1211 2740 1383 2775 latitudine
1395 2742 1590 2789 Regnorum
1603 2745 1633 2776 δι
1645 2744 1730 2778 mul-

980 2790 1120 2824 titudine
1134 2791 1330 2837 populorum
1349 2791 1492 2838 ingentia
1511 2791 1592 2830 sint;
1619 2803 1729 2827 tamen

983 2840 1020 2873 ad
1032 2840 1213 2886 potentiam
1227 2863 1236 2879 ‚
1256 2839 1378 2881 robur,
1398 2844 1430 2875 &
1450 2839 1621 2875 stabilitam
1642 2843 1731 2889 poli-

982 2890 1060 2922 tiam
1084 2887 1269 2936 cujusquam
1288 2902 1326 2923 ex
1347 2901 1487 2937 quatuor
1506 2903 1567 2938 prae
1585 2890 1734 2926 manibus

985 2937 1184 2972 Monarchiis
1198 2951 1265 2972 non
1278 2937 1349 2972 sunt
1361 2940 1589 2986 comparanda.

1031 2988 1120 3021 Dum
1131 2987 1339 3035 quaestionem
1354 2988 1502 3035 parabam
1514 2989 1672 3030 claudere,
1682 2990 1733 3024 in-

984 3036 1130 3070 ciderunt
1140 3038 1170 3070 in
1181 3049 1295 3071 manus
1304 3038 1400 3071 trium
1413 3037 1515 3072 adhuc
1525 3041 1659 3073 aliorum
1672 3038 1731 3073 hac

983 3084 1022 3119 de
1033 3098 1065 3119 re
1077 3082 1191 3132 scripta
1206 3086 1396 3120 Constantini
1407 3089 1587 3134 L'cmpereur
1597 3112 1606 3125 ‚
1615 3085 1732 3122 ‘I‘homae

984 3132 1100 3174 Parken'
1118 3136 1341 3182 Novo-Angli
1353 3161 1362 3175 ‚
1376 3136 1495 3173 Robem
1510 3138 1732 3187 Epiſsomastygis

986 3182 1055 3222 filii,
1068 3187 1098 3219 ὅ(
1110 3181 1259 3231 Epllraimi
1271 3184 1372 3220 Huni.

1313 3234 1381 3282 Gg
1406 3249 1422 3282 3
1609 3235 1732 3268 Primus

1772 1581 1787 1602 M-

1793 1581 1801 1601 ,ι
