2048 3343
127 469 235 507 74πὶβὶ-

126 521 179 538 mm
186 510 254 539 homo

125 553 225 578 Mane-

127 591 189 620 thos.

127 1601 210 1626 Etiam
220 1599 254 1625 E-

127 1637 244 1673 ratostlie-

126 1689 175 1708 nes,

290 101 344 146 24'
617 89 1036 134 Ot‘ER1sH

285 180 363 206 runt
385 167 473 204 enirn
492 166 532 202 ad
550 163 601 201 bis
621 163 710 199 mille
729 163 905 199 minimum
925 175 1031 198 annos

286 221 371 254 ultra
382 219 583 253 creationem
597 216 828 263 AEgyptiorum
840 217 911 249 Rex
921 222 1029 253 Menes,

284 270 339 315 qui
350 268 424 316 post
442 264 624 300 multorum
636 264 818 298 seculorum
839 264 955 297 heroas
969 263 1034 295 im·

283 318 412 364 peravit
423 341 430 352 ‚
441 314 568 350 servato
583 315 680 347 etiam
694 316 885 347 Graecorum
897 311 1034 351 calculo,

285 365 308 398 sl
322 364 380 412 ipsi
391 365 488 411 isaaco
498 364 660 398 credimus
678 385 686 398 ‚
706 364 818 398 Adamo
831 364 863 395 in
876 361 934 395 suae
946 372 1036 394 crea-

286 416 389 449 tionis
399 415 504 455 initio‚
517 413 580 446 fuit
591 412 733 458 aequaliS.

333 477 363 499 2.
389 464 639 509 Antiquitatum
652 461 783 495 istarum
794 460 908 494 auctor
917 461 1038 507 prima-
1060 499 1061 511 ἵ

286 514 350 548 rius
367 514 411 548 cst
431 513 582 547 Manetlios
600 535 609 550 ,
628 509 646 544 ἔι
664 522 732 557 quo
755 511 908 556 Africanm
929 513 963 543 &
982 516 1038 542 Eu-

280 563 374 610 fi‘bt’us
391 561 460 596 suas
478 560 652 605 Dynastias
677 559 881 606 AEgyptiacas
907 557 1039 591 desum-

285 610 375 660 pfiffe
385 613 414 645 se
427 609 628 657 profitentur
640 634 650 650 ,
666 608 754 641 hunc
770 608 880 653 lfizacus
901 607 1039 640 menda-

287 660 448 695 ciffimum
462 659 634 693 hominem
656 657 751 690 fateri
769 655 898 701 cogitur
915 679 925 694 ,
952 653 1038 688 male

285 721 398 744 tamen
408 712 441 744 in
453 711 628 756 scaligerum
639 704 763 739 involat
782 702 856 750 post
869 707 1036 744 Petavinin,

286 757 381 806 quod
401 759 547 793 summus
565 759 611 791 vir
624 754 753 801 Africani
767 752 1040 798 &Eusebiicxern-

285 809 344 855 plo
381 809 561 842 Manethonis
587 799 839 837 fabulofiffimas
872 802 1042 846 Dynastias

285 859 320 892 in
332 855 387 890 sua
400 857 540 904 periodo
553 855 668 887 Iuliana
680 849 825 884 collocet
838 876 846 888 ,
867 860 969 895 utque
981 862 1039 883 ve-

283 918 339 940 ros
357 916 458 939 annos
485 902 657 936 historicos
683 897 842 932 sacratum
867 896 1038 932 literatum

276 966 363 988 ‘curn
385 953 446 987 illis
462 951 546 985 falfis
559 958 741 996 componat
756 972 765 987 ,
785 947 962 994 periodum
977 947 1038 982 sta-

285 1004 387 1037 tuerit
398 1005 580 1037 multorum
602 997 786 1032 seculorum
800 996 1038 1043 postulatitiam

286 1056 323 1087 δε
334 1052 555 1099 ptolepticam
571 1058 646 1081 ante
659 1045 775 1079 mundi
788 1048 1003 1079 creationem.

339 1115 368 1146 3.
395 1097 489 1133 Nihil
502 1099 649 1132 lucratur
659 1095 789 1141 Isaacus,
809 1093 903 1140 quod
915 1096 1039 1139 rejesto

285 1152 461 1186 Manethone
481 1148 524 1181 ad
537 1146 750 1180 Eratosthenem
768 1143 919 1190 confugit
933 1168 943 1184 ‚
959 1156 1039 1191 prae-

287 1210 441 1244 terquam
478 1198 564 1231 enim
601 1194 699 1240 quod
732 1191 915 1236 Eratosthenis
959 1193 1038 1228 fides

283 1247 359 1282 solis
374 1248 647 1294 AEgyptiacorum
663 1242 869 1276 sacerdotum
879 1245 1038 1276 narratio-

283 1297 383 1330 nibus
396 1308 536 1335 nitatur,
556 1305 634 1340 quas
648 1291 755 1326 multo
766 1290 946 1326 accuratius
966 1298 1038 1326 Em-

282 1349 408 1381 tofthene
435 1355 490 1378 aut
520 1344 640 1391 quovis
673 1338 852 1387 alienigena
878 1342 1039 1387 cognovit

284 1398 435 1430 Mamilius
444 1393 649 1427 sacerdotum
665 1391 937 1438 AEgyptiacprum
951 1392 1039 1437 prin-

286 1457 362 1492 ceps
378 1456 415 1477 ac
430 1441 518 1488 qnasi
541 1438 692 1474 Pontifex
713 1465 723 1481 ,
756 1439 799 1473 ad
826 1439 932 1486 ipsum
967 1442 1038 1473 Pto-

285 1496 410 1529 lenaeum
429 1492 562 1539 AEgypti
583 1492 710 1537 Regem
730 1500 768 1522 ex
784 1488 919 1522 archivis
929 1487 1039 1523 hiero-

287 1543 449 1591 glyphicis
461 1553 514 1575 eas
525 1541 737 1584 antiquitates
748 1535 944 1572 describens.

336 1606 370 1634 4.
407 1591 502 1638 Ipsius
536 1589 722 1623 Eratosthenis
742 1587 905 1631 Dynastiae
938 1585 1038 1634 longe

289 1640 449 1676 excedunt
473 1641 623 1671 Graecum
648 1632 807 1671 calculum
828 1661 837 1677 ,
873 1648 948 1669 nam
966 1648 1038 1682 quae
1059 1656 1060 1661 =

290 1691 467 1726 Eratostheni
483 1687 555 1721 vult
575 1686 688 1732 isaacus
714 1687 881 1732 Africanum
903 1689 937 1719 &
958 1686 1038 1730 Euse-

291 1742 370 1775 bium
388 1736 546 1771 ascribere
559 1759 568 1772 ‚
584 1747 620 1768 ea
636 1736 783 1769 nituntur
801 1736 919 1769 Diodori
939 1735 1039 1768 Siculi

291 1787 483 1822 testimonio
513 1798 521 1819 ι
547 1783 635 1818 cette
662 1784 773 1829 isaacus
795 1785 978 1827 Eratosthenis
1004 1788 1039 1818 &

290 1838 410 1873 Diodori
431 1832 588 1868 calculum
610 1831 689 1866 facit
705 1844 810 1866 unum
831 1835 865 1866 &
883 1832 1042 1872 cundem,

289 1891 357 1933 jam
378 1882 455 1918 vero
480 1881 656 1917 secundum
678 1884 802 1916 Diodori
819 1893 972 1916 numeros
990 1906 1000 1922 ,
1027 1880 1044 1916 ὲ

291 1943 375 1971 Mene
385 1936 493 1981 primo
504 1931 732 1980 AEgyptiorum
748 1932 842 1975 Rege
853 1930 988 1964 mortali
999 1930 1040 1965 ad

291 1984 446 2029 Rafiridem
469 1980 632 2015 fluxerunt
649 1981 726 2013 anni
746 1978 840 2026 supra
859 1981 946 2013 inille
960 1992 1043 2026 qua-

292 2034 486 2078 dringeutos
507 2055 517 2071 ‚
535 2033 568 2064 δε
580 2028 597 2062 :i
607 2028 780 2075 Bustridead
791 2030 974 2064 Pliaaronem
988 2040 1041 2063 tot

292 2083 396 2116 millia
413 2107 421 2118 ,
448 2091 483 2114 ut
501 2079 694 2113 Eratosthenis
715 2090 752 2112 ac
764 2079 882 2112 Diodori
896 2077 1040 2113 calculus

249 2154 254 2159 ·
291 2143 363 2165 non
376 2127 484 2162 minus
496 2130 581 2161 intra
594 2126 834 2163 Diluvinm,'vel
844 2129 942 2160 etiam
954 2130 1041 2161 intra

292 2180 496 2214 creationem
513 2177 673 2211 contineri
695 2174 813 2223 poffit,
828 2175 925 2222 quam
942 2176 1041 2222 ipsius

292 2229 483 2263 Manetlionis.

343 2274 377 2322 '5.
407 2274 505 2310 Plane
523 2275 664 2309 Diodorus
685 2273 719 2306 in
737 2270 825 2308 libro
851 2271 909 2306 suo
930 2273 1041 2319 primo

292 2325 435 2361 affirmat
456 2325 489 2358 in
509 2322 607 2358 rebus
633 2323 835 2370 AEgyptiacis
862 2321 984 2355 nullam
1011 2321 1041 2355 se

292 2376 488 2411 firmitatem
501 2372 569 2407 fide
584 2373 717 2419 dignam
732 2396 742 2412 ,
763 2372 830 2405 2}ka
845 2370 1041 2418 παράπηγμα

292 2423 489 2468 ωιςευορὲγυον
507 2423 646 2469 reperire
666 2433 739 2455 ante
752 2432 901 2466 tempora
912 2421 1039 2465 Troja-

292 2487 346 2515 na,
357 2471 509 2519 accepisse
526 2471 665 2517 quidem
685 2468 714 2504 se
734 2472 811 2504 dicit
828 2469 1042 2504 &Sacerdoti-

291 2523 356 2558 bus
368 2523 565 2570 AEgyptiacis
577 2519 693 2553 heroas
710 2518 815 2554 51301e
827 2517 970 2565 regndss'e
983 2531 1041 2553 an-

292 2585 357 2606 nos
369 2572 468 2605 octies
481 2570 587 2603 decies
600 2567 686 2602 mille
697 2592 706 2608 ‚
728 2572 762 2602 &
780 2568 851 2614 post
862 2580 921 2601 eos
932 2568 1040 2602 homi-

291 2634 350 2656 nes
363 2618 518 2653 mortales
538 2628 613 2650 ante
630 2616 723 2650 suum
741 2618 774 2649 in
789 2618 969 2663 AEgyptum
981 2618 1042 2650 iter

292 2680 449 2717 regnante
469 2662 610 2700 Ptolemaeo
628 2666 757 2715 Dionysto
781 2667 907 2707 juniore
934 2677 1037 2698 annos

293 2718 486 2765 quindecies
501 2715 599 2748 mille.
633 2717 685 2746 An
696 2713 738 2747 ad
750 2712 833 2747 lianc
844 2712 1040 2746 Chronolo-

292 2771 399 2815 giam,
419 2764 544 2811 cuiipse
563 2763 700 2797 Diodorus
711 2762 831 2795 nullam
848 2760 986 2795 adhibet
998 2761 1037 2795 fi-

294 2817 371 2852 dem
385 2842 392 2853 ,
411 2818 513 2849 Sacrae
529 2812 699 2859 Scripturae
710 2809 851 2845 calculus
866 2813 1037 2859 corrigen-

292 2867 354 2901 dus
366 2865 433 2899 est?

342 2916 498 2959 Denique
515 2912 577 2946 isto
602 2908 776 2945 concludit
802 2920 1033 2957 argumentum

292 2962 385 2996 suum
401 2964 509 3008 isaacus
527 2960 786 3008 epiphonemate
799 2986 807 2999 ‚
833 2972 932 2992 nemo
943 2962 1035 3006 quis-

291 3023 393 3056 quam
408 3037 416 3048 ,
435 3023 470 3045 ut
480 3012 602 3057 opinor
613 3036 621 3048 ,
640 3009 680 3044 de
690 3019 962 3058 argumentorum
973 3021 1032 3042 no—

292 3060 433 3094 strorum
447 3062 600 3094 firmitate
612 3059 779 3094 dubitabit
798 3081 807 3093 ‚
832 3058 888 3092 nili
908 3059 963 3104 qui
978 3070 1033 3093 aut

290 3107 435 3142 baecnon
452 3107 611 3154 intelligat
624 3135 633 3150 ,
650 3120 704 3143 aut
722 3108 893 3142 veritatem
912 3108 1032 3142 oderit.

289 3154 389 3203 RcspL
417 3157 537 3192 Procul
556 3157 626 3192 haec
637 3157 754 3194 absunt
772 3155 1033 3206 zlrpatrismode-

1068 101 1482 134 :STORICI

1086 163 1140 200 flia
1160 180 1168 201 :
1195 166 1315 201 durum
1327 167 1370 200 est
1383 167 1522 202 veritatis
1539 166 1657 204 odium
1672 167 1828 216 cuiquam

1085 216 1232 262 ingenuo
1256 217 1438 264 impingere
1454 240 1463 252 ‚
1487 217 1541 251 sed
1561 219 1742 252 multotum
1764 220 1833 253 sors

1085 263 1147 299 ess'e
1160 264 1374 312 potest‚quod
1388 265 1490 300 multa
1503 268 1536 298 in
1549 268 1730 301 ratiociniis
1740 269 1834 313 isseaci

1085 324 1151 347 non
1171 315 1300 348 valeant
1327 327 1441 361 capere
1460 340 1470 355 ‚
1497 327 1562 363 ego
1583 315 1717 362 quidem
1747 319 1834 352 inter

1086 363 1168 396 alios
1180 362 1341 410 profiteor
1353 362 1390 405 (fi
1401 362 1487 398 redte
1499 364 1649 411 intelligo
1659 376 1833 411 argumen-

1086 411 1108 443 ti
1121 410 1214 455 hujus
1224 412 1366 457 lfizaciani
1379 412 1664 459 prosecutionem)
1680 416 1833 460 pleraque

1085 461 1120 491 in
1130 471 1165 492 ea
1182 462 1241 494 niti
1255 460 1409 494 videntur
1428 460 1594 497 levissimis
1612 464 1833 508 conjecturis,

1087 520 1160 553 quae
1172 508 1290 543 nullius
1313 512 1439 545 cordati
1451 511 1567 545 serium
1580 523 1713 546 examen
1725 513 1834 546 valent

1086 556 1247 592 sustinere.

1138 606 1308 642 Ultimum
1326 609 1385 642 viri
1397 607 1576 643 doctiffimi
1588 619 1833 657 argumentum,

1087 656 1180 701 quod
1206 655 1272 703 ipse
1300 658 1459 691 invictum
1482 670 1580 693 vocat
1597 683 1607 699 ,
1633 658 1769 693 suuntur
1795 670 1835 693 ex

1088 704 1324 754 Chronologia
1361 705 1534 740 certissima
1560 714 1660 742 Serum
1687 707 1741 742 seu
1765 708 1839 742 chi-

1084 754 1274 799 nenfiumsslli
1287 757 1428 803 (inquit)
1442 755 1603 790 historiam
1616 755 1740 790 habent
1751 769 1836 791 con-

1085 804 1345 849 tinuamRegum
1357 805 1398 838 ab
1410 807 1502 839 aunis
1511 816 1627 852 quater
1640 805 1728 840 mille
1739 807 1835 851 quin-

1084 852 1190 897 gentis
1209 876 1216 888 ,
1243 855 1301 897 qui
1317 850 1497 887 secundum
1515 855 1676 889 calculum
1690 854 1835 890 Hebrai-

1085 910 1159 932 cum
1173 910 1365 944 praevertent
1375 901 1546 936 Diluvium
1560 903 1670 938 multis
1681 906 1786 937 annis.

1136 947 1232 994 Resp.
1273 949 1363 992 Qis
1387 946 1488 982 fidem
1514 949 1610 985 faciet
1628 952 1833 986 certitudinis
1853 957 1978 985 Inviflum

1087 996 1334 1042 Chronologiae
1360 998 1474 1030 Sericae
1501 1001 1514 1032 ?
1548 1000 1596 1032 Sit
1621 1012 1723 1046 genus
1748 1000 1831 1036 illud
1855 999 1983 1034 Jfizacsar-

1085 1044 1258 1078 hominum
1294 1046 1444 1078 omnium
1482 1057 1652 1092 quotquot
1688 1060 1831 1095 unquam
1849 1049 1948 1077 gumen-

1084 1090 1221 1127 fuerunt
1247 1092 1469 1128 doctissimum
1497 1097 1613 1141 (quod
1639 1107 1769 1138 tamen,
1799 1109 1835 1132 nt
1855 1080 1983 1149 ¹t”{”⁷‘²c”‘

1086 1143 1231 1177 arbitror
1247 1168 1258 1183 ,
1283 1144 1364 1178 nulli
1383 1143 1460 1177 sano
1480 1145 1527 1178 vir
1547 1144 1666 1179 doctus
1689 1152 1837 1192 unquam
1868 1131 1881 1148 a
1895 1131 1935 1149 nr.

1085 1191 1300 1239 persuaserit)
1331 1193 1413 1238 qnid
1447 1203 1556 1226 tamen
1582 1205 1671 1227 vetat
1707 1195 1838 1230 illorum

1087 1240 1351 1288 Chronologiam
1370 1241 1461 1288 aeque
1484 1242 1660 1277 fabulosam
1681 1242 1741 1278 effe
1765 1269 1775 1284 ,
1800 1258 1837 1278 ac

1090 1290 1326 1325 Chaldaeorum
1337 1319 1344 1330 ,
1359 1292 1587 1339 AEgyptiorum
1601 1320 1608 1332 ,
1624 1293 1838 1335 Graecorum,

1087 1341 1329 1374 &Latinorum
1360 1343 1392 1373 in
1426 1341 1589 1376 literatura
1615 1341 1836 1377 (lunensibus

1086 1387 1426 1424 nihilojnferiorum?

1135 1451 1163 1471 2.
1177 1440 1265 1485 Qus
1276 1438 1436 1486 praestabit
1448 1438 1703 1488 Augustinianos
1714 1453 1833 1474 mona·
1854 1449 1992 1479 chronolo-

1087 1486 1168 1521 chos
1183 1487 1276 1532 (nam
1290 1488 1503 1534 ipsorumsolfi
1515 1488 1578 1523 fide
1594 1491 1742 1524 nituntur
1754 1492 1833 1524 Chi·
1850 1493 1894 1529 gia
1905 1496 1991 1520 serum

1088 1548 1203 1570 narum
1222 1537 1381 1582 Dynastiae
1401 1537 1457 1572 lib.
1473 1551 1504 1572 z.
1532 1550 1698 1572 canonum
1711 1538 1835 1586 Ifitgvgi-
1856 1532 1990 1579 nullrml22c

1086 1597 1183 1620 corum
1202 1586 1219 1620 τὶ
1237 1589 1379 1633 Scaliger«)
1393 1585 1577 1634 descriptae)
1593 1588 1685 1622 certo
1701 1600 1835 1635 cogno-
1851 1571 1975 1612 ¹³⁰''d‘m‘

1087 1633 1162 1669 viffe
1174 1636 1206 1668 in
1221 1636 1576 1670 archivisCliineniium
1586 1637 1748 1670 custodita
1760 1636 1836 1671 scri-

1087 1695 1143 1731 pta
1165 1684 1282 1718 diebus
1295 1686 1376 1730 Mofis
1393 1687 1601 1730 antiquiora?
1632 1686 1715 1719 Non
1735 1698 1835 1733 negat

1087 1734 1196 1779 Ifizactts
1215 1736 1385 1768 Ludovicnm
1413 1736 1531 1768 Vivem
1558 1735 1663 1768 virum
1691 1736 1835 1782 graviffi-

1089 1795 1194 1822 mum,
1205 1786 1238 1817 δέ
1252 1781 1500 1818 literatiffimum
1514 1782 1660 1818 historias
1674 1785 1744 1818 illas
1754 1787 1835 1818 Mo-

1089 1832 1268 1866 nachorum
1287 1833 1327 1866 de
1346 1830 1563 1867 Chinenfium
1585 1833 1837 1879 antiquitatibus

1089 1883 1308 1927 pronunciare
1318 1879 1485 1915 fabulosas
1495 1892 1609 1929 nugas,

1140 1944 1169 1977 3.
1193 1932 1434 1979 ingenuitatem
1447 1929 1646 1976 ipsiuslsaaci
1663 1930 1833 1972 testamur,

1089 1991 1126 2013 an
1146 1992 1279 2026 aequum
1297 1980 1453 2014 existimet
1470 1990 1506 2012 ut
1528 1979 1710 2013 Hebraicus
1725 1990 1834 2014 textus

1065 2026 1289 2063 'reformetur
1308 2029 1348 2063 ad
1367 2040 1507 2077 nugaces
1525 2026 1743 2062 Chinenfium
1760 2031 1835 2075 Dy-

1088 2079 1202 2112 nastias
1215 2105 1223 2118 ,
1241 2090 1311 2125 quae
1321 2077 1500 2113 secundum
1517 2080 1712 2124 Selialigerum
1724 2103 1734 2118 ‚
1751 2080 1834 2112 totis

1088 2130 1181 2161 annis
1204 2130 1391 2175 quingentis
1416 2126 1595 2160 ascendunt
1619 2125 1713 2173 snpra
1734 2127 1834 2160 Dilu-

1087 2177 1192 2215 vium,
1203 2188 1245 2208 an
1257 2175 1334 2209 vero
1347 2187 1383 2209 ut
1395 2176 1454 2210 illae
1465 2187 1522 2222 per
1531 2173 1655 2209 sacrum
1668 2176 1751 2222 Mosts
1763 2185 1834 2210 tex-

1085 2234 1155 2258 tum
1169 2225 1398 2271 corrigantur?

1135 2274 1181 2308 Ex
1199 2275 1318 2308 ultimo
1341 2274 1398 2307 suo
1414 2271 1481 2307 hoc
1492 2283 1686 2320 argumento
1702 2272 1833 2308 adducit
1851 2284 1928 2313 Mali
1939 2295 1978 2313 re-

1087 2323 1135 2356 vit
1154 2324 1270 2356 doctus
1284 2323 1350 2357 duo
1361 2323 1543 2356 corollaria.
1570 2325 1658 2357 Prius
1670 2323 1715 2356 est
1726 2321 1832 2357 exhac
1846 2326 1987 2363 futatVos-
2035 2320 2037 2324 ⁸

1087 2372 1142 2405 sua
1168 2370 1339 2406 assertione
1366 2372 1470 2419 tnagis
1494 2382 1640 2406 corruere
1667 2371 1834 2418 scriptoris
1847 2365 1973 2413 fiusPrae-

1089 2421 1312 2455 Praeadamitae
1330 2432 1476 2458 conatus,
1488 2419 1587 2466 quam
1605 2419 1758 2454 omnibus
1777 2421 1833 2455 ad-
1850 2406 1980 2437 adamitae.

1087 2470 1297 2504 versariorum
1312 2469 1521 2517 argumentis,
1556 2468 1653 2516 Rei-p.
1667 2470 1683 2503 ὲ
1701 2481 1831 2503 contra-

1086 2520 1136 2552 rio
1148 2519 1250 2552 videri
1264 2518 1470 2552 assertionem
1495 2519 1583 2562 Isaaci
1598 2519 1740 2550 animam
1754 2517 1831 2552 daie

1088 2569 1245 2602 morienti
1260 2568 1545 2602 Praeadamitarum
1559 2565 1650 2599 setstae
1663 2592 1671 2606 ‚
1693 2570 1763 2611 ejus
1773 2579 1831 2601 au-

1089 2619 1162 2650 ‹Stor
1181 2621 1275 2657 (non
1288 2640 1298 2655 ‚
1312 2626 1348 2648 ut
1360 2615 1427 2648 vult
1440 2616 1486 2647 vir
1499 2614 1620 2648 doctus
1630 2639 1640 2654 ‚
1667 2617 1780 2649 multis
1793 2629 1832 2650 ac

1088 2665 1212 2712 magnis
1226 2662 1403 2711 propositis
1423 2665 1563 2708 praeniiis
1581 2675 1618 2696 ac
1630 2666 1734 2709 poenis
1746 2689 1754 2705 ,
1774 2663 1831 2699 sed

1085 2712 1353 2747 confutationum
1366 2711 1529 2747 evidentia
1550 2714 1742 2757 convietus)
1762 2712 1832 2747 sen-

1085 2765 1514 2807 tentiamtnutavit51flmcus
1525 2761 1602 2795 vero
1613 2764 1759 2808 gentiunt
1771 2774 1831 2795 an-

1085 2813 1271 2858 tiquitatem
1291 2837 1300 2853 ‚
1327 2815 1442 2846 multis
1477 2823 1638 2845 annorum
1672 2812 1829 2845 centuriis

1084 2873 1160 2896 ante
1178 2863 1283 2897 Adami
1305 2862 1503 2896 creationem
1524 2857 1660 2893 afferens
1678 2883 1687 2897 ‚
1714 2859 1825 2906 aperte.

1084 2909 1260 2958 profitetur
1274 2935 1285 2951 ‚
1310 2909 1333 2943 sl
1353 2922 1422 2944 non
1441 2920 1515 2942 ante
1537 2909 1701 2947 sidicinum,
1716 2917 1829 2942 tamen

1085 2970 1159 2993 ante
1176 2959 1406 3006 illud·tempus
1430 2983 1440 2998 ‚
1469 2970 1537 3004 quo
1558 2956 1731 2989 christiani
1745 2957 1828 3004 pen&

1066 3011 1200 3042 ‘omnes
1213 3009 1428 3042 protestantes
1441 3018 1479 3039 ac
1494 3004 1654 3039 rontificii
1674 3031 1682 3046 ,
1712 3005 1831 3040 secun-

1082 3058 1159 3093 dum
1180 3057 1345 3091 Hebraica
1365 3055 1469 3090 Biblia
1487 3057 1629 3089 Adamam
1653 3060 1686 3088 ὃς
1706 3054 1827 3089 orbern

1082 3118 1227 3140 creatum
1240 3107 1395 3146 credunt,
1411 3103 1540 3150 aliquot
1552 3115 1711 3138 annorum
1725 3104 1828 3138 millia.

1081 3154 1202 3192 fluxiffe
1228 3179 1238 3198 ‚
1263 3158 1299 3191 ἃ
1325 3154 1399 3192 vete
1428 3156 1528 3190 etiarn
1551 3152 1673 3188 fatetur
1690 3154 1828 3186 nimiam

1162 3205 1167 3207 ’
1326 3203 1335 3205 ἡ
1677 3203 1828 3249 gentium
