2048 3343
581 133 990 173 Diam-nina

216 214 283 239 tum
293 227 301 240 ‚
322 203 464 238 audacter
477 214 580 238 tamen
593 215 750 239 tantorum
762 205 898 238 virorum
917 214 969 248 pa-

215 254 352 288 trocinio
371 254 408 288 ab
428 255 516 288 omni
535 252 659 289 censura
679 252 836 289 ἅπηδόυοέας
847 252 948 286 τεᾶυε
960 275 969 288 ,

215 301 307 350 ipsam
315 316 458 350 negarem
465 302 710 337 conclusionem.
724 301 784 335 Sed
791 299 973 339 molestum,

215 357 248 388 &
263 353 343 401 aegre
357 353 434 386 mihi
447 351 596 386 accideret
608 375 618 390 ,
645 350 666 384 si
682 361 744 383 tam
766 345 970 394 periculosum

215 401 431 436 haereticorum
444 397 595 447 sophisma
608 397 741 433 omnin&
756 398 906 432 innisum
923 397 969 431 di-

217 452 380 485 mitterem.
407 455 511 496 ltaque
524 449 634 483 dabitis
653 448 771 484 veniam
784 472 794 487 ,
819 447 842 481 si
856 446 970 482 eodem

217 497 338 547 prorsus
352 499 451 533 modo
466 500 614 546 excipiam
627 496 791 532 secundum
804 497 882 536 hoc,
904 509 970 544 quo

216 549 313 596 priori
328 546 488 582 occursum
503 548 561 582 est:
576 547 702 595 singulas
715 547 887 594 argumenti
903 558 970 593 par-

215 609 260 633 tes
268 598 408 632 conabor
415 596 546 632 falsitatis
553 598 735 632 convincere
745 610 753 636 3
767 606 873 630 contra
881 597 970 630 Con-

215 647 383 682 clusionem
394 673 402 686 ,
416 648 592 694 Scripturas,
603 658 712 694 patres,
724 647 868 685 rationes,
877 657 970 692 quan-

215 710 282 733 tum
297 696 362 732 satis
378 698 454 735 erit,
471 696 606 730 afferam.

52 761 194 793 Argumen-
264 750 309 782 Ut
325 747 483 794 placatiori
496 759 565 780 aure
578 744 681 778 nostra
698 744 733 777 ad
747 741 890 789 pestilens
906 742 968 776 hoc

50 797 200 833 tumprcmi-
215 809 429 844 argumentum
438 793 574 841 responsa
581 796 757 841 Opponens
764 793 904 839 accipiat,
917 790 971 833 etsi

50 846 94 905 ἵν
115 836 202 873 absur-
214 847 335 886 nostra,
351 845 451 880 minus
461 845 641 891 placebunt,
657 841 754 890 utipse
764 840 972 889 quidadsuum

68 888 89 905 θ’
214 893 364 944 sophisma
377 895 573 942 respondeat,
588 893 723 926 iuvenire
737 903 882 939 cogatur:
898 903 969 937 pro-

214 958 329 994 ponam
343 947 446 992 ptimo
457 945 530 978 loco
539 956 604 990 quae
618 943 689 976 illud
698 941 859 987 sequentur
871 939 970 974 absur-

212 997 249 1030 da
263 994 441 1042 usqueadeo
454 1005 546 1031 tetra,
565 1004 597 1026 ut
610 990 671 1038 ipse
687 989 970 1034 Vorstttstomachus

211 1058 277 1079 non
299 1055 484 1091 concoquat.
518 1041 624 1077 Primo
645 1038 736 1074 infert
756 1049 970 1087 argumentum

215 1093 479 1141 compositionem
493 1093 523 1126 in
541 1093 618 1125 Deo
635 1089 879 1128 substantialem3
901 1101 970 1123 nam

210 1155 271 1178 tres
285 1143 427 1190 personas
443 1144 474 1176 in
490 1144 566 1175 Deo
586 1152 650 1173 non
664 1139 818 1173 vocaverit
830 1137 969 1171 acciden-

210 1195 268 1233 tia,
282 1193 353 1226 eum
367 1204 426 1226 tres
444 1194 474 1224 in
490 1192 617 1225 Deitate
632 1187 768 1222 essentias
784 1185 857 1232 ipsas
868 1187 947 1219 dicat
961 1200 969 1227 ;

209 1244 313 1290 itaque
329 1255 395 1289 qua:
413 1255 448 1275 ex
460 1241 505 1274 his
522 1239 651 1274 essentiis
670 1236 858 1282 compositio
873 1233 966 1269 nasci-

211 1303 269 1328 tur,
288 1291 446 1325 essentialis
461 1295 490 1324 δε
507 1287 703 1323 substantialis
716 1284 750 1318 fit
763 1295 897 1331 oportet.
924 1287 968 1318 At

209 1343 264 1389 qui
275 1340 399 1385 Wnstius
405 1341 496 1374 talem
505 1340 536 1371 in
552 1340 626 1371 Deo
634 1334 895 1380 compositionem
903 1346 969 1367 non

209 1389 347 1438 agnoscit
361 1403 369 1429 3
389 1388 455 1421 imo
469 1387 542 1420 vero
557 1384 617 1432 ipse
631 1386 808 1431 Opponens
821 1383 895 1417 dum
912 1384 966 1416 ini-

207 1442 255 1474 tio
269 1437 446 1486 quaestionis
460 1436 568 1470 statum
577 1445 723 1482 poneret,
734 1445 799 1467 non
812 1433 900 1466 aliam
908 1445 968 1479 prae

208 1487 239 1523 se
260 1486 319 1522 fert
343 1486 606 1533 competitionem
626 1485 657 1516 in
680 1484 757 1517 Deo
778 1480 943 1516 defendere
955 1506 964 1521 ,

192 1537 305 1586 'quzim
321 1537 472 1584 quandam
486 1533 712 1568 accidentalem.
735 1531 835 1580 Qod
846 1531 866 1564 si
882 1544 968 1578 argu-

210 1587 309 1621 menti
322 1586 412 1629 hujus
426 1597 532 1618 amore
541 1582 728 1629 Opponenti
742 1584 889 1627 placeret,
904 1593 968 1615 non

211 1635 315 1680 Vorstn'
332 1633 462 1674 tantum,
476 1631 524 1668 sed
539 1631 585 1666 sua
598 1631 687 1678 ipsius
702 1629 789 1664 effata
807 1627 942 1664 deserere
958 1644 967 1671 3

210 1699 318 1732 parum
336 1697 439 1719 tamen
453 1682 634 1731 proficeret,
648 1679 701 1714 nisi
716 1681 747 1714 in
760 1679 859 1713 multo
876 1679 968 1727 pluri-

211 1736 270 1770 bus
285 1735 383 1768 adhuc
393 1733 449 1768 sibi
462 1732 696 1768 contradiceret.
722 1732 757 1763 In
770 1730 866 1776 priori
880 1742 967 1778 argu-

211 1796 320 1819 mento
333 1784 396 1818 hoc
407 1780 567 1830 proposuit
581 1781 746 1820 dilem‘1m3
760 1782 896 1814 Decreta
903 1779 968 1814 sunt

210 1836 259 1870 vel
273 1832 443 1868 substantiae
456 1857 465 1872 ‚
490 1833 535 1867 vel
552 1830 733 1866 accidentia:
754 1842 820 1863 non
834 1828 969 1864 substan-

211 1885 260 1918 tiae
274 1897 283 1923 ;
302 1884 372 1931 quia
389 1895 489 1930 neque
510 1883 602 1915 Deus
614 1904 623 1916 ‚
646 1892 747 1927 neque
762 1891 809 1913 res
821 1880 891 1915 vere
905 1880 968 1914 exi-

211 1933 325 1967 stentes
339 1957 350 1972 ‚
375 1937 406 1967 &
426 1942 554 1972 creatae3
577 1929 766 1978 applicentur
785 1929 968 1973 disjunffio-

212 1995 267 2017 nes
278 1982 314 2017 ad
324 1995 390 2016 rem
406 1979 592 2030 praesentem.
617 1977 757 2014 Personae
764 1978 812 2014 vel
825 1977 890 2013 sunt
901 1977 968 2013 sub-

214 2031 345 2069 stantiae,
364 2033 410 2065 vel
424 2030 612 2069 accidentia3
633 2029 799 2063 accidentia
811 2029 909 2063 nullus
923 2029 969 2063 di-

214 2082 309 2116 xerit:
332 2081 354 2115 si
369 2079 555 2120 substantiae;
575 2090 642 2113 tum
658 2078 706 2113 vel
723 2080 812 2112 Deus
824 2103 832 2115 ‚
855 2079 904 2113 vel
922 2091 969 2112 res

214 2141 322 2165 creatae
338 2131 409 2166 vere
421 2129 599 2164 existentes:
613 2141 678 2162 non
692 2141 738 2162 res
747 2139 868 2163 creatae:
883 2129 969 2175 Ergo

214 2182 317 2214 Deus.
336 2182 441 2227 Itaque
453 2189 667 2227 argumentum
681 2178 770 2225 quod
783 2176 881 2225 ipsasa
891 2179 969 2212 Dei-

214 2240 276 2263 tate
289 2227 413 2264 diversas
426 2227 515 2268 facit,
530 2228 606 2261 stare
619 2240 684 2261 non
692 2227 810 2273 potest,
822 2228 876 2261 nifi
883 2228 969 2275 prio-

214 2281 240 2312 ri
251 2276 305 2312 suo
318 2290 499 2325 argumento
512 2278 688 2323 Opponens
700 2277 868 2309 renunciet.

50 2342 193 2376 Argumen-
263 2327 416 2361 Secundo.
430 2328 658 2372 Argumentum
672 2322 763 2356 infert
777 2337 842 2357 non
850 2323 969 2358 tantum

49 2382 140 2409 tamin
148 2383 200 2406 Deo
217 2385 277 2409 tres
292 2377 323 2409 in
340 2377 417 2409 Deo
427 2372 555 2407 diversas
569 2372 705 2406 essentias
726 2374 743 2412 (
756 2383 830 2417 quas
845 2371 970 2414 Wrstius

49 2422 118 2458 P⁰'¹¹“
133 2429 199 2465 qna:
216 2437 281 2459 non
295 2436 400 2472 negat,
414 2428 445 2458 δέ
461 2419 751 2470 Opponensdiserte
764 2418 911 2463 affirmat)
922 2418 970 2453 sed

50 2469 126 2528 Zffil'e'
152 2469 203 2525 ’,ΖΞ
218 2486 356 2521 quartam
369 2471 504 2519 insuper,
515 2471 582 2505 imo
594 2472 701 2505 decem
714 2468 849 2503 essentias
859 2493 869 2509 ‚
882 2470 967 2503 reali-

50 2520 206 2574 infiniiasdi-
220 2536 265 2558 ter
280 2522 424 2563 diversas;
442 2523 509 2556 imo
526 2522 619 2555 multa
632 2520 725 2554 millia
734 2517 915 2553 diversarum
929 2517 970 2552 es-

51 2580 138 2616 verfiu
152 2579 185 2616 es·
221 2573 400 2612 sentiarum,
414 2572 451 2606 de
464 2585 529 2619 quo
543 2570 685 2615 malms,
699 2581 756 2602 nec
765 2569 840 2602 ullus
853 2567 972 2603 haereti-

51 2620 151 2658 senuas.
220 2636 345 2662 corum,
360 2634 508 2670 quantum
521 2622 677 2667 intelligo,
693 2631 828 2665 unquam
841 2617 972 2651 somnia-

220 2674 271 2707 vit.
301 2675 365 2717 Ajo
376 2683 590 2720 argumentum
603 2671 633 2704 in
647 2671 725 2703 Deo
737 2679 872 2716 quatuor
879 2664 973 2701 essen-

221 2724 277 2757 tias
296 2723 418 2756 realiter
432 2719 558 2755 diversas
571 2732 708 2767 ponere;
727 2731 798 2752 nam
819 2716 974 2751 essentiam

222 2784 423 2807 communem
432 2772 548 2804 realiter
555 2769 678 2803 differre
691 2766 761 2802 facit
772 2768 788 2801 a
795 2767 893 2801 tribus
902 2779 975 2814 pro-

223 2823 297 2870 priis
313 2821 448 2855 essentiis
462 2817 657 2868 personarum
674 2842 683 2857 ,
703 2817 769 2850 imo
784 2816 832 2850 his
845 2828 977 2863 quatuor

226 2869 363 2918 expresse⁷
377 2871 458 2904 addit
471 2871 538 2903 alias
552 2866 598 2902 sex
610 2892 618 2903 ,
630 2867 775 2900 nimirum
782 2876 843 2899 tres
854 2865 976 2899 relatio-

227 2934 298 2959 neS,
311 2921 539 2967 paternitatem,
551 2917 750 2952 filiationem,
766 2919 797 2949 &
811 2914 978 2962 processio-

227 2983 299 3003 nem
308 2994 317 3009 ,
332 2971 424 3004 &tria
437 2971 555 3003 illarum
571 2967 754 3001 relationum
763 2963 959 2999 fundamenta
971 2988 978 3000 ‚

228 3020 460 3067 generationem
474 3019 619 3056 aetnam,
638 3021 670 3051 &
689 3015 843 3062 passivam,
863 3014 978 3048 miffio-

228 3081 300 3102 nem
311 3092 318 3104 ,
333 3067 381 3101 seu
394 3067 601 3113 spirationem,
616 3079 682 3113 quae
696 3065 800 3098 omnia
809 3064 982 3110 opponenti

229 3116 296 3152 sunt
310 3116 427 3151 diversae
435 3118 574 3150 entitates
586 3117 696 3155 reales,
713 3115 852 3160 adeoque
861 3111 981 3147 diversae

231 3166 374 3201 essentiae:
391 3167 557 3213 quinetiam
571 3165 671 3199 omnis
685 3165 791 3198 divinae
805 3163 980 3200 voluntatis,

233 3217 337 3251 omnis
349 3217 444 3251 divini
457 3214 629 3250 intelleetfis
643 3215 726 3249 astus
740 3213 925 3260 Opponenti
938 3210 981 3248 est

1060 134 1428 173 SecuNDA.
1676 132 1766 183 *117

1008 217 1113 239 verum
1130 204 1268 239 accidens
1281 205 1312 238 in
1325 205 1423 246 Deo,
1443 205 1582 253 adeoque
1595 209 1666 239 ve'ra
1685 206 1763 239 enti-

1008 265 1067 293 tas,
1081 258 1112 289 &
1125 253 1263 293 essentia,
1277 265 1412 300 quorum
1425 256 1574 302 myriades
1589 255 1688 289 multo
1696 255 1762 301 plu-

1008 314 1055 336 res
1063 301 1146 342 sunt‚
1160 302 1253 350 quam
1270 303 1368 349 quivis
1380 303 1425 337 vel
1438 303 1619 344 hominum,
1632 305 1681 338 vel
1695 308 1760 338 An-

1007 351 1148 397 gelorum
1164 350 1266 399 potest
1279 352 1311 384 in
1323 363 1485 386 numerum
1502 354 1653 401 redigere.

1053 400 1178 435 Tertio.
1202 399 1345 434 Affirmat
1356 400 1418 435 hoc
1430 413 1641 448 argumentum
1655 400 1759 436 seeun-
1774 407 1923 440 Argumen-

1008 447 1078 482 dam
1095 449 1231 482 Deitatis
1246 447 1405 494 personam
1412 450 1524 484 habere
1537 450 1688 485 essentiam
1697 463 1758 485 rea·
1773 453 1828 472 ’Μ’
1850 453 1923 480 nega:

1008 498 1077 532 liter
1092 495 1239 532 diversam
1252 497 1291 530 ab
1305 498 1426 535 essenti&
1439 501 1542 547 primae
1555 500 1688 547 personae
1697 524 1707 539 ‚
1725 512 1756 533 a-
1769 484 1921 551 leat-remf-

1008 547 1130 595 deoque
1143 546 1241 580 filium
1253 558 1317 580 non
1330 547 1455 584 ὂμςιὲωον,
1469 547 1519 579 sed
1536 535 1646 588 ἐπ’ςέωον
1660 549 1753 584 Patri,
1771 535 1902 594 ,ἓῖνσῗῗζό

1007 599 1094 644 quod
1106 594 1290 632 craffiffimus
1300 595 1344 630 est
1357 595 1550 640 Ariam‘smm
1564 598 1595 631 in
1607 599 1752 631 terminis
1767 611 1863 640 patrem
1874 603 1919 640 fa-

1010 646 1078 680 lmo
1093 648 1124 681 in
1142 645 1206 679 hoc
1226 656 1410 693 argumento
1433 644 1556 689 Vbrstt'm
1576 646 1755 681 absurditate
1770 645 1804 669 ΗΥ
1823 642 1901 689 ἦπεὲ·

1009 694 1125 742 superat
1145 697 1262 728 Arium
1275 719 1283 731 ‚
1308 707 1378 728 nam
1398 706 1463 727 non
1487 694 1586 728 modo
1604 694 1683 730 filius
1700 697 1757 729 erit
1772 682 1922 740 ⁶3⁰⁹‘ffs‘ff'3

1007 744 1163 783 ἒπςέσ-ιΘεεὶ
1179 747 1265 778 Patre
1281 768 1290 783 ‚
1316 742 1365 777 sed
1377 742 1438 789 ipse
1455 746 1540 778 Pater
1553 745 1610 778 erit
1628 745 1757 783 iwerin&
1772 722 1922 788 ξίἇῑζᾷἕῖς

1008 791 1127 833 εὶΒεο;
1148 793 1203 829 alia
1217 793 1310 827 Patris
1323 817 1333 832 ‚
1359 793 1414 826 alia
1433 794 1497 827 Dei
1510 795 1567 827 erit
1582 793 1702 827 essentia
1716 792 1757 828 se·
1769 801 1837 838 fam
1859 803 1925 828 acci--

1006 842 1141 876 cundum
1155 841 1307 886 Vorstmm.
1321 843 1496 889 Opponens
1505 843 1596 877 etiam
1605 842 1760 878 haecvor-
1774 843 1867 868 denna.

1008 890 1057 925 stii
1072 891 1207 928 monstra
1224 890 1339 938 superat
1356 906 1364 926 :
1386 904 1456 925 nam
1468 889 1577 927 fatetur
1590 894 1620 925 in
1635 893 1760 927 Deitate

1008 953 1098 974 unam
1105 940 1224 975 tantum
1238 942 1363 987 reperiri
1373 940 1525 975 essentiam
1534 966 1543 980 ,
1557 941 1577 975 si
1585 941 1705 975 essentia
1713 941 1760 976 su-

1007 1002 1108 1023 matur
1120 1003 1178 1037 pro
1192 989 1297 1024 natura
1310 988 1492 1023 substantiali
1506 1015 1515 1029 ,
1540 991 1602 1024 alia:
1615 986 1760 1025 autem'in

1008 1040 1134 1074 Deitate
1147 1040 1305 1077 enatares,
1325 1051 1398 1086 quas
1418 1049 1478 1072 tres
1491 1039 1627 1073 essentias
1641 1052 1734 1075 vocat
1750 1065 1759 1080 ‚

1007 1088 1059 1136 ipsi
1073 1101 1138 1123 non
1151 1087 1218 1122 sunt
1235 1086 1438 1122 substantiales
1457 1099 1569 1122 naturae
1586 1102 1594 1122 ε
1620 1090 1761 1137 adeoque

1006 1151 1073 1172 vera
1089 1147 1178 1172 erunt
1190 1137 1374 1172 accidentia:
1394 1149 1463 1171 nam
1476 1138 1582 1171 omnia
1595 1139 1626 1171 in
1639 1140 1716 1172 Deo
1730 1143 1761 1173 δε

1006 1187 1140 1220 omnino
1160 1187 1265 1221 omnia
1284 1188 1460 1233 Opponens
1481 1185 1610 1220 affirmat
1634 1189 1679 1221 vel
1703 1187 1761 1221 esse

1007 1234 1192 1275 substantias,
1205 1236 1250 1271 vel
1262 1236 1439 1270 accidentia.
1466 1236 1554 1283 Ergo
1563 1247 1623 1269 tres
1638 1237 1670 1270 in
1684 1236 1762 1269 divi-

1006 1287 1100 1319 nitate
1116 1284 1265 1331 personae,
1284 1297 1351 1331 quae
1359 1297 1422 1318 non
1437 1282 1502 1318 sunt
1516 1285 1763 1332 Opponentina-

1005 1346 1078 1368 turae
1090 1332 1309 1370 substantiales,
1326 1345 1454 1380 oportet
1466 1333 1522 1367 sint
1537 1335 1736 1368 accidentales
1746 1359 1757 1374 ,

1007 1383 1094 1432 quod
1107 1382 1254 1430 nusquam
1266 1381 1424 1418 affirmavit
1441 1381 1502 1429 ipse
1512 1384 1656 1418 Vorss‘t'm.

1052 1432 1102 1466 Isti
1120 1438 1150 1467 &
1168 1434 1267 1478 plures
1282 1433 1331 1466 alii
1352 1432 1516 1466 monstrosi
1537 1445 1656 1479 partus,
1679 1446 1759 1480 quos
1777 1445 1880 1470 Divina

1007 1481 1060 1517 suo
1078 1481 1142 1516 finu
1156 1479 1306 1529 sophisma
1319 1481 1381 1516 hoc
1399 1479 1500 1520 sovet,
1524 1493 1638 1529 cogent
1650 1484 1759 1516 ιιυᾶο-
1772 1484 1869 1519 persona
1888 1483 1927 1510 ἂν

1006 1545 1085 1568 rem,
1099 1530 1154 1565 nisi
1168 1532 1282 1565 horum
1296 1543 1422 1577 quoque
1436 1530 1649 1565 monstrorum
1658 1529 1759 1565 fautor
1771 1523 1900 1558 stmgusm-

1006 1582 1112 1615 haberi
1123 1581 1208 1617 velit,
1225 1579 1411 1614 solutionem
1425 1580 1552 1620 affer-rm
1572 1591 1622 1614 aut
1635 1583 1664 1614 in
1673 1593 1758 1615 com·
1774 1563 1926 1638 ἰζνβῖθῗέζῖ

1006 1632 1106 1670 muni,
1121 1631 1282 1677 quamjam
1295 1629 1412 1665 damus.
1430 1628 1629 1676 acquiescere.
1646 1631 1759 1678 Vulga-
1775 1624 1836 1674 cmi,
1852 1621 1929 1669 dna:

1006 1682 1044 1714 ris
1059 1705 1067 1717 ‚
1092 1684 1123 1716 &
1147 1679 1240 1713 solida
1255 1677 1413 1724 responsio
1428 1678 1473 1713 est
1485 1679 1690 1713 antecedentis
1703 1692 1759 1714 ne-
1774 1681 1928 1709 turdtamm'

1005 1731 1089 1778 gatio
1098 1743 1108 1770 ;
1123 1729 1229 1765 divinae
1242 1727 1376 1775 personae
1388 1738 1454 1762 utut
1467 1728 1548 1762 inter
1561 1726 1588 1763 se
1602 1727 1759 1763 realiffime
1775 1732 1823 1749 ”⁰⁷²
1837 1721 1915 1767 dzffies

1005 1779 1156 1814 distinetae
1176 1802 1184 1814 ,
1196 1778 1212 1812 a
1225 1779 1353 1813 Deitate
1364 1789 1482 1818 tamen,
1496 1782 1527 1813 δι
1540 1777 1645 1813 natura
1659 1779 1760 1813 divina
1775 1762 1929 1829 {Zmisyffflh

1004 1842 1070 1863 non
1086 1828 1206 1863 realiter
1222 1825 1383 1869 differunt3
1406 1828 1570 1862 relationes
1581 1852 1592 1868 ,
1619 1829 1712 1863 etiam
1729 1841 1760 1862 a-
1775 1813 1929 1879 nec'fhrrona'-

1006 1880 1128 1914 <stiones
1143 1881 1175 1913 δε
1185 1876 1333 1925 passiones
1348 1875 1433 1925 supra
1446 1878 1535 1912 dietae
1543 1890 1608 1911 non
1616 1875 1760 1913 differunt
1776 1882 1845 1914 litnr,
1858 1882 1902 1918 [bd

1006 1928 1133 1964 adivina
1140 1926 1497 1963 effe11tia.Differentia1n
1504 1927 1553 1961 hic
1561 1926 1686 1971 Wrstms
1694 1940 1760 1961 non
1776 1921 1908 1949 modalzter

1006 1978 1112 2013 debuit
1136 1975 1287 2026 sumpsisse
1298 2001 1309 2017 ‚
1341 1973 1391 2011 sed
1415 1976 1556 2023 probasse
1569 2001 1579 2017 ,
1611 1978 1762 2024 cognovit
1776 1962 1888 1990 'amam’

1007 2028 1252 2075 Theologorum
1262 2037 1324 2065 tam
1337 2025 1575 2060 Pontificiorum
1582 2026 1675 2073 quam
1684 2029 1762 2060 Pro-

1008 2077 1184 2112 testantium
1197 2101 1205 2113 ‚
1220 2079 1252 2112 δι
1265 2076 1396 2109 aliorum
1409 2076 1551 2109 omniurn
1564 2075 1634 2122 post
1649 2076 1761 2109 Ariana

1008 2139 1151 2174 tempora
1159 2125 1216 2160 fibi
1230 2126 1414 2159 contrariam
1429 2123 1615 2159 sententiam.
1626 2124 1761 2159 Assertio

1007 2180 1068 2222 jam
1081 2177 1197 2211 dudum
1210 2176 1241 2209 in
1254 2174 1396 2209 omnium
1410 2173 1659 2208 Christianorum
1674 2173 1762 2208 scho-

1007 2228 1042 2261 lis
1054 2226 1172 2274 vulgata
1185 2223 1229 2259 est
1242 2248 1251 2264 ,
1270 2223 1286 2258 a
1305 2223 1365 2270 qua
1382 2236 1439 2257 nos
1453 2224 1562 2269 depelli
1577 2236 1641 2257 non
1656 2223 1762 2257 statui-

1008 2288 1075 2308 mus
1093 2288 1148 2321 per
1160 2273 1254 2307 nudas
1277 2271 1455 2319 cujusquam
1476 2270 1651 2307 assertiones
1674 2273 1761 2306 nullo

1006 2321 1139 2357 suffultas
1159 2332 1355 2369 argumento,
1393 2321 1493 2370 Qod
1511 2322 1541 2355 in
1566 2323 1682 2356 Divina
1700 2333 1763 2355 tam

1007 2370 1134 2405 essentia
1146 2372 1238 2417 quam
1252 2368 1386 2414 personis
1399 2370 1585 2403 abstraffifflm
1594 2375 1623 2404 δέ
1633 2383 1764 2404 concre-

1007 2431 1074 2452 tum
1086 2417 1152 2451 sunt
1164 2418 1283 2451 realiter
1291 2418 1372 2451 idem
1381 2441 1388 2452 ‚
1403 2419 1667 2464 quemadmodum
1677 2420 1707 2452 in
1715 2420 1762 2452 di-

1008 2469 1084 2503 vinis
1105 2465 1247 2514 sapientia
1260 2478 1325 2499 non
1337 2465 1437 2500 differt
1451 2468 1569 2501 realiter
1584 2467 1600 2501 a
1616 2467 1760 2514 sapiente,

1011 2519 1051 2551 ita
1065 2529 1122 2551 nec
1138 2516 1298 2563 paternitas
1313 2517 1328 2549 a
1341 2527 1424 2562 patre
1433 2541 1442 2556 ‚
1456 2529 1513 2550 nec
1525 2516 1633 2551 filiatio
1650 2518 1664 2551 a
1678 2516 1763 2558 filio,

1011 2566 1097 2614 quod
1113 2566 1292 2613 paternitas,
1305 2564 1430 2604 filiatio,
1446 2565 1613 2612 processio,
1636 2579 1765 2614 genera-

1010 2618 1075 2656 tio,
1093 2616 1247 2653 nativitas,
1268 2614 1368 2648 miffio
1384 2613 1450 2660 (seu
1464 2627 1496 2648 ut
1511 2616 1673 2649 relationes
1685 2640 1694 2652 ‚
1713 2615 1762 2650 seu

1011 2666 1198 2704 uta6fiones
1215 2669 1245 2699 &
1259 2664 1406 2712 passiones
1421 2666 1633 2711 concipiantur
1644 2689 1653 2704 ,
1666 2664 1722 2699 sive
1730 2676 1763 2699 ut

1011 2716 1251 2763 originaflones,
1272 2711 1321 2748 seu
1337 2725 1369 2748 ut
1382 2716 1580 2761 proprietates
1591 2739 1600 2753 ‚
1619 2713 1667 2748 seu
1681 2727 1764 2762 quo-

1012 2778 1133 2813 cunque
1147 2765 1245 2799 modo
1259 2768 1277 2808 )
1300 2762 1418 2810 semper
1438 2775 1541 2797 tamen
1556 2775 1713 2798 remanent
1728 2777 1764 2798 un

1012 2828 1087 2848 num
1101 2819 1132 2849 &
1150 2815 1233 2848 idem
1253 2826 1323 2848 cum
1337 2812 1471 2860 personis
1489 2813 1627 2859 aquibus
1640 2826 1703 2848 non
1717 2814 1764 2847 di·-

1014 2863 1223 2911 stinguuntur,
1238 2862 1292 2897 nisi
1306 2862 1403 2897 modo
1417 2861 1613 2909 significandi.
1639 2862 1764 2897 Praeter-

1016 2912 1051 2948 ea
1068 2914 1176 2947 divinae
1194 2911 1329 2960 personae
1341 2936 1351 2951 ‚
1378 2911 1448 2946 licet
1466 2911 1716 2958 distinguantura
1735 2911 1764 2946 se

1017 2964 1163 3002 invicem,
1181 2975 1291 2996 omnes
1304 2973 1406 2996 tamen
1420 2961 1532 2995 eaedem
1550 2962 1616 2995 sunt
1629 2974 1699 2995 cum
1712 2974 1766 2995 na-

1018 3016 1106 3048 tura:
1129 3011 1312 3059 tantumque
1328 3010 1412 3044 abest
1430 3022 1461 3044 ut
1481 3010 1616 3056 personae
1631 3015 1663 3045 ὅ(
1680 3022 1766 3044 natu-

1018 3074 1048 3095 ra
1061 3060 1202 3095 differant
1223 3062 1356 3095 realiter,
1377 3071 1408 3093 ut
1421 3061 1499 3094 inter
1513 3073 1561 3094 eas
1576 3073 1614 3095 ne
1631 3058 1766 3094 formalis

1019 3109 1187 3145 differentia
1198 3111 1378 3144 inveniatur.

1066 3161 1142 3194 Satis
1155 3159 1260 3193 habuit
1267 3160 1426 3206 cognitum
1438 3158 1560 3202 Vorstius
1568 3171 1767 3192 communem
1785 3170 1863 3206 Vmfiz'l
1877 3183 1919 3198 ar-

1018 3209 1095 3244 hanc
1108 3206 1192 3244 fuisse
1205 3208 1454 3244 Christianorum
1463 3231 1472 3246 ‚
1486 3208 1597 3255 quibus
1611 3207 1766 3242 Sacrosan-
1779 3219 1900 3248 gammam

1372 3259 1407 3289 ‘P
1417 3268 1437 3305 p
1465 3269 1479 3302 ς
1657 3256 1705 3288 &a
1719 3256 1773 3289 tri.-
