2048 3343
124 177 198 216 lyrn‘os
204 189 253 208 mo-

122 227 192 250 vene.

127 1763 222 1804 Regina

128 1808 205 1835 Teuta
217 1804 235 1832 ιὶ

128 1846 257 1876 Demetrio

128 1887 221 1915 Phario

125 1926 253 1967 proditur.

140 2804 223 2835 AEtoli

140 2846 255 2919 afflatos
297 2850 606 2899 vexabat,inprimis
617 2846 775 2886 Achaeos;
796 2844 902 2893 prope
915 2843 1050 2894 singulis

140 2897 222 2917 'Pexan
236 2909 243 2917 ι

285 124 363 151 220
620 105 939 142 OPERIS

284 191 359 228 pars
370 204 380 221 ‚
397 179 552 226 Regnum
572 183 642 209 erat
659 172 744 208 inter
755 172 881 207 Italiam
895 173 928 205 δε
941 170 1038 203 Grae-

284 231 369 264 ciam
389 222 844 266 manHadriaticoobjacens
867 234 876 253 :
903 217 1038 252 condu-

282 290 379 314 cente
398 275 542 313 Demetrio
563 273 747 308 Macedone
767 273 836 306 Rex
848 269 1038 316 Illyriorum

280 337 376 377 Agron
387 337 541 374 magnam
556 335 692 358 manum
711 319 913 356 inAEtoliam
926 319 1040 352 immi-

281 378 322 413 sit
340 390 348 410 ε
365 377 417 411 hic
429 374 549 411 AEtolis
562 387 600 408 ex
614 375 788 421 inopinato
800 369 1041 418 superveniens,

279 427 356 476 post
376 438 530 474 magnam
558 424 696 470 stragem
716 425 751 456 &
772 422 941 468 ingentem
960 429 1037 465 prae-

281 477 360 512 dam
379 476 536 511 remeavit
557 474 699 508 domum
719 485 729 513 ;
757 481 893 504 mortuo
921 477 1041 514 Agrone,

280 529 351 572 ejus
360 525 459 561 vidua
471 532 561 560 Teuta
569 523 743 558 dulcedine
756 521 872 568 praedae
888 516 1041 572 inescata,¹

281 587 351 611 tam
363 576 524 610 terrestres
535 574 635 621 quam
647 573 828 606 maritimas
839 577 947 613 copias
956 574 1039 597 emi-

280 624 341 668 fit,
367 636 439 673 quae
460 625 582 659 obvios
601 621 752 669 quosque
770 617 836 651 fine
855 613 1039 650 discrimine

279 674 467 724 spoliarent.
505 672 596 709 Cum
606 675 644 705 de
659 670 794 714 Reginae
804 665 928 710 injuriis
941 664 1038 699 multi

278 728 521 762 Romanorum
532 720 694 756 subditi&
705 717 782 751 socii
791 715 1039 763 querimoniam

281 775 324 812 ad
337 770 662 811 senatum-deferrent
681 793 689 806 ‚
715 767 893 799 mittuntur
910 765 944 797 in
961 763 1051 810 111y-.

280 828 367 861 rium
386 825 443 870 qui
462 833 537 856 cum
558 819 683 866 Regina
709 814 947 863 expostularent
966 836 977 853 ‚
1004 815 1039 845 δε

281 875 407 910 damna
418 868 617 905 resarcienda
627 865 838 915 postularent.
853 862 912 896 Illa
925 859 1040 910 publi-

279 935 354 958 cam
380 919 410 955 se
429 931 545 969 pacem
567 917 817 953 observaturam
839 911 1017 961 pollicetur
1029 935 1039 951 ‚

279 972 338 1010 sed
349 983 416 1006 non
428 969 488 1006 esse
500 970 629 1018 Regum
641 968 687 1001 ait
697 966 900 1014 privatorum
912 962 1043 1007 injurias

280 1021 428 1070 praestare
437 1045 447 1055 .
484 1021 690 1067 Legatorum
711 1020 796 1050 unns
811 1020 843 1048 T.
854 1019 1041 1047 Corunca‘nus

278 1074 519 1107 Romanorum
530 1071 574 1104 ait
584 1076 712 1102 morem
726 1062 787 1100 effe
796 1064 906 1111 Reges
915 1073 1045 1110 cogere,

279 1131 318 1156 ut
336 1131 458 1168 pravos
477 1128 589 1153 mores
608 1116 791 1152 emendent
804 1137 813 1150 ‚
837 1116 871 1147 ὃς
883 1110 897 1147 a
910 1111 1045 1159 privatis

280 1169 455 1205 commissa
465 1166 599 1215 publice
612 1167 780 1212 corrigant
791 1177 800 1204 ·‚
821 1161 890 1197 haec
901 1159 1044 1207 παρῥησ-ίοι

279 1218 346 1254 alte
356 1219 442 1255 adeo
458 1215 608 1264 superbae
622 1215 770 1251 mulieris
781 1213 898 1259 peritus
911 1211 1043 1245 fodica-

280 1271 344 1309 vit,
354 1279 391 1303 ut
404 1276 608 1303 coruncanum
624 1267 657 1300 in
670 1262 792 1298 finibus
804 1260 904 1309 Illyrii
917 1270 1042 1294 necan-

279 1319 362 1354 dum
372 1316 649 1357 curaverit3atrox
661 1314 729 1348 haee
740 1312 855 1355 injuria
866 1311 1045 1344 Romanos

282 1365 429 1416 primum
442 1375 531 1400 extra
540 1366 669 1400 Italiam
682 1364 716 1396 in
732 1360 880 1407 Illyrium
894 1359 1036 1393 attraxit.

332 1415 468 1452 Miserat
477 1420 569 1450 Teuta
579 1414 758 1450 Demetrium
770 1407 929 1453 Pharium(
938 1407 1045 1443 Pharo

281 1463 383 1502 insula
410 1465 568 1510 Corcyrae
591 1460 701 1499 vicina
726 1459 939 1503 oriundum)
967 1469 1043 1491 cum

281 1513 378 1551 classe
398 1514 443 1550 ad
453 1511 652 1561 capiendam
665 1513 850 1556 Corcyram
874 1523 883 1544 ε

282 1562 391 1600 AEtoli
407 1567 442 1600 &
454 1561 563 1598 Achaei
574 1561 645 1596 urbi
659 1560 823 1609 suppetias
840 1575 850 1601 3
876 1569 1044 1593 utrorum-

281 1625 348 1662 que
360 1611 489 1649 classem
500 1613 663 1647 Demetrius
675 1610 847 1645 debellans
856 1609 1042 1653 Corcyram

284 1663 384 1712 capit,
393 1660 614 1709 Dyrrachium
622 1658 775 1702 obfidet3
786 1658 873 1697 adest
883 1659 1042 1693 Romana

282 1711 394 1750 clasii&
880 1737 882 1749 χ

333 1763 501 1799 Demetrius
519 1770 658 1808 accepto
681 1760 801 1795 iratam
819 1758 854 1792 in
879 1755 912 1791 se
933 1754 1043 1804 Regi-

287 1819 365 1846 nam
378 1838 389 1853 ,
402 1813 564 1848 Romanis
573 1810 602 1845 se
611 1809 742 1846 associat
760 1825 773 1854 3
797 1805 893 1841 facile
904 1807 1046 1841 vincitur

287 1861 420 1910 Regina
442 1887 454 1903 ,
481 1873 599 1909 pacem
610 1871 725 1895 tamen
735 1859 751 1894 ὲ
763 1857 927 1893 Romanis
938 1858 1045 1901 Impe-

285 1911 427 1953 trat‚sed
437 1910 689 1945 conditionibus
701 1909 790 1943 duris
808 1923 817 1949 ;
845 1916 883 1941 ut
894 1905 1012 1939 lcilicet
1028 1902 1047 1937 a

285 1962 370 1995 mari
379 1961 522 1995 omnino
531 1959 704 1994 abstineret
717 1980 726 1996 ‚
742 1969 804 1992 nec
814 1955 916 1991 ullam
927 1965 1044 1989 navem

283 2011 408 2045 testam
428 2007 612 2058 poslidetet
630 2030 640 2044 ³
665 2007 819 2057 angustos
835 2005 924 2041 valde
936 2004 1047 2052 Regni

284 2058 407 2096 limites
423 2058 580 2099 haberet,
599 2054 722 2104 absque
743 2055 890 2091 Romani
905 2054 1047 2090 Senatus

286 2107 450 2146 consensu
460 2107 556 2143 nullis
570 2118 722 2143 moveret
732 2105 856 2141 bellum
867 2119 878 2146 ;
900 2116 977 2139 cum
989 2117 1048 2139 ne-

288 2159 380 2192 mine
398 2156 510 2194 foedus
528 2168 706 2205 pangeret.
743 2156 804 2190 Ista
817 2155 969 2190 Romani
990 2165 1049 2201 per

288 2208 418 2255 legatos
436 2207 636 2246 Achaeorum
649 2209 684 2241 &
694 2206 881 2240 AEtolorum
895 2204 1047 2238 conciliis

289 2254 518 2305 significarunt
536 2280 545 2293 ‚
570 2253 731 2288 addentes
746 2265 900 2299 magnam
912 2251 1047 2285 bellisui

290 2317 369 2341 cum
380 2311 472 2341 Teuta
480 2302 603 2339 causam
615 2299 720 2338 fuisse,
729 2312 766 2336 ut
778 2303 909 2335 Graecos
920 2298 962 2332 ab
973 2299 1046 2343 llly-

288 2356 419 2390 riorum
429 2354 555 2399 injuriis
564 2362 783 2401 protegerent
795 2374 804 2388 ,
818 2348 909 2384 certo
920 2346 1048 2397 speran-

290 2415 341 2440 tes
360 2404 559 2439 advocatum
584 2402 623 2436 iri
647 2400 678 2435 se
698 2403 732 2434 in
753 2401 917 2435 Graeciam
930 2408 1048 2433 contra

289 2453 501 2489 Macedonas
511 2478 521 2494 ‚
533 2452 592 2499 qui
602 2450 722 2485 multas
732 2449 850 2485 liberas
861 2447 958 2483 urbes
969 2445 1049 2482 dura

289 2501 343 2537 sua
360 2502 530 2549 tyrannide
546 2499 802 2550 opprimebant.
837 2497 904 2534 Sed
921 2498 1047 2532 nullum

290 2551 351 2586 hac
361 2553 404 2588 de
413 2564 447 2587 re
457 2550 597 2588 verbum
611 2549 629 2584 εὶ
638 2550 762 2584 Graecis
772 2549 939 2584 audientes
949 2546 1048 2596 legati

287 2601 448 2636 redeunt.
482 2601 539 2636 Ast
559 2599 649 2649 quod
666 2601 702 2633 in
719 2596 869 2648 praesenti
881 2607 1047 2634 maturum

291 2662 363 2685 non
382 2651 446 2687 fuit
464 2651 537 2700 post
554 2661 680 2698 paucos
697 2660 805 2683 annos
830 2648 997 2682 Romanis
1015 2648 1047 2680 in

290 2698 397 2736 finum
407 2696 700 2748 illapsumest,cfim
711 2697 753 2731 ab
765 2695 966 2743 ipfisGraecis
975 2696 1050 2731 soli-

294 2749 355 2785 cite
367 2750 519 2785 accersita
528 2761 644 2784 eorum
653 2746 727 2781 sunt
738 2746 939 2780 inGraeciam
948 2758 1049 2781 arma.

340 2801 440 2835 AEtoli
450 2812 530 2848 gens
538 2798 658 2849 quietis
675 2795 781 2831 nescia
798 2797 924 2831 vicinos
933 2808 1051 2832 omnes

298 2899 388 2933 annis
408 2911 484 2934 cum
504 2897 618 2934 valido
639 2897 782 2932 exercitu
802 2894 909 2930 smum
926 2897 1049 2931 Corin-

296 2946 442 2982 thiacum
474 2950 672 2995 trajicientes
702 2947 737 2979 in
763 2943 1050 2993 Peloponnesum.

295 3003 401 3031 Aratus
419 2996 504 3044 pene
524 3008 701 3047 perpetuus
716 2994 906 3030 Achaeorum
926 2999 1050 3030 Praetot

296 3045 344 3077 vit
355 3046 460 3081 multo
473 3048 668 3095 prudentior
686 3044 789 3094 quam
801 3043 923 3080 fortior
934 3069 943 3083 ‚
963 3044 1050 3080 male

295 3093 472 3137 aliquoties
491 3097 532 3131 ab
550 3096 667 3133 AEtolo
679 3097 786 3132 milite
797 3094 974 3130 muletatus
985 3120 995 3136 ,
1010 3095 1050 3130 ad

298 3142 495 3178 consuetum
523 3145 643 3193 asylum
677 3145 887 3182 Macedoniae
920 3146 1049 3194 Regem

301 3191 465 3241 confugit.
495 3194 562 3228 Hic
574 3194 707 3233 AEtolos
717 3195 812 3232 facile
825 3194 977 3245 repellit,
994 3193 1051 3231 sed

908 1509 1056 1541 mittunt:

1000 96 1491 141 HrsT0R1c1

1090 181 1166 203 cum
1193 170 1236 205 ad
1262 183 1338 206 eum
1366 170 1499 208 venisset
1533 178 1693 212 Demetrius
1718 176 1843 214 Pharius

1089 223 1205 267 (quem
1229 221 1374 256 Romani
1399 221 1510 271 ptimo
1536 227 1698 274 pleraeqne
1719 229 1844 273 Illyridi

1088 271 1216 318 Regem
1226 271 1257 305 in
1270 272 1412 320 proditae
1424 281 1514 310 Teutae
1525 278 1709 310 mercedem
1721 279 1845 312 consti-

1087 329 1229 361 tuerant,
1239 325 1272 356 &
1283 321 1393 369 postea
1403 335 1499 358 novae
1511 335 1625 358 contra
1637 323 1846 372 seproditio-

1089 369 1138 402 nis
1149 381 1360 417 compertum
1372 373 1410 407 de
1421 385 1463 407 eo
1478 375 1598 422 Regno
1612 373 1844 419 deturbssrant)

1089 428 1126 450 ut
1146 417 1198 452 hic
1217 419 1259 453 ad
1278 423 1538 469 Pbilzppumvenit
1551 448 1562 463 ,
1584 423 1765 458 adulatoria
1784 426 1848 472 qua

1088 465 1238 512 pollebat
1249 472 1436 514 artejuveni
1447 470 1480 506 se
1492 473 1848 512 infiniians‚debellan-

1089 515 1214 550 dorum
1225 518 1460 555 Romanorum
1470 547 1481 562 ‚
1500 523 1652 569 adeoque
1662 525 1765 558 totius
1778 526 1849 559 Oe-

1089 565 1229 601 cidentis
1240 566 1617 617 subjugandi,vaniffim3
1625 571 1676 619 spe
1684 574 1843 620 implevitt

1141 616 1282 665 Philippus
1301 620 1436 665 quidem
1459 622 1492 654 in
1510 624 1685 665 Juventute
1706 634 1846 669 magna-
1862 635 1991 674 ijuppus

1088 677 1160 700 rum
1171 668 1328 701 virtutum
1341 667 1426 702 fama
1437 668 1579 705 florebat
1597 695 1606 709 ,
1633 670 1686 706 sed
1702 683 1776 705 eam
1794 670 1844 706 fa-
1864 675 1983 705 &Phario

1089 727 1178 750 mam
1199 715 1310 763 postea
1329 718 1465 753 decoxit
1487 745 1497 760 ‚
1522 718 1672 755 moribus
1689 718 1847 756 subtr-<stis
1863 726 1943 746 contra
1955 718 2007 759 ΙΨ

1087 766 1342 814 erumpentibus
1360 770 1394 801 in
1408 768 1516 804 lucem
1528 794 1537 803 .
1573 772 1771 806 Amicorum
1781 773 1848 820 pri-
1865 761 2000 806 mamin-

1088 817 1194 849 mario
1205 823 1292 850 Arato
1302 818 1453 861 Sicyonio
1465 831 1628 854 venenum
1642 824 1847 867 propinavit,
1865 809 1966 830 ‘'⁸⁴⁸⁹''

1088 864 1235 910 Junioris
1248 868 1331 899 Arati
1340 878 1475 901 uxorem
1487 871 1520 902 in
1535 871 1775 905 Macedoniam
1787 871 1850 906 ab-

1090 915 1200 954 duxit,
1220 916 1342 948 marito
1360 917 1462 950 etiam
1481 929 1537 964 per
1555 921 1719 953 venenum
1735 931 1848 956 mente

1089 962 1223 1010 depulso
1241 978 1249 998 :
1275 963 1417 999 Achoeos
1435 965 1478 1000 ad
1489 966 1641 1002 alendum
1654 966 1748 1002 suurn
1761 972 1850 1006 mili-

1093 1023 1160 1046 tem
1180 1012 1281 1048 multa
1308 1013 1390 1062 saepe
1413 1015 1548 1063 pecunia
1566 1019 1715 1052 emunxit
1733 1043 1743 1059 ,
1772 1031 1849 1054 cum

1091 1063 1255 1098 Hannibale
1271 1064 1304 1098 in
1313 1065 1401 1098 ltalia
1411 1064 1637 1114 triumphante
1646 1068 1772 1102 aretum
1785 1067 1850 1102 foe-

1091 1114 1154 1146 dus
1164 1114 1299 1161 pepigit.
1327 1114 1391 1149 Sed
1408 1111 1524 1149 frustra
1542 1113 1631 1151 fuere
1645 1129 1764 1152 omnes
1775 1119 1849 1153 Phi-

1089 1163 1156 1209 lippi
1167 1173 1325 1205 conatus,
1345 1176 1423 1198 nam
1438 1167 1518 1201 varii
1536 1167 1569 1199 in
1591 1167 1721 1201 Graecia
1734 1179 1850 1202 motus

1090 1223 1167 1246 eum
1179 1211 1326 1246 abitalia
1339 1213 1554 1249 diverterunt.
1575 1216 1852 1263 Carthaginenses

1091 1260 1134 1295 ab
1158 1268 1301 1297 Hannone
1325 1264 1448 1299 invidia
1467 1266 1499 1298 in
1520 1268 1730 1301 Barchinorum
1750 1264 1851 1301 fami-

1091 1311 1165 1345 liam
1187 1309 1341 1346 aestuante
1358 1338 1368 1355 ‚
1386 1315 1501 1362 repleri
1527 1326 1620 1349 metu
1636 1328 1676 1350 ne
1703 1318 1853 1352 Hannibal

1093 1362 1222 1407 Philippo
1233 1364 1431 1408 conjuncfftus
1444 1363 1650 1412 Carthaginis
1659 1364 1852 1400 libertatem

1091 1411 1298 1458 opprimeret
1312 1412 1387 1458 post
1409 1412 1560 1447 devicfms
1571 1416 1771 1456 Romanos,
1790 1429 1854 1451 ne-

1091 1472 1155 1507 que
1167 1462 1439 1508 Hannibalineque
1455 1464 1584 1509 Philippo
1597 1465 1766 1509 promissas
1775 1463 1853 1512 sup-

1090 1510 1194 1555 petias
1208 1508 1438 1546 submiserunt,
1448 1523 1518 1556 quo
1527 1512 1652 1546 fatstilm
1667 1524 1703 1546 ur
1715 1524 1854 1561 uterque

1088 1557 1278 1593 &Romanis
1289 1557 1510 1608 subigeretur,
1525 1563 1558 1595 ὃ(
1573 1562 1854 1610 CarthaginiRo-

1091 1611 1353 1657 manumju-gum
1365 1607 1559 1658 impositum
1573 1610 1624 1644 fit.

1137 1658 1242 1693 AEtoli
1253 1682 1261 1696 ‚
1276 1657 1358 1693 crim
1376 1661 1482 1695 adhuc
1493 1661 1526 1692 in
1543 1663 1631 1695 ltalia
1641 1659 1716 1695 esset
1729 1662 1850 1696 Hanni-

1089 1708 1137 1742 bal
1150 1735 1159 1748 ,
1185 1708 1370 1744 mediocres
1390 1708 1410 1743 ἐὶ
1430 1711 1593 1745 Romanis
1610 1711 1722 1758 copias
1733 1722 1852 1753 contr-a

1089 1759 1252 1805 Philippum
1277 1760 1497 1794 obtinuerunt
1518 1774 1526 1800 ;
1551 1757 1606 1795 sed
1632 1771 1699 1793 tam
1716 1760 1852 1795 AEtolos

1090 1807 1191 1854 quarn
1201 1808 1380 1843 Romanos
1400 1810 1438 1843 iis
1453 1810 1604 1845 cladibus
1619 1812 1760 1858 Philippus
1771 1807 1852 1844 affe-

1091 1859 1136 1891 cit
1149 1883 1159 1898 ,
1179 1869 1214 1892 ut
1225 1856 1366 1893 libenter
1376 1861 1510 1905 utrique
1527 1872 1642 1907 pacem
1655 1860 1696 1894 ab
1709 1872 1750 1894 eo
1758 1871 1851 1894 acce-

1090 1909 1211 1954 perint,
1220 1908 1298 1943 licet
1307 1920 1369 1955 pax
1380 1908 1445 1942 haec
1456 1908 1613 1943 diuturna
1621 1920 1691 1943 non
1699 1906 1809 1942 fuerit.

1144 1959 1326 1993 Acarnania
1350 1956 1368 1992 ὲ
1393 1958 1637 1993 Macedonibus
1662 1958 1847 2006 pendebat,
1867 1962 1994 1996 AEeoli&

1091 2009 1303 2043 Acarnanum
1329 2007 1397 2042 duo
1425 2010 1560 2053 juvenes
1590 2007 1732 2042 Athenis
1756 2006 1848 2042 sacris
1867 2006 1963 2054 Athe-

1092 2057 1232 2102 Eleufinis
1245 2057 1275 2093 se
1286 2056 1535 2093 immiscuerunt
1547 2082 1556 2097 ‚
1575 2059 1684 2093 Cereris
1694 2070 1741 2103 my
1750 2057 1849 2092 steriis
1867 2049 1960 2116 ’Ἐφ’

1091 2119 1161 2142 non
1173 2109 1294 2142 initiati
1313 2120 1353 2142 ex
1367 2108 1684 2156 meraimprudentia
1703 2123 1717 2150 3
1741 2105 1787 2140 ob
1799 2107 1848 2139 in·
1867 2095 1993 2158 {⁰3:225

1091 2168 1269 2193 nocentem
1287 2157 1373 2192 hunc
1391 2170 1535 2199 errorem
1554 2155 1736 2191 adolescens
1759 2165 1850 2189 uter-
1870 2151 1956 2197 &mm

1090 2218 1157 2251 que
1179 2206 1270 2241 datus
1288 2206 1334 2240 est
1354 2207 1441 2239 neci.
1487 2207 1673 2239 Acarnanes
1704 2215 1741 2239 ut
1775 2203 1849 2239 suos
1870 2211 1973 2250 Philip-

1092 2251 1321 2288 ulciscerentur
1339 2278 1348 2290 ‚
1373 2252 1520 2289 Atticam
1541 2253 1626 2289 ferro
1655 2253 1851 2302 flammaque
1866 2260 1938 2292 pum.

1095 2301 1218 2337 vastant
1251 2314 1260 2334 :
1298 2301 1516 2338 Athenienses
1542 2303 1583 2338 eo
1609 2314 1681 2338 tum
1709 2302 1853 2339 infirmi-

1092 2352 1167 2386 tatis
1189 2351 1387 2386 devenerant
1405 2362 1442 2386 ut
1462 2365 1532 2387 non
1553 2354 1697 2388 valerent
1719 2366 1759 2388 ne
1774 2366 1852 2388 cum

1094 2399 1321 2435 Acarnanibus
1333 2401 1521 2450 belligerare
1531 2401 1681 2443 ,tantum
1694 2404 1726 2437 in
1737 2414 1857 2449 prom·

1094 2461 1151 2498 ptu
1166 2461 1259 2486 vetus
1279 2451 1529 2487 instrumentum
1559 2453 1672 2500 lingua
1695 2451 1770 2499 ipfis
1800 2465 1856 2486 re-

1095 2500 1268 2535 manebat.
1315 2501 1445 2550 Magno
1474 2501 1618 2537 clamore
1646 2513 1761 2536 contra
1779 2500 1857 2536 Phi-

1092 2549 1199 2598 lippum
1212 2551 1404 2586 Acarnaniae
1422 2562 1597 2599 patronum
1609 2575 1619 2591 ‚
1647 2550 1829 2584 Ptolemaetam
1842 2575 1854 2590 ,

1095 2599 1242 2640 eAEtolos,
1252 2603 1406 2638 Romanos,
1417 2605 1448 2635 &
1458 2602 1537 2635 alios
1547 2601 1579 2634 in
1591 2599 1675 2635 suam
1686 2613 1781 2646 opem
1795 2600 1855 2634 ad-

1095 2648 1440 2697 voefiruntfflhilippusa
1451 2662 1574 2697 genero
1586 2650 1682 2695 Prufid
1694 2651 1855 2698 Bithyniae

1094 2700 1187 2746 Rege
1201 2699 1398 2733 invitatusin
1409 2699 1541 2741 Asiam,
1561 2699 1678 2734 urbem
1692 2700 1793 2734 Cium
1806 2697 1854 2732 ob

1094 2749 1189 2784 situm
1201 2751 1322 2795 &opes
1339 2750 1442 2791 Prufiae
1461 2749 1734 2796 percommodum
1752 2747 1851 2782 obse·

1093 2798 1153 2832 dit.
1179 2796 1303 2832 Rhodii
1314 2798 1418 2845 copiis
1429 2800 1596 2834 maritimis
1607 2810 1677 2832 tum
1688 2806 1777 2831 erant
1787 2809 1851 2842 po·-

1094 2858 1202 2882 tentes
1214 2872 1225 2887 ,
1254 2846 1287 2882 hi
1305 2850 1368 2881 una
1387 2859 1463 2882 cum
1475 2847 1584 2883 Attalo
1601 2848 1746 2894 Pergami
1760 2847 1852 2894 Rege

1096 2910 1172 2932 cum
1183 2894 1314 2945 Philippo
1324 2896 1416 2931 enixe
1426 2906 1563 2944 egerunt
1573 2919 1584 2936 ‚
1602 2894 1662 2929 uta
1677 2898 1742 2931 Cio
1754 2897 1852 2931 vellet

1095 2946 1253 2981 abstinere
1264 2969 1275 2985 ,
1296 2957 1372 2979 cum
1384 2947 1417 2979 in
1430 2945 1531 2992 ipsum
1544 2957 1578 2979 ea
1593 2944 1667 2979 urbs
1679 2945 1760 2980 nihil
1772 2946 1851 2979 deli·

1094 2992 1218 3042 quisset.
1241 2993 1452 3028 Rhodiorum
1465 2995 1577 3041 legatis
1589 2994 1761 3040 pollicetur
1773 2992 1850 3029 Phi-
1868 2992 1995 3032 bethfl‘

1093 3044 1182 3092 lqppus
1193 3045 1226 3078 in
1238 3042 1379 3091 ipsorum
1391 3044 1527 3091 gratiam
1542 3045 1728 3079 relieturum
1746 3045 1777 3079 se
1792 3057 1847 3078 ur-
1866 3034 2005 3082 {nffl'f'dm

1095 3094 1171 3129 bem
1183 3094 1215 3128 in
1227 3105 1323 3140 pace.-
1338 3092 1559 3128 nihilominus
1574 3107 1633 3140 pro
1645 3095 1767 3129 viribus
1778 3106 1849 3128 eam
1867 3085 1978 3112 ‘mmm'

1093 3153 1261 3191 oppugnat
1271 3166 1280 3179 ‚
1300 3146 1533 3190 &expugnans
1545 3145 1703 3190 plurimos
1713 3143 1847 3182 occidit,

1093 3205 1130 3229 ac
1148 3191 1331 3242 superstites
1349 3192 1502 3232 vendidit.
1533 3195 1584 3230 Sic
1601 3193 1698 3230 delufi
1718 3191 1847 3273 Rhopii

1727 3253 1795 3287 imp
1812 3252 1845 3273 a-
