2048 3343
108 2137 192 2159 Patres
204 2140 240 2158 et-

108 2183 160 2199 mm
169 2180 227 2198 αλκ

106 2213 235 2246 ΡεΙιι-«ζιεση

106 2262 154 2279 non
163 2259 248 2277 contra

107 2290 228 2318 dtcebant.

284 97 347 132 142
582 81 1047 120 DEPRAEDEs

285 152 360 186 culis
373 159 516 197 quantam
530 149 626 184 assero
641 174 650 189 ,
670 160 703 184 ut
717 150 805 197 plene
819 150 918 184 videas
933 174 944 190 ‚
963 150 1047 183 adito

284 211 401 234 tantum
416 199 559 245 tuiipsius
568 199 710 234 auctores
719 225 728 239 ,
742 199 951 249 spalatensem,
967 202 1043 232 Mo-

285 251 394 287 lmam,
409 253 440 284 &
454 250 575 292 Wffium
580 263 589 290 ;
598 262 667 283 cum
674 250 843 298 Spalatenst's
850 248 983 295 opponit
991 248 1045 282 fibi

286 311 322 333 ex
336 300 518 331 ‘Bellarmmo
537 311 647 333 omnes
660 312 758 346 patres
773 298 842 345 post
860 300 1022 346 ‘Pelagium
1034 323 1044 338 ‚

285 349 434 383 nimirum
447 349 676 396 eAugufz‘inum
689 373 699 388 ,
725 351 906 395 ‘Prosperum
918 372 927 385 ,
952 349 1040 381 Hala-

286 409 384 435 rmm,
398 399 598 446 Fnssgentz'um,
616 401 818 430 [Maxentium
826 422 835 437 ‚
850 401 1041 446 9regorinm,

287 446 482 489 eArlfilmum
492 471 499 483 ‚
517 447 648 486 Z’ecbrm,
662 448 857 491 Prtmafium,
871 447 1039 485 SMulzum,

288 497 475 528 bernardum
490 521 498 534 ,
525 500 555 530 ὃ(
569 497 645 530 alios
657 520 666 534 ‚
696 509 730 529 ex
747 495 827 529 vasta
841 495 890 530 sua
904 496 1043 529 Ιεᾶὶίοηε

288 558 353 579 non
365 545 442 579 valet
456 545 603 579 adducere
620 546 695 578 ullos
712 557 819 590 praeter
837 544 949 577 Bedam
966 546 1044 588 (cu-

288 599 333 640 jus
347 608 446 629 tamen
454 594 543 629 verba
556 596 684 628 citantur
691 595 728 628 ab
738 607 777 627 eo
786 592 905 639 prorsus
917 590 1042 637 frustra)

289 651 319 679 ἃ·
334 646 483 677 Faustum
493 645 678 692 'ngenfim
693 655 785 689 quem
794 654 903 689 negare
912 655 975 675 non
984 655 1043 689 po-

289 694 624 742 test,Sem1'pelagmnum
640 691 723 725 fuisse
731 694 906 724 damnatum
921 692 937 724 a
950 692 1042 725 Patri-

288 744 345 777 bus
361 754 421 777 tam
439 743 593 775 orientalis
602 742 693 786 quam
707 741 903 775 occidentalis
911 740 1042 775 ecclesioe

288 793 344 826 lib.
358 806 388 837 7.
402 805 465 837 cap.
483 804 518 824 ιι.
532 804 616 823 num.
631 803 683 835 ¹53·

334 841 458 873 Molma
472 834 541 873 cum
552 852 627 873 conc
634 840 695 872 effic
703 851 774 873 cum
783 839 974 886 eAuguH‘ino
983 837 1039 872 sta-

287 903 319 925 re
333 889 509 936 magistrum
530 888 763 927 sententiarum,
791 889 951 926 Thomam,
971 891 1037 921 Sco-

287 951 352 972 tum
360 964 368 978 ‚
383 939 567 972 Durana'um
575 963 584 978 ,
599 942 785 985 qregormm,
795 938 1015 981 Ariminensem
1027 961 1037 977 ‚

287 990 504 1036 fflsarfilmm,
517 990 699 1027 Priedonem,
709 990 895 1033 Cajetanum,
907 990 1037 1026 Scotum,

286 1038 444 1085 pluresque
463 1038 536 1071 alios
558 1051 623 1084 pag*
639 1050 701 1082 325.
724 1036 882 1070 Laborans
902 1037 1039 1071 invenire

285 1087 341 1122 fibi
355 1088 575 1121 consentientes
596 1089 626 1120 in
648 1090 727 1121 nova
741 1085 789 1119 sua'i
806 1086 963 1120 additione
979 1085 1039 1132 qua

286 1138 483 1173 reconciliare
496 1138 559 1170 vult
571 1137 772 1184 Augtqstmum
781 1134 959 1182 &sequaces
967 1148 1038 1169 cum

283 1190 346 1221 pat.-
355 1187 422 1220 ibus
431 1211 439 1225 ‚
453 1196 520 1219 ante
529 1187 680 1234 Pelagmm
688 1186 804 1219 nullum
814 1186 973 1219 nominare
980 1197 1036 1231 po—

284 1235 342 1270 test
356 1247 462 1282 practer
475 1234 569 1280 ipsum
584 1236 664 1268 hunc
677 1234 818 1278 Faustum
831 1237 1035 1284 Semzpelagza-

282 1298 356 1319 mam
370 1298 438 1331 pag.
451 1287 519 1330 388.
1010 1305 1012 1308 -

340 1335 444 1377 Voffius
463 1335 571 1372 etiam,
598 1345 669 1366 cum
689 1332 777 1366 omui
797 1331 954 1379 diligentia
973 1328 1039 1365 usus

283 1381 354 1418 esset
365 1408 375 1423 ‚
399 1384 587 1417 utinveniret
600 1395 693 1416 unum
708 1381 860 1415 celebrem
882 1381 1040 1414 merorem

281 1434 328 1466 vel
342 1434 372 1466 in
385 1433 505 1466 oriente
517 1432 563 1466 vel
572 1433 601 1465 in
610 1433 772 1465 occidente
787 1443 840 1478 per
852 1444 947 1464 anuos
957 1431 1039 1464 mille

281 1483 432 1516 ducentos
445 1507 455 1521 ,
481 1494 538 1527 pro
552 1484 604 1516 tua
618 1479 762 1514 sententia
781 1480 853 1513 nihil
873 1481 952 1513 aliud
966 1481 1038 1514 dicit

281 1544 372 1578 quam
392 1530 599 1577 proculdubio
616 1527 700 1564 fuisse
717 1531 836 1577 aliquos
852 1529 1037 1563 Catholicos

280 1582 311 1614 in
326 1580 360 1614 αἳ
372 1592 475 1614 mente
489 1604 498 1618 ,
515 1578 563 1613 sed
577 1581 629 1626 qui
643 1581 765 1613 tandem
779 1581 822 1613 illi
836 1577 947 1613 fuerint
959 1604 968 1618 ,
982 1592 1035 1613 ne-

279 1631 394 1664 minem
408 1628 510 1677 potest
523 1629 697 1668 nominare,
713 1629 824 1662 nullam
838 1628 1036 1676 probabilita-

278 1691 342 1714 tem
356 1678 441 1713 affert
454 1692 511 1726 pro
525 1677 573 1714 sua
587 1679 642 1712 hac
654 1678 829 1718 assertione,
859 1678 978 1712 tantum
992 1680 1033 1714 le-

278 1742 328 1764 ves
347 1728 438 1763 habet
456 1729 668 1774 conj1ebiras,
694 1727 777 1775 quod
797 1729 875 1763 inter
893 1730 1032 1772 maffi-

276 1779 371 1823 lienſss
399 1779 492 1826 aliqui
518 1776 630 1812 fueruit
662 1777 818 1812 catholici
849 1778 1032 1814 orthodoxi.

277 1829 384 1877 Qirn
403 1827 476 1862 vero
489 1828 550 1862 hoc
565 1826 666 1862 falsum
680 1827 714 1861 sit
727 1827 835 1873 postca
849 1828 1031 1864 videbimus.

280 1879 380 1927 Qod
389 1878 423 1911 ad
432 1877 615 1924 quaestiones
627 1880 703 1912 iuter
711 1878 864 1912 ecc¹‹:fiam
875 1877 1033 1913 Rhemen-

277 1926 340 1960 sem
356 1932 386 1961 &
401 1926 636 1974 Lugdunensem
650 1928 680 1960 in
694 1927 779 1961 causa*
802 1928 967 1972 Gociescalcz'
979 1930 1032 1963 de-

277 1976 427 2010 monstrat
441 1977 555 2018 Vcffius‚
565 1976 639 2010 nihil
654 1989 701 2010 eas
713 1976 857 2024 spce‘lzasl‘e
871 1979 954 2012 litem
971 1992 1029 2013 no-

275 2025 368 2059 stram
382 2027 606 2071 deelectiom,
620 2025 672 2060 etsi
685 2027 763 2061 circa
776 2028 937 2062 electionis
951 2041 1028 2063 con-

275 2073 442 2122 sequentias
455 2087 527 2109 totae
540 2072 734 2111 versarentur.

1077 92 1550 129 TINATloNE,

1085 162 1152 184 rum
1166 147 1290 184 suorum
1304 151 1380 185 locis
1395 154 1427 186 δε
1440 149 1627 185 transeunter
1641 143 1844 199 attingerent,

1084 200 1324 234 immorarentur
1338 199 1414 235 vero
1428 201 1459 233 in
1473 201 1509 234 iis
1531 213 1599 246 qua:
1618 201 1755 235 adversus
1770 203 1846 237 alios

1083 249 1213 283 ecclesiae
1227 250 1371 283 inimicos
1384 247 1581 296 disputabant.
1606 250 1648 283 Et
1657 250 1694 283 de
1707 250 1845 296 perseve-

1083 299 1180 333 rantia
1197 311 1260 345 cap.
1279 311 1328 336 zo.
1360 300 1436 333 Haec
1451 298 1494 332 est
1511 298 1735 346 praedestinatio
1751 301 1846 347 quam

1081 348 1188 395 postea
1202 348 1377 395 diligentius
1392 353 1423 383 ὅ(
1439 347 1599 396 opfrosius
1612 347 1682 381 cum
1693 350 1752 392 jam
1767 362 1845 383 con-

1081 409 1125 431 tra
1137 400 1306 445 Pelagianos
1318 396 1537 444 disputaremus
1546 423 1555 437 ,
1569 395 1733 431 defendere
1741 397 1844 432 neces-

1081 446 1147 479 sitas
1154 448 1323 492 compulit,
1336 447 1498 481 didicimus
1509 447 1635 494 singulas
1644 445 1768 494 quasqut
1783 447 1844 482 hae-

1080 493 1157 528 reses
1175 492 1304 528 intulisse
1324 495 1456 529 ecclesiae
1475 508 1612 543 proprias
1633 494 1818 543 quastiones
1833 521 1844 537 ,

1081 555 1189 577 contra
1202 557 1275 590 quas
1295 544 1470 591 diligentius
1490 543 1703 579 defenderetur
1719 545 1844 594 scriptu-

1081 605 1111 626 ra
1124 592 1235 633 divina,
1250 594 1343 640 quam
1356 593 1376 627 si
1390 596 1469 637 nulla
1484 595 1635 628 necessitas
1649 607 1790 642 cogeret:
1811 601 1845 632 &

1081 643 1219 690 quamvis
1241 645 1343 677 Patres
1364 655 1496 690 quatuor
1509 646 1648 690 priorum
1668 642 1839 680 seculorum
1867 670 1870 672 v

1079 691 1211 738 expresse
1218 692 1400 740 quaestiones
1408 694 1470 727 illas
1478 706 1542 727 non
1553 694 1727 730 tradam,
1737 705 1840 729 tamen

1078 741 1182 775 obiter
1195 754 1229 775 ea
1237 743 1425 782 docuerunt,
1444 756 1511 790 quae
1528 740 1607 790 ipsos
1616 742 1837 784 demonstrant,

1079 803 1144 824 non
1159 791 1253 838 magis
1267 803 1339 825 cum
1354 793 1468 840 Pelagio
1481 793 1573 839 quam
1586 806 1657 827 curn
1676 796 1754 826 Ario
1774 792 1841 827 sen-

1079 838 1160 881 sisse3
1180 842 1221 874 ita
1236 842 1445 889 mugufft'nm
1458 841 1494 875 de
1510 842 1566 876 hac
1579 854 1610 876 re
1625 844 1736 890 inquit,
1747 855 1840 891 quam

1077 902 1159 923 nunc
1171 889 1308 924 adver-sus
1324 902 1425 924 novos
1441 889 1604 926 haereticos
1617 904 1682 925 non
1695 905 1837 927 comme—

1077 951 1198 972 morare
1210 950 1340 978 tantum,
1355 938 1404 974 sed
1417 940 1552 974 omnino
1566 942 1643 974 tueri
1657 945 1686 975 ὅ(
1700 939 1836 976 defensa-

1076 1001 1108 1022 re
1130 989 1369 1035 compellimur:
1386 1001 1543 1037 nunquam
1559 991 1653 1024 tacuit
1671 989 1793 1024 ecclesia
1806 992 1838 1026 in

1076 1038 1217 1084 precibus
1237 1036 1294 1072 suis
1309 1063 1318 1077 ‚
1346 1038 1398 1072 etsi
1412 1039 1576 1086 aliquando
1598 1040 1628 1072 in
1642 1037 1835 1075 sermonibus

1077 1087 1275 1122 exercendam
1289 1100 1352 1121 non
1367 1099 1501 1134 putaret,
1521 1102 1554 1122 ac
1574 1102 1625 1135 per
1643 1088 1706 1123 hoc
1719 1089 1837 1136 praede-

1075 1135 1244 1170 stinationis
1257 1136 1346 1182 hujus
1361 1137 1454 1172 fidem
1467 1150 1647 1186 quaecontra
1659 1151 1759 1173 novos
1772 1138 1834 1174 hae-

1074 1187 1189 1220 reticos
1214 1191 1296 1221 nova
1320 1184 1511 1222 solicitudine
1536 1200 1616 1221 nuuc
1636 1185 1810 1223 defenditur
1821 1213 1832 1229 ,

1077 1247 1232 1282 nunquam
1250 1235 1371 1269 ecclesia
1394 1236 1510 1271 christi
1530 1250 1594 1271 non
1611 1237 1729 1272 habuit.
1757 1239 1832 1272 Hoc

1077 1284 1126 1318 ille
1140 1284 1251 1330 probat
1263 1298 1330 1319 non
1343 1286 1444 1319 multis
1458 1286 1641 1321 ustimoniis
1657 1301 1667 1328 3
1689 1300 1757 1320 nam
1773 1285 1833 1321 dis-

1076 1334 1195 1379 putatio
1214 1347 1249 1367 ex
1264 1333 1448 1368 testimoniis
1463 1349 1563 1382 neque
1582 1335 1652 1382 ipsi,
1676 1348 1776 1384 neque
1786 1337 1833 1370 ul-

1076 1383 1095 1415 li
1110 1386 1230 1416 patrum
1244 1384 1397 1430 placebat,
1411 1382 1832 1432 omnesipsorumptobatio-

1075 1434 1128 1466 ne's
1142 1431 1207 1466 sunt
1219 1446 1255 1466 ex
1270 1434 1440 1478 Scriptura,
1455 1433 1508 1466 nisi
1523 1434 1647 1480 quando
1660 1437 1772 1468 vanitas
1786 1433 1832 1469 su-

1074 1481 1243 1528 perborum
1259 1481 1474 1515 haereticorum
1488 1494 1543 1515 eos
1557 1482 1593 1516 ad
1606 1482 1785 1517 citationem
1799 1496 1832 1518 a-

1074 1531 1186 1564 liorum
1203 1534 1395 1578 Scrptorum
1408 1531 1571 1578 adigebat:
1596 1542 1753 1579 utcunque
1773 1533 1833 1566 do-

1074 1581 1203 1614 &vinam
1219 1578 1299 1614 suam
1312 1580 1426 1627 probat
1444 1580 1628 1629 Augustinus
1648 1594 1683 1615 ex
1705 1580 1832 1628 quibus-

1074 1634 1141 1663 dam
1158 1630 1432 1664 celeberrimorum
1451 1642 1519 1664 ante
1538 1629 1566 1673 se
1587 1634 1719 1665 Patrum.
1752 1632 1830 1666 Hoc

1074 1682 1088 1725 (
1100 1681 1222 1727 inquit)
1238 1677 1310 1718 scio,
1321 1681 1478 1714 neminem
1492 1691 1599 1714 contra
1613 1679 1700 1714 istam
1713 1683 1831 1727 praede-

1071 1729 1266 1764 stinationem
1280 1742 1372 1777 quam
1389 1728 1553 1764 secundum
1570 1728 1679 1764 sacram
1693 1732 1829 1778 Scriptu-

1071 1793 1133 1813 ram
1147 1777 1339 1814 defendimus
1354 1804 1363 1818 ,
1389 1779 1444 1813 nisi
1457 1780 1586 1814 errando
1600 1778 1750 1826 disputare
1767 1792 1828 1828 po-

1069 1829 1163 1865 tuifle.
1183 1832 1263 1864 Puto
1271 1840 1372 1863 tamen
1382 1829 1486 1877 iis,qui
1500 1830 1536 1863 de
1550 1828 1606 1863 hac
1619 1841 1650 1863 re
1665 1826 1826 1865 sententias

1069 1880 1270 1914 traetamrum
1291 1881 1452 1926 requirunt
1471 1878 1589 1913 sanctos
1609 1882 1640 1913 ὃ(
1662 1879 1692 1912 in
1711 1878 1771 1913 fide
1791 1882 1824 1914 &

1068 1928 1212 1964 doctrina
1236 1928 1411 1963 Christiana
1439 1928 1628 1962 laudabiliter
1652 1926 1822 1962 defamatos

1068 1980 1149 2013 viros
1164 1982 1345 2026 Cyprianum
1354 1982 1383 2013 &
1393 1977 1595 2023 Ambrosium,
1610 1990 1744 2024 quorum
1758 1988 1822 2012 tam

1066 2028 1143 2062 clara
1155 2029 1331 2062 testimonia
1344 2027 1513 2075 posuimus,
1534 2027 1648 2061 debere
1662 2025 1796 2061 sufficere
1811 2041 1820 2062 :

1066 2076 1113 2111 sed
1122 2078 1169 2112 his
1182 2078 1316 2117 duobus,
1332 2079 1386 2124 qui
1403 2076 1538 2112 sufficere
1551 2076 1742 2115 debuerunt,
1755 2074 1820 2109 san-

321 2127 351 2157 Si
366 2126 401 2158 dc
418 2126 552 2158 Patribus
566 2136 633 2159 ante
653 2128 805 2174 Pelagium
824 2127 1027 2175 quadi-ingen·
1063 2128 1149 2162 &curn
1161 2132 1336 2176 Gregortum
1346 2130 1596 2175 Kazianzenum
1609 2127 1749 2159 addamus
1757 2134 1820 2157 ter-

274 2173 311 2206 tis
326 2173 394 2218 post
408 2173 567 2207 ehi-istum
580 2176 663 2208 annis
676 2176 810 2222 inquiras
824 2190 832 2215 ;
859 2177 951 2223 quam
969 2178 1023 2210 ini-
1063 2178 1150 2211 tium.
1188 2179 1302 2211 Fateor
1313 2176 1513 2225 Spalatensem
1526 2184 1673 2220 imputare
1688 2176 1817 2221 mugn-

275 2235 370 2268 quum
384 2221 417 2254 sit
431 2235 465 2254 ex
479 2221 613 2268 ipsorum
635 2223 748 2269 scriptis
766 2225 832 2258 lites
849 2225 965 2259 nostras
980 2227 1026 2260 di·
1041 2221 1131 2269 lstmo
1144 2226 1335 2259 mendacium
1345 2249 1352 2260 ,
1367 2224 1448 2270 quasi
1460 2225 1497 2256 de
1507 2222 1571 2256 istis
1580 2222 1716 2256 Patribus
1729 2235 1818 2256 rnen-

274 2270 478 2308 rimere‚belle
491 2271 583 2303 docet
596 2272 776 2318 Aug-&sturm
786 2286 795 2303 :
809 2285 877 2304 nam
893 2273 1030 2313 sicutnu-⁴

272 2329 301 2353 te
314 2323 442 2357 Areum,
455 2331 524 2352 curn
540 2317 657 2351 Christi
670 2321 807 2352 divinitas
819 2320 959 2352 nondum
966 2332 1024 2352 vo-

272 2380 334 2401 cata
348 2366 404 2401 fuit
423 2369 452 2400 in
466 2366 668 2414 quaestionem
681 2391 690 2405 ‚
713 2366 874 2413 Theologi
885 2380 951 2400 eam
962 2378 1023 2401 tra-

272 2418 394 2451 &abant
408 2422 437 2452 ἃ
452 2417 488 2450 de
502 2418 538 2451 ea
553 2413 723 2449 scribebant
736 2427 797 2449 tam
811 2414 912 2450 secure
926 2427 959 2451 ut
972 2420 1021 2449 A-

269 2480 330 2499 rzus
339 2471 367 2502 &
378 2465 517 2513 sequaces
530 2465 604 2511 saepe
616 2470 644 2499 &
656 2464 783 2499 mulium
791 2465 1018 2512 jactarennpos-

270 2516 296 2549 se
311 2515 338 2549 se
358 2516 441 2562 plura
459 2513 634 2548 testimonia
653 2528 712 2561 pro
731 2519 784 2548 suo
803 2528 907 2549 errore
927 2515 1019 2562 quam
1035 2547 1037 2556 ‚

269 2565 484 2608 eAthtmasinm
503 2577 560 2611 pio
573 2564 886 2609 orthodoxa-veritate
898 2564 1020 2600 afferre:

267 2617 310 2648 Ita
323 2615 491 2663 Pelagiusin
505 2613 725 2661 quaestionibus
734 2614 770 2646 de
779 2616 889 2660 gratia,
904 2616 1018 2660 praede-

268 2663 448 2702 stinatione,
466 2663 600 2702 meritis,
623 2668 652 2696 δι
667 2663 767 2696 libero
780 2662 907 2697 arbitrio
920 2688 929 2703 ‚
950 2677 1017 2710 quae

267 2723 347 2746 notae
360 2726 423 2746 nou
437 2710 557 2745 fuerunt
571 2710 741 2759 priusquam
756 2710 815 2758 ipse
827 2724 875 2746 eas
887 2711 1017 2747 infelici-

267 2772 313 2795 ter
325 2762 464 2795 movislet
476 2786 484 2800 ‚
511 2763 547 2794 ea
560 2759 616 2794 fuit
630 2760 817 2808 impudenti&
828 2785 837 2800 ‚
863 2772 895 2795 ut
907 2774 1016 2797 omnes

267 2810 382 2855 priores
396 2823 492 2856 patres
501 2823 558 2857 pro
571 2808 597 2844 se
611 2810 685 2844 stare
698 2808 871 2845 affirmaret.
897 2812 977 2846 Audi
991 2813 1016 2846 i-

268 2858 351 2905 psum
364 2860 487 2908 August.
503 2860 539 2893 de
553 2858 688 2906 praedest.
702 2872 771 2906 cap.
785 2872 828 2901 19.
843 2861 930 2903 Quid
938 2874 1016 2907 opus

268 2907 311 2941 est
326 2920 477 2942 uteorum
491 2907 656 2942 scrutemur
668 2907 809 2956 opuscula
822 2933 831 2948 ‚
856 2910 909 2956 qui
922 2908 1014 2956 prius-

267 2970 356 3003 quam
369 2957 485 2991 haeresis
495 2958 542 2991 illa
549 2959 694 2994 oriretur,
709 2970 772 2991 non
784 2957 1013 2992 habueruntne-

268 3005 427 3040 cessitatem
442 3008 471 3039 in
485 3007 541 3041 hac
552 3005 668 3041 difficili
687 3007 723 3041 ad
737 3005 915 3041 solvendum
934 3021 1013 3055 quae-

269 3053 367 3088 stione
379 3053 501 3094 versari,
517 3057 600 3102 quod
612 3056 819 3103 proculdubio
832 3054 981 3097 facerent,
995 3057 1015 3091 si

269 3102 448 3149 respondere
461 3104 570 3138 talibus
583 3117 784 3153 cogerentur,
803 3107 882 3141 unde
899 3104 1015 3140 fastum

269 3163 301 3185 ut
313 3153 350 3186 de
364 3154 459 3199 gratia
473 3154 537 3186 Dei
551 3154 681 3191 breviter
693 3152 872 3202 quibusdam
887 3154 1014 3204 scripto-

1063 2275 1133 2305 titus
1148 2272 1219 2305 esset
1229 2296 1239 2311 ,
1261 2277 1290 2306 ὅ(
1305 2272 1343 2305 ab
1356 2284 1465 2304 eorum
1478 2271 1578 2304 verbis
1593 2269 1675 2303 falsas
1688 2271 1816 2305 conclu-

1061 2320 1160 2353 siones
1174 2318 1355 2357 deduxisset,
1369 2319 1454 2365 quod
1468 2329 1500 2352 tu
1516 2331 1586 2352 cum
1599 2320 1754 2367 Spalatenz
1770 2321 1814 2354 vis

1058 2380 1087 2403 te
1101 2370 1228 2415 jungere
1236 2369 1266 2402 in
1280 2367 1447 2402 accusando
1456 2368 1619 2416 Augustmo
1627 2368 1708 2416 quasi
1722 2371 1815 2417 igno-

1056 2429 1134 2452 rare-t
1146 2418 1242 2451 rectas
1255 2418 1404 2451 deducere
1418 2415 1648 2465 consequentias
1661 2429 1711 2452 aut
1729 2417 1813 2465 quasi

1056 2466 1108 2515 ipsi
1124 2466 1232 2502 deesset
1245 2466 1395 2501 sinceritas
1412 2491 1421 2505 ,
1447 2468 1519 2500 dum
1534 2468 1671 2514 priorum
1689 2471 1812 2502 Patrum

1055 2530 1109 2550 ora
1122 2529 1268 2564 torquere
1280 2517 1342 2551 vult
1353 2516 1390 2550 ad
1407 2515 1578 2550 testandum
1590 2529 1647 2564 pro
1664 2515 1691 2551 se
1702 2541 1712 2555 ‚
1739 2529 1811 2551 cum

1056 2563 1188 2613 ipsorum
1203 2577 1276 2599 nota
1290 2578 1375 2599 mens
1383 2578 1488 2599 contra
1503 2565 1598 2612 ipsum
1612 2564 1724 2600 faceret
1736 2590 1745 2605 ,
1760 2567 1808 2599 vix

1055 2617 1149 2650 credo
1163 2639 1172 2652 ‚
1198 2626 1354 2661 utcunque
1369 2626 1476 2661 praeter
1491 2614 1565 2648 istos
1581 2627 1641 2648 tres
1654 2625 1809 2649 accuratus

1053 2663 1198 2699 scrutator
1206 2665 1304 2698 multo
1313 2665 1411 2710 plures
1420 2662 1516 2712 posset
1524 2665 1682 2704 adducere,
1692 2677 1727 2698 ex
1734 2677 1809 2712 pau-

1053 2716 1089 2749 ca
1101 2716 1170 2749 mea
1187 2713 1274 2748 valde
1294 2714 1430 2748 leffione
1448 2713 1595 2748 adducam
1614 2724 1746 2761 quatuor
1757 2724 1808 2747 aut

1052 2764 1189 2810 quinque
1204 2763 1290 2797 alios.
1317 2765 1434 2797 Primus
1448 2762 1757 2812 sitheronymus‚qui
1769 2762 1805 2796 ad
1818 2774 1942 2799 Senttntia

1051 2811 1251 2861 Augustmum
1260 2811 1536 2860 scribit‚postquam
1545 2813 1715 2846 doctrinam
1724 2809 1803 2845 suam
1817 2815 1966 2849 Hzeronymi.

1052 2873 1158 2896 contra
1170 2863 1338 2910 Pelagmnos
1356 2861 1444 2908 plene
1458 2861 1635 2909 evulgasset,
1655 2861 1740 2906 quod
1758 2873 1804 2894 re-

1050 2921 1204 2946 vereretur
1216 2914 1279 2954 ejus
1296 2911 1444 2954 judicium
1455 2915 1485 2944 &
1494 2911 1636 2957 dogmata
1649 2912 1712 2953 ejus
1725 2911 1802 2943 tueri

1051 2971 1169 3006 paratus
1180 2958 1297 2998 essenus:
1311 2956 1369 2997 sua,
1379 2964 1409 2994 δι
1420 2960 1457 2993 ab
1466 2971 1505 2992 eo
1513 2958 1653 3005 postulat,
1663 2970 1695 2992 ut
1704 2959 1802 2993 secum

1050 3009 1138 3042 vellet
1151 3020 1276 3056 pergere
1284 3009 1699 3056 Pelagianosoppugnare,qui
1712 3007 1802 3042 fimu-

1050 3057 1151 3091 labant
1165 3059 1278 3091 multos
1292 3056 1462 3092 emendasse
1477 3055 1505 3091 se
1517 3070 1653 3097 errores,
1680 3070 1720 3091 eo
1735 3069 1800 3091 tan-

1049 3106 1114 3141 tum
1129 3106 1207 3146 fine,
1225 3118 1257 3141 ut
1274 3106 1453 3140 muneribus
1471 3105 1526 3140 suis
1540 3107 1570 3139 in
1583 3105 1706 3140 ecclesia
1719 3105 1801 3141 frue-
1823 3150 1827 3153 ι

1048 3167 1162 3196 rentur,
1169 3156 1249 3191 unde
1257 3156 1396 3201 ejiciendi
1404 3166 1486 3190 erant
1494 3160 1523 3190 &
1532 3156 1800 3190 excommunican-

1688 3205 1734 3245 di,
1746 3203 1798 3238 nisi

2018 0 2038 128 .„‘„<A..a

2029 289 2039 295 ι
2020 214 2039 250 τί
