2048 3343
124 653 194 686 lxpe
202 649 254 677 {itio

125 693 221 727 firgo-

123 739 228 759 namna.

121 1291 204 1319 Pelias
215 1291 255 1317 Ia.

113 1332 181 1367 sonis
190 1343 223 1358 re-

115 1382 192 1410 gnum
199 1384 236 1401 oc-

120 1421 198 1451 cupat-

119 2438 215 2473 „Argo-

119 2475 253 2511 natant-so-

120 2516 192 2545 dales.

277 135 327 170 66
651 120 960 162 Orsa'ls

282 200 449 242 condidit,
469 202 625 249 Iovemque
640 202 672 233 δε
690 197 867 232 Minervam
882 207 941 242 pro
961 193 1034 228 Diis

283 247 579 301 primusinstituisse
591 249 721 284 dicitur.
895 260 901 267 ·

330 299 516 335 Transvolo
532 323 542 337 ‚
567 311 638 347 quae
658 304 841 343 congerunt
859 291 1028 327 mendaces

282 351 448 390 Graeculi,
469 359 539 383 tota
555 347 693 396 plaustra
709 356 866 393 nugarum
888 341 927 376 de
947 343 1036 377 Diis,

281 400 435 435 Deabus‚
456 402 490 433 &
508 397 568 432 suis
583 396 771 431 Heroibus:
795 406 835 427 ne
846 390 924 426 vero
940 392 1036 425 nimis

282 462 380 497 quam
393 447 545 482 fastidiosi
555 447 722 483 videamur
732 470 743 485 ,
768 455 868 490 pauca
885 453 953 476 non
964 452 1035 488 gra-

282 498 432 534 vabimur
442 510 566 531 narrare
577 496 614 530 de
624 495 824 542 tribus,quas
836 493 976 525 maxime
984 488 1037 522 dc-

284 558 417 582 cantant
429 550 546 583 Poetae,
557 547 753 581 Graecorum
765 534 1039 588 expeditionibus,

286 595 528 645 Argonautica,
544 594 753 630 Thebanfi,&
764 587 921 634 Trojanfl-

334 647 563 693 Argonauticae
579 645 643 680 haec
660 642 761 688 fertur
781 637 921 672 occasio.
956 638 1039 670 Deu-

281 695 396 731 calionis
414 697 550 743 nepoti,
567 696 599 727 in
623 691 701 725 urbe
720 685 887 721 Thessaliae
905 684 980 720 Iolco
991 698 1038 719 re-

279 747 406 793 gnanti,
421 745 520 779 multa
531 741 716 786 fuirprole53
730 738 881 784 praecipui
894 735 1039 770 nominis

278 795 366 830 fuere
376 806 438 828 tres
451 792 520 832 filii,
529 787 697 828 Athamas,
709 792 836 825 Cutem,
849 787 1018 818 Salmoneus
1029 798 1040 816 .-

276 841 467 880 Athamantis
483 841 572 875 liberi
592 837 750 873 defun&0
767 833 920 884 patresibi
933 843 1038 867 metu—

278 905 367 927 entes
389 892 405 925 ὲ
427 888 588 928 ηονειτὲ,
609 887 806 934 confugiunt
817 885 902 918 ultra
913 887 1036 916 Pontum

277 941 433 976 Euxinum
449 940 486 974 ad
506 936 674 974 chalcidem
696 947 770 970 cum
790 935 885 982 patris
898 929 1036 978 surreptfi

279 988 372 1039 gazzi,
382 1003 451 1038 quae
464 988 548 1022 aurei
561 987 683 1022 velleris
695 995 818 1019 nomen
831 983 954 1028 accepit
966 995 974 1021 3
994 979 1035 1014 ςὸ

279 1039 369 1087 quod
386 1041 472 1073 navis
485 1035 547 1085 quz'i
566 1035 742 1070 vehebatur
754 1046 811 1079 pro
823 1032 913 1078 signo
934 1030 1034 1064 habe-

277 1099 326 1123 ret
342 1086 543 1122 arietem.Ad
559 1087 712 1119 Creteum
727 1083 875 1130 pervenit
885 1091 1034 1128 regnum,

278 1135 390 1173 verum
403 1151 440 1172 eo
453 1134 653 1184 praepropere
666 1132 822 1167 defuneto
833 1130 904 1164 satis
915 1157 923 1169 ‚
942 1133 974 1163 &
987 1139 1032 1162 et-

274 1190 343 1233 jam
359 1189 481 1235 tAEsone
492 1188 561 1230 ejus
573 1183 642 1218 filio
656 1182 863 1216 immaturius
877 1189 1031 1225 exempto

276 1238 360 1272 vivis
375 1261 386 1276 ,
407 1238 485 1270 dum
507 1246 610 1280 nepos
627 1233 706 1279 lason
723 1229 769 1265 ob
791 1229 962 1264 infantiam
983 1229 1032 1261 in—

275 1297 367 1332 eptus
382 1284 456 1320 esset
475 1285 632 1331 imperio,
652 1281 683 1315 id
698 1290 838 1327 occupat
857 1277 952 1312 Pelias
966 1276 1033 1311 Sal-

276 1335 370 1369 monei
383 1336 470 1370 tertii
488 1333 592 1368 fratris
609 1344 647 1365 ex
660 1328 765 1377 spurio
776 1342 888 1376 nepos.
915 1328 1032 1360 Occu-

278 1396 389 1432 patum
406 1384 500 1418 semel
521 1382 695 1428 imperium
714 1391 781 1413 non
800 1378 907 1411 statuit
922 1376 1036 1409 dimit·

278 1446 360 1472 tere,
375 1444 558 1483 quanquam
577 1430 692 1463 adulto
710 1429 804 1473 Iasone
815 1425 938 1461 haerede
950 1423 1033 1472 legi-

278 1485 382 1517 timo:
411 1482 498 1530 quod
516 1492 551 1515 ut
562 1478 702 1514 securius
714 1476 822 1516 fieret,
846 1476 1033 1524 quavisarte

277 1532 526 1581 Iafimemssatuit
542 1529 682 1564 amoliri.

325 1585 414 1616 Inter
426 1578 667 1615 sacrificandum
684 1573 897 1622 interroganti
911 1573 1033 1609 Deum,

277 1631 430 1666 undelibi
449 1624 625 1676 plurimum
640 1624 851 1659 metuendum
870 1622 941 1657 effer
952 1623 1034 1668 peri-

279 1682 355 1721 culi,
367 1678 582 1726 respondetur
592 1676 632 1710 ab
642 1688 681 1709 eo
693 1674 747 1721 qui
762 1672 969 1707 discalceatus
979 1684 1032 1705 ve-

278 1732 365 1764 niret
376 1726 672 1763 obviam:redeunti
685 1724 821 1757 domum
833 1721 975 1756 occurrit
986 1723 1035 1753 Ja-

274 1779 327 1825 fim
337 1780 440 1812 altero
458 1776 534 1824 pede
547 1774 637 1809 nudo
651 1799 660 1813 ‚
683 1782 797 1818 utpote
809 1770 911 1819 quiad
925 1782 1034 1803 avun-

279 1830 390 1862 culum
413 1836 587 1860 vocantem
615 1820 856 1858 festinabundus
874 1845 885 1859 ,
910 1821 1035 1854 calceo-

273 1889 350 1911 vrum
363 1876 499 1910 alterurn
513 1876 546 1908 in
559 1873 624 1907 alto
637 1872 788 1919 perviam
808 1871 879 1903 luto
889 1868 1033 1902 defixum

277 1923 464 1973 reliquisset.
493 1924 559 1956 Hic
579 1921 618 1956 ad
633 1930 784 1968 nepotem
807 1918 899 1952 Pelian
913 1919 1034 1952 oraculi

278 1987 421 2014 memor,
436 1972 511 2021 quid
524 1982 558 2006 tu
575 1971 713 2019 (inquit)
727 1967 844 2003 faceres
855 1969 936 2005 viro,
947 1967 1034 2002 unde

277 2024 341 2058 tibi
362 2026 451 2057 Deus
470 2032 621 2055 moneret
645 2018 823 2054 cavendum
845 2022 856 2051 ?
889 2016 1033 2063 Ablega-

276 2085 346 2107 rem
366 2074 425 2113 (ait
439 2073 531 2118 Iason)
551 2071 583 2104 in
597 2067 772 2107 Colchidenss
789 2067 826 2101 ad
840 2079 969 2101 aureum
984 2079 1033 2100 re-

275 2123 454 2167 petendum
468 2121 585 2154 vellus:
612 2130 645 2152 tu
657 2131 735 2165 ergo
752 2116 890 2164 (regerit
902 2114 1032 2159 Pelias)

274 2173 353 2204 illuc
368 2173 427 2203 iter
438 2168 555 2214 capesse
565 2194 574 2207 ,
597 2169 702 2202 avitos
715 2177 750 2200 ut
761 2166 875 2200 referas
885 2164 1031 2199 Thesau-

273 2232 340 2254 ros.
367 2220 474 2252 Placet
493 2217 705 2263 magnanimo
725 2216 838 2259 juveni
865 2213 1029 2247 conditio:

272 2270 462 2315 longinquae
482 2265 699 2312 expeditionis
717 2262 803 2296 fama
817 2288 824 2299 ,
840 2261 1032 2295 fortissimos

272 2314 420 2365 quosque
443 2327 496 2361 per
516 2324 618 2348 totam
637 2313 797 2346 Graciam
814 2308 939 2344 sodales
952 2322 1033 2343 con-

273 2369 370 2402 ciliat.
399 2362 525 2398 Adsunt
537 2363 643 2398 statim
664 2361 758 2404 Castor
770 2364 800 2394 δι
815 2359 918 2392 Pollux
930 2382 939 2395 ‚
953 2361 1033 2392 Her-

274 2416 346 2450 cules
359 2419 388 2449 ἃ*
403 2412 539 2461 Theftm,
550 2411 689 2447 Telamon
702 2415 732 2444 ὃ(
746 2408 862 2448 Peleus,
872 2405 984 2442 Zethes
998 2410 1033 2442 &.

274 2465 383 2505 calais,
401 2465 481 2498 alata
497 2466 588 2496 Boreae
598 2462 718 2509 proleS,
732 2463 762 2493 ἃ
777 2459 834 2493 alia
847 2470 965 2505 magna
976 2456 1033 2491 he-

277 2526 372 2550 roum
396 2524 531 2546 caterva.
564 2509 735 2545 Extruitur
761 2509 850 2543 navis
870 2509 973 2556 esqrgo
992 2505 1032 2539 ab

276 2561 396 2610 opifice
409 2561 448 2595 fic
460 2561 556 2601 dicta,
569 2560 608 2593 ad
622 2561 749 2593 clavum
763 2557 846 2591 sedet
859 2553 979 2603 Tiphys,
999 2556 1033 2589 in

275 2612 418 2648 transtris
439 2606 572 2656 Orpheus
591 2619 732 2642 armatus
750 2607 836 2653 lyra,
855 2605 1033 2654 impellunt

277 2673 449 2710 procerum
463 2658 579 2705 singuli
590 2658 640 2692 suti
651 2669 747 2691 manu
760 2668 878 2689 remos.

326 2714 361 2744 ln
389 2713 516 2742 Lemnon
535 2709 678 2754 primum
697 2705 909 2752 perveniunt3
938 2714 1032 2736 com-

277 2762 369 2795 muni
379 2758 429 2792 hic
441 2769 539 2803 nuper
551 2757 700 2790 mulieres
711 2754 841 2787 decreto
851 2749 1031 2786 obtrunca-

279 2821 387 2844 verant
405 2817 569 2856 quotquot
581 2807 612 2839 in
626 2801 724 2838 insula
735 2803 792 2838 viri
806 2802 1030 2849 reperirentur,

277 2871 312 2892 ut
335 2858 405 2905 ipsae
424 2854 533 2903 postea
542 2857 736 2890 Amazonum
756 2853 856 2886 vitain
874 2852 1028 2885 viverent.
1047 2871 1052 2876 ·

275 2910 394 2942 Earum
415 2907 544 2954 Regina
569 2902 714 2948 Hypfipyle
740 2903 865 2946 Iafimem
885 2899 1029 2947 hospitio

277 2957 368 2990 simul
389 2960 421 2990 &
435 2955 577 2989 thalamo
598 2954 742 3000 excepit:
770 2951 834 2986 haec
857 2963 934 2984 rnox
949 2962 1029 2984 exu-

279 3007 340 3038 lare
353 3005 477 3039 masta,
489 3003 578 3052 quod
589 3013 753 3049 comperta
764 2999 864 3034 fuisset
878 3011 1028 3034 commu-

279 3066 309 3086 ni
326 3053 511 3100 subripuisse
530 3055 628 3088 exitio
647 3049 780 3085 Thoanta
797 3061 933 3096 patrem.
968 3049 1026 3082 Di-

278 3100 370 3148 grcsli
391 3101 406 3134 ἐ
425 3106 532 3136 Lemno
552 3105 628 3138 dum
645 3099 760 3136 fortius
778 3098 906 3133 brachia
924 3096 1028 3132 vibrat

279 3152 434 3187 Hermes,
447 3150 625 3200 confringit
637 3163 762 3186 remum
775 3173 783 3185 ‚
803 3150 869 3183 exit
882 3149 981 3194 igitur
992 3146 1029 3180 ad

279 3200 534 3246 comparandum
551 3214 673 3238 novum
685 3213 761 3235 cum
777 3198 894 3234 amasio
905 3194 1028 3242 Hyldi'n

1021 118 1500 157 HISToRtCI

1088 194 1225 227 vicinam
1238 194 1336 238 Alyfiae
1349 191 1489 238 sylvam:
1516 191 1550 224 in
1568 185 1629 237 qua
1641 186 1714 225 aestu
1734 186 1842 222 diei&

1087 244 1210 277 itineris
1230 241 1341 276 labore
1361 244 1519 289 languens
1540 264 1549 277 ‚
1586 251 1626 272 ex
1654 239 1843 286 propinquo

1085 291 1188 326 fluvio
1201 304 1288 339 aquae
1306 290 1453 336 hydriam
1472 288 1511 323 ad
1534 297 1650 334 potum
1672 285 1846 332 Hylamju-

1086 341 1141 375 bet
1153 340 1284 374 adferre.
1303 344 1396 375 Paret
1420 341 1446 373 is
1465 351 1474 378 ;
1502 334 1617 372 verum
1636 334 1714 370 dum
1727 336 1846 370 haurit,

1085 391 1205 424 excidit
1218 389 1328 436 hydria
1343 415 1352 427 ‚
1373 401 1472 437 quam
1482 388 1561 422 dum
1573 385 1732 432 corripere
1743 396 1846 418 cona-

1085 449 1136 473 tur
1146 441 1267 473 corruit
1286 441 1318 472 in
1331 438 1464 473 fluvium
1479 451 1487 476 ;
1512 435 1655 470 hauritur
1677 433 1775 467 undis
1792 445 1846 467 ra-

1086 498 1160 535 ptus
1172 487 1188 521 a
1201 488 1351 535 Nymphis.
1377 491 1468 522 Dum
1480 487 1514 520 in
1526 498 1566 520 eo
1577 482 1757 530 quaerendo
1767 494 1844 516 mo-

1085 548 1173 572 ratur
1182 537 1332 587 Hercules,
1347 539 1379 572 in
1389 539 1502 571 itinere
1515 542 1651 581 pergunt
1661 535 1842 580 Argonau-

1084 598 1144 631 tae·‚
1166 589 1277 622 verum
1290 589 1315 621 is
1326 590 1424 621 litora
1438 585 1554 618 omnia
1564 584 1674 629 legens
1685 605 1695 620 ,
1720 585 1750 615 &
1764 579 1842 625 Hyla

1084 634 1416 683 semperinclamans‚
1430 633 1546 668 incidit
1567 630 1702 664 tandem
1724 630 1756 663 in
1776 632 1840 663 vir·
1859 625 1962 682 {2⁶⁶7

1084 688 1196 735 ginem
1211 685 1317 720 multo
1327 681 1581 733 speciosissimam
1594 681 1628 714 in
1640 681 1736 713 litore
1747 675 1840 728 Phry-
1859 666 1982 725 fugax,

1076 735 1134 787 giae
1159 737 1346 782 colligatam
1359 760 1367 771 ‚
1392 745 1426 767 ut
1438 731 1575 767 immani
1586 739 1660 763 ceto
1671 727 1761 763 fieret
1771 741 1839 762 me·
1859 737 1991 773 Hefionem

1084 785 1189 818 renda.
1216 785 1262 818 Ea
1274 783 1334 820 fuit
1348 784 1474 828 Haessone
1482 779 1689 816 Laomedontis
1700 778 1839 824 Trojani
1860 781 1963 807 Laome-
2001 803 2003 806 Α

1082 834 1181 879 Regis
1195 831 1270 867 filia.
1858 818 1950 849 'imm'-

1129 882 1218 914 Huic
1236 882 1319 914 olim
1337 890 1543 914 extruxerant
1561 880 1722 925 Neptunus
1735 880 1767 911 δι
1781 878 1840 912 Α-

1076 929 1149 976 pollo
1160 942 1215 963 mu
1222 942 1272 963 ros
1281 930 1394 962 Iliacos
1407 928 1552 962 mercede
1562 926 1653 974 pacta
1664 951 1674 968 ‚
1684 925 1782 975 quam
1798 925 1839 961 fi-

1082 981 1154 1013 nito
1164 991 1260 1024 opere
1271 979 1345 1011 Diis
1355 976 1496 1022 pendere
1509 977 1656 1021 neglexit
1666 999 1674 1014 ‚
1685 986 1839 1023 propter-

1081 1027 1116 1062 ea
1129 1028 1242 1061 urbem
1255 1027 1301 1059 isti
1316 1026 1402 1072 peste
1416 1049 1425 1065 ‚
1448 1025 1575 1059 vicinos
1585 1035 1680 1070 agros
1693 1025 1839 1060 inunda-

1080 1076 1226 1111 tionibus
1240 1075 1409 1115 infestare,
1430 1086 1489 1108 nec
1507 1084 1581 1107 ante
1602 1072 1757 1107 abstinere
1769 1085 1839 1108 rna-

1080 1140 1158 1160 num
1173 1150 1182 1166 ,
1201 1138 1298 1174 quam
1313 1121 1547 1171 paciscerentur
1563 1122 1691 1165 Trojam·
1702 1121 1840 1156 traditu-

1079 1189 1132 1210 ros
1144 1175 1171 1210 se
1184 1176 1359 1224 quotannis
1370 1175 1402 1207 in
1415 1174 1545 1207 solenne
1564 1174 1705 1218 Neptuno
1722 1170 1840 1206 sacrifi-

1079 1227 1164 1260 cium
1176 1250 1183 1262 ,
1198 1235 1423 1273 quamcunque
1436 1223 1502 1256 sors
1514 1221 1674 1268 virginem
1687 1220 1838 1267 depopo-

1079 1273 1191 1309 scifl'et.
1221 1275 1332 1308 Primae
1348 1271 1444 1306 sortes
1463 1272 1587 1314 Hefione
1606 1267 1734 1304 fuissent
1753 1268 1840 1304 fata-

1081 1325 1140 1363 les,
1152 1322 1208 1358 nifi
1220 1337 1254 1357 ex
1273 1320 1421 1356 machin&
1439 1317 1594 1367 insperata
1604 1317 1723 1353 tulisset
1739 1330 1838 1366 opem

1081 1373 1234 1408 Hercules.
1262 1373 1327 1406 Hic
1349 1383 1421 1405 cum
1437 1367 1556 1404 balaenzi
1573 1368 1728 1415 congredi
1743 1379 1841 1415 para-

1081 1435 1151 1456 tum
1164 1422 1191 1456 se
1201 1422 1339 1456 ostentat
1353 1445 1362 1460 ,
1383 1418 1486 1454 modo
1506 1419 1646 1453 vistoriae
1669 1419 1838 1464 praemium

1081 1472 1231 1506 statueret
1246 1469 1410 1504 Laomedon
1424 1468 1515 1502 simul
1532 1480 1605 1501 cum
1619 1465 1684 1501 filia
1696 1469 1837 1501 immor-

1081 1523 1162 1556 tales
1173 1533 1285 1569 equos.
1313 1519 1441 1565 Accipit
1453 1516 1675 1551 conditionem
1694 1516 1763 1549 Rex
1774 1540 1785 1556 ,
1802 1518 1839 1551 in

1081 1583 1207 1605 arenam
1223 1569 1384 1604 descendit
1397 1565 1551 1606 Hercules,
1564 1576 1657 1600 necat
1668 1564 1840 1607 balaenarn,

1082 1621 1229 1655 condicta
1243 1618 1381 1666 postulat
1394 1618 1545 1664 praemia:
1571 1614 1623 1648 sed
1634 1615 1740 1648 datam
1759 1617 1839 1647 Lao-

1082 1670 1184 1704 medon
1196 1669 1292 1703 fidcm
1306 1665 1415 1713 aperte
1424 1664 1508 1700 fallit
1520 1678 1530 1704 3
1542 1676 1658 1710 cogere
1670 1664 1777 1697 noluit
1787 1665 1839 1697 in-

1083 1719 1323 1767 praesentiarum
1335 1715 1478 1750 Hercules
1488 1739 1497 1754 ‚
1508 1711 1619 1747 verum
1631 1714 1755 1759 aliquot
1767 1711 1838 1759 post

1083 1780 1188 1803 annos
1201 1779 1273 1800 cum
1287 1767 1426 1800 exercitu
1438 1777 1475 1798 ex
1489 1762 1616 1797 Graecifi
1627 1761 1770 1797 reversus
1781 1774 1838 1796 ex-

1084 1817 1202 1853 scindit
1220 1817 1360 1860 Trojam‚
1391 1813 1617 1848 Laomedontem
1637 1812 1837 1851 obtruncat,

1085 1865 1250 1905 Telamoni,
1268 1868 1320 1912 qui
1334 1865 1456 1912 primus
1466 1865 1499 1896 in
1510 1863 1622 1906 Trojae
1633 1873 1745 1894 muros
1757 1860 1837 1894 insi-

1085 1920 1157 1956 luit,
1167 1917 1319 1961 Hestonem
1330 1916 1363 1948 in
1377 1924 1512 1947 uxorem
1527 1910 1580 1944 dat
1594 1910 1762 1944 :Priamum
1773 1909 1838 1943 du-

1084 1969 1127 2001 cit
1146 1966 1306 2013 captivum
1321 1988 1330 2002 ‚
1350 1962 1399 1996 sed
1419 1960 1528 2010 postea
1540 1972 1617 1994 auro
1629 1957 1787 2004 vgtoe‘pdpov
1801 1959 1836 1991 in

1084 2018 1218 2064 patriam
1238 2014 1385 2049 remittit.

1133 2063 1253 2099 Interea
1273 2067 1468 2108 Argonautae
1481 2058 1519 2093 ad
1528 2056 1686 2104 Bosphori
1696 2053 1833 2089 Thracii

1083 2117 1165 2163 rIpas
1183 2113 1301 2161 appulsi
1318 2113 1443 2159 Regem
1457 2105 1598 2142 Phineum
1613 2107 1837 2140 conveniunt,

1083 2164 1324 2209 consuluntque
1335 2161 1374 2194 de
1387 2159 1510 2204 reliquo
1522 2158 1653 2193 itinere3
1681 2153 1838 2199 implorat

1082 2214 1135 2247 hic
1159 2222 1272 2244 contra
1284 2218 1451 2256 perpetuas
1469 2205 1684 2252 Harpyiarum
1706 2202 1838 2245 injurias

1081 2261 1212 2307 supplex
1233 2259 1346 2292 heroas
1359 2267 1457 2303 opem
1480 2268 1487 2288 :
1516 2251 1691 2288 excaecfirat
1709 2248 1839 2284 Phineus

1081 2311 1114 2344 in
1128 2309 1237 2343 uxoris
1249 2305 1435 2354 posterioris
1446 2305 1586 2351 gratiam
1599 2328 1607 2343 ,
1625 2301 1745 2334 liberos
1758 2313 1840 2347 quos

1081 2371 1116 2393 ex
1127 2359 1225 2405 priori
1237 2357 1398 2390 sustulerat
1410 2368 1418 2395 ;
1430 2355 1461 2387 in
1474 2364 1608 2400 poenam
1620 2350 1774 2395 scelerum
1786 2352 1840 2383 lu·-

1075 2409 1154 2456 piter
1165 2420 1230 2441 non
1242 2404 1343 2440 modo
1356 2403 1460 2438 senem
1472 2402 1600 2436 orbavit
1613 2397 1790 2434 oculis‚sed
1803 2402 1839 2432 δε

1081 2458 1239 2504 Harpyias
1249 2455 1379 2489 immisit
1389 2454 1604 2498 ultrices,quae
1616 2449 1740 2494 semper
1748 2459 1840 2481 men-

1081 2505 1146 2541 sam
1158 2518 1191 2540 ui
1210 2502 1351 2552 primum
1367 2503 1494 2537 stratam
1505 2526 1514 2540 ,
1533 2499 1596 2546 qua
1612 2498 1839 2541 deturparent,

1081 2555 1144 2604 qua
1159 2554 1422 2602 depraedarentur.
1449 2550 1617 2583 Advolant
1641 2547 1672 2579 in
1693 2545 1760 2591 ipso
1782 2543 1838 2578 he-

1081 2617 1174 2640 roum
1187 2602 1311 2649 aspectu
1331 2610 1458 2647 rapaces
1469 2598 1608 2644 virgines
1619 2620 1627 2632 ,
1647 2606 1725 2642 quas
1740 2597 1836 2627 Borea

1080 2653 1139 2687 filii
1160 2665 1228 2686 non
1249 2650 1320 2684 satis
1333 2649 1454 2683 habent
1473 2643 1733 2693 abegiflegladiis
1749 2666 1758 2681 ‚
1782 2642 1835 2677 sed

1080 2704 1178 2737 etiarn
1196 2701 1228 2734 in
1248 2702 1318 2733 a'e‘re
1330 2699 1482 2732 sublimes
1493 2694 1676 2742 persequuti
1693 2691 1836 2726 debella-

1081 2762 1176 2787 runt,
1191 2752 1438 2795 coegeruntque
1448 2746 1521 2780 dare
1538 2744 1636 2779 fidem
1648 2767 1657 2782 ,
1673 2742 1794 2776 nullam
1804 2740 1835 2774 se

1080 2800 1210 2849 posthac
1230 2795 1339 2832 Phineo
1351 2808 1508 2831 creaturas
1520 2793 1710 2829 molestiam.

1126 2852 1224 2885 Tunc
1236 2846 1329 2882 senex
1340 2858 1374 2881 ut
1387 2847 1424 2880 de
1435 2845 1465 2880 se
1480 2840 1698 2878 benemeritis
1709 2836 1829 2886 gratifi-
1853 2843 1967 2880 symple-

1080 2910 1225 2938 caretur,
1241 2895 1376 2931 fideliter
1393 2905 1505 2929 monet
1515 2892 1553 2926 de
1566 2891 1690 2937 ingenti
1707 2887 1831 2934 Symple-
1847 2883 1968 2923 gades&-

1073 2949 1189 3000 gadum
1201 2948 1347 2993 periculo
1359 2971 1369 2984 ,
1384 2945 1480 2978 docet
1493 2941 1625 2988 paulum
1638 2937 1738 2972 abesse
1753 2942 1831 2980 Cya—
1851 2927 1949 2994 {panea

1080 3011 1144 3032 neas
1165 3007 1270 3043 petras
1283 3021 1291 3034 ,
1309 2997 1390 3029 inter
1410 3002 1487 3039 quas
1506 3001 1573 3023 tam
1593 2985 1722 3034 angust&
1739 2985 1832 3020 fauce
1877 2973 1937 2994 “rae'

1077 3051 1233 3093 Neptunus
1244 3043 1413 3078 interfluit,
1424 3052 1488 3074 tam
1501 3039 1612 3086 rapido
1621 3038 1749 3085 gurgite
1761 3036 1831 3069 vol-

1078 3098 1162 3132 vitur
1174 3107 1259 3128 mare
1272 3117 1280 3132 ,
1292 3103 1327 3126 ut
1338 3094 1389 3126 vix
1403 3088 1465 3124 ulla
1476 3100 1552 3127 arte,
1566 3089 1627 3122 ulla
1638 3088 1668 3122 vi
1681 3086 1716 3121 iit
1727 3096 1830 3119 trana-

1079 3146 1153 3181 bile.
1180 3143 1297 3178 Suadet
1318 3140 1360 3175 eo
1380 3142 1545 3174 venientes
1559 3136 1748 3172 columbam
1770 3133 1828 3167 fibi

1077 3195 1296 3244 praemittant‚
1313 3204 1350 3226 ea
1366 3189 1389 3226 fi
1404 3187 1634 3227 transvolaret,
1654 3184 1826 3264 sequantpr

1751 3244 1781 3278 lp
1797 3242 1825 3264 12

1860 573 1956 610 Hylam

1858 2060 1962 2090 Phineus
1968 2060 1999 2089 ab

1858 2105 1978 2141 Harpyiis

1859 2143 1983 2172 liberatus.
