2048 3343
134 619 210 661 qu
219 617 260 648 di·-

130 664 261 700 stingum»-

133 704 228 740 2urfun
233 720 242 725 -

132 742 246 770 damenta

128 785 211 822 prima
222 783 239 811 ιὶ

128 825 246 862 secundis.

120 2583 221 2612 Sullani
230 2603 237 2613 ,

122 2627 147 2652 G
150 2625 204 2650 rolii
207 2644 214 2655 ‚

121 2668 254 2694 “innota-

121 2713 200 2732 torum

123 2746 219 2783 Angli
224 2763 231 2767 -

123 2796 234 2814 canorum

121 2828 188 2854 mala
195 2829 233 2852 in—

119 2867 260 2905 terpunt‘lio.

298 156 378 189 194
639 139 967 176 Orestis

295 215 391 247 aliam
401 236 410 252 ‚
434 208 513 245 illud
539 208 627 243 enim
648 209 738 257 quod
764 210 796 243 in
828 208 991 256 Originali
1017 212 1048 243 &

295 261 455 297 Chaldaeo
468 260 565 293 etiam
577 258 783 307 Paraphraste
804 259 845 292 cst
853 259 936 305 fiipra
949 283 958 299 ‚
987 271 1047 292 ne-

292 310 419 346 cessario
432 308 680 356 intelligendum
691 309 729 343 de
738 307 863 346 furum,
877 320 951 342 nam
963 308 1043 342 Pro-

293 360 394 409 pheta
404 357 541 406 expreffe
553 357 736 406 subjungit,
746 357 806 404 post
819 356 901 391 diem.
911 355 985 391 hum
997 357 1044 390 vi-

288 405 428 460 gesimum
438 418 568 456 quartum
581 408 649 441 noni
663 409 761 451 menfis
771 407 882 455 quando
893 407 1044 454 jallafimt

293 457 392 505 templi
395 458 587 506 fundamenta
595 484 602 496 ‚
615 469 682 492 non
693 455 772 491 vero
786 481 794 492 ,
805 467 873 489 ante
883 453 959 490 hanc
968 456 1043 489 diem

293 508 462 559 vigefimum
474 518 607 555 quartum
615 507 698 555 usque
705 506 743 540 ad
741 506 837 554 prima
844 504 891 546 fich
902 506 1042 552 &rofan-

293 557 438 592 damenta.
1007 599 1011 604 .

341 609 468 651 Quarta
478 603 634 640 sententia
643 604 688 639 est
704 605 806 647 Lyram·
815 626 825 641 ‚
839 613 937 647 quam
947 602 1040 634 Anas

291 659 476 696 Montanus,
488 653 609 694 Ribem,
622 655 750 687 Samiam
762 674 770 686 ‚
786 654 818 683 δέ
828 654 854 682 C
856 649 979 683 ornelius
991 648 1039 684 se-

290 716 457 754 quuntur,
474 706 549 739 licet
562 705 655 738 aliter
674 711 768 746 atque
790 699 880 733 aliter
895 699 1039 746 explica-

291 766 378 792 tam·‚
402 754 486 789 hanc
504 752 635 786 Salianm
652 749 762 782 duram
789 751 983 795 pronunciat
1002 761 1038 782 ac

288 806 390 852 priori
402 802 570 849 postponit
583 824 592 840 ‚
604 798 700 832 nobis
709 808 820 831 tamen
831 797 955 831 videtur
965 810 1037 843 pro-

289 851 484 888 babilislima
493 875 502 890 ‚
516 849 635 882 scilicet
646 845 864 882 fundamenta
878 848 911 880 in
923 845 1037 880 diebus

286 902 354 942 Cyri
365 902 450 946 jac‘ta
471 895 561 932 fuisse
578 899 681 944 prima
697 900 728 931 &
748 894 935 942 imperfecta
951 923 960 935 ‚
984 896 1036 929 sed

283 949 397 985 diebus
417 948 505 983 Darii
528 948 588 982 alia
613 949 650 981 iis
668 945 877 992 superstructa
899 943 1036 979 secunda

279 997 496 1034 fundamenta
509 997 671 1042 completa
683 999 714 1029 δε
726 993 880 1042 perfecta.
907 996 1034 1042 Vulga-

281 1051 325 1083 ris
335 1049 423 1083 estin
434 1044 563 1081 materici
575 1043 649 1080 fidei
668 1044 896 1091 Metaphorica
907 1045 960 1077 illa
972 1045 1035 1091 pri-

281 1099 340 1132 mo
352 1102 382 1132 &
394 1096 536 1131 secundo
549 1094 844 1129 fundamentalium
854 1092 1032 1133 distinctio,

281 1160 351 1194 quae
362 1145 414 1181 hic
435 1147 469 1179 in
486 1146 623 1193 propriis
640 1142 859 1178 fundamentis
872 1141 954 1177 τεᾶὲ
968 1156 1033 1176 no-

282 1196 333 1231 bis
351 1197 476 1231 videtur
496 1194 642 1228 adhiberi
661 1189 760 1240 poffe.
792 1192 968 1239 Impeditus
986 1193 1035 1226 vi-

282 1245 376 1281 detur
393 1242 554 1279 Zorobabel
573 1246 605 1278 in
623 1241 723 1290 prima
734 1240 786 1277 sua
797 1241 966 1281 structura,
978 1254 1032 1275 an-

281 1306 416 1343 tequam
437 1306 565 1328 murum
586 1290 703 1327 domfis
722 1291 947 1338 aspectabilem
960 1291 1028 1325 red-

281 1344 357 1378 dere
369 1344 489 1391 potuit,
500 1341 587 1390 supra
600 1353 686 1376 terrae
698 1339 918 1388 superficiem:
943 1342 987 1374 ita
997 1351 1031 1373 ut

279 1395 313 1427 in
327 1393 466 1427 secundo
478 1391 534 1426 sub
556 1391 649 1426 Dario
660 1391 771 1425 labore
784 1391 938 1425 stru&ura
951 1389 1032 1424 infra

279 1453 370 1477 terrae
389 1440 588 1488 superficiem
608 1465 618 1477 ,
644 1442 718 1475 licet
731 1439 819 1487 supra
838 1438 973 1474 inferius
998 1441 1032 1473 in

276 1491 447 1539 profundo
457 1504 540 1538 opus
551 1489 637 1524 reete
649 1491 711 1524 dici
724 1486 1034 1537 potueritfundatio.

278 1540 379 1574 Certe*
393 1542 533 1587 primum
552 1538 729 1574 zorobabelis
740 1552 824 1586 opus
839 1539 953 1573 diebus
965 1538 1032 1582 Cyri

274 1589 394 1623 habere
404 1591 512 1636 potuit
520 1588 577 1622 sub
586 1589 615 1623 se
627 1591 734 1635 aliqua
745 1587 919 1622 &Solomone
929 1589 1031 1636 posita

273 1637 484 1673 fundamenta
495 1664 502 1677 ,
514 1651 700 1686 quanquam
714 1640 802 1672 enim
814 1638 1030 1673 Idumaeorum

275 1688 397 1723 invidia
410 1688 580 1723 Chaldaeos
590 1688 858 1727 extimulabat‚ut
872 1688 1030 1733 templum

275 1737 317 1772 ab
332 1739 404 1772 imis
419 1736 642 1772 fundamentis
652 1748 819 1776 eruerent,
833 1735 914 1771 ficut
930 1736 1030 1770 habe-

277 1800 348 1821 mus
365 1785 410 1821 Ps.
427 1799 507 1833 137.
525 1798 633 1821 tamen
652 1798 766 1821 omnes
776 1785 1032 1821 fundamentales

280 1835 399 1882 lapides
406 1835 514 1870 crulffe
526 1850 592 1870 non
601 1836 646 1871 est
657 1835 824 1883 probabile
838 1850 847 1874 ς
871 1849 944 1870 nam
955 1834 1030 1870 cum

279 1886 443 1932 templum
462 1884 635 1920 secundum
657 1885 674 1920 a
704 1887 869 1931 Vespafiano
888 1885 1030 1920 dirutum

280 1936 405 1968 Annius
420 1936 510 1980 Rusm
523 1947 627 1968 aratro
640 1933 888 1980 complanasset,
902 1946 938 1968 ut
953 1937 1032 1982 lapis

278 1982 372 2030 super
382 1984 521 2030 lapidem
532 1996 598 2018 non
613 1985 859 2031 relinqueretur,
872 1996 983 2019 tamen
995 1985 1033 2019 ad

277 2032 390 2065 Iuliani
407 2030 502 2079 usque
523 2032 591 2066 dies
611 2035 643 2067 in
667 2034 836 2067 ruderibus
863 2031 1034 2081 profundis

276 2082 380 2115 relifti
392 2079 465 2115 sunt
477 2083 572 2116 multi
585 2082 725 2130 insignes
736 2082 871 2130 lapides,
886 2095 969 2129 quos
980 2086 1030 2133 ig—

275 2132 325 2164 nis
336 2132 387 2165 ille
400 2130 720 2172 miraculosus,aDeo
731 2132 769 2166 ad
780 2133 1032 2168 retundendamii

275 2191 345 2212 non
361 2180 616 2214 convincendam
637 2179 782 2215 Iuliani&
795 2180 985 2226 Judaeorum
1000 2185 1031 2218 in

277 2227 444 2261 Christum
459 2229 577 2261 rabiem
590 2227 698 2263 miffus
710 2255 719 2268 ,
737 2229 911 2264 evomuisse
923 2231 1032 2267 fertur.

324 2278 416 2310 Plura
424 2275 475 2311 hic
488 2290 555 2311 non
566 2277 678 2311 addam
692 2303 700 2316 ‚
710 2290 809 2323 pauca
819 2277 947 2311 tantum
958 2292 1031 2325 per-

273 2326 406 2371 pendite
425 2326 462 2359 ad
477 2327 564 2360 Ezrae
585 2327 670 2359 tertii
693 2326 925 2361 duodecimum
945 2351 956 2366 ,
984 2328 1028 2361 di-

275 2386 394 2408 cuntur
406 2375 452 2409 ibi
471 2376 660 2410 Sacerdotes
673 2374 788 2409 fleviffe
812 2377 866 2423 qui
880 2376 1029 2411 viderunt

274 2424 416 2469 primum
428 2422 589 2471 templum
602 2437 675 2458 cum
689 2423 859 2458 fundatum
872 2425 953 2459 effet.
968 2429 1030 2460 Ita-

275 2485 315 2507 ne
328 2472 402 2508 vcro
412 2474 468 2507 ulli
481 2473 594 2508 diebus
604 2477 692 2510 Ezrae
702 2475 844 2509 viventes
855 2472 1030 2521 conspexe-

276 2533 350 2556 runt
370 2524 513 2569 primum
540 2525 700 2570 templum
711 2548 720 2563 ‚
747 2537 821 2558 cum
849 2523 865 2558 a
883 2524 1031 2559 Solomone

278 2571 463 2607 fundaretur
472 2582 545 2606 ante
556 2572 814 2619 quadringentos
823 2579 949 2608 annos?
970 2579 1030 2609 Pu-

278 2632 325 2655 tat
345 2621 474 2656 Salianus
494 2619 674 2656 satisfecisse
693 2622 723 2657 se
748 2622 825 2657 huic
847 2622 949 2657 dubio
977 2637 1030 2671 per

281 2670 472 2717 positionem
501 2672 675 2705 commatis
700 2671 770 2717 post
805 2684 921 2705 vocem
945 2673 1030 2718 prius.

283 2720 341 2752 Sed
352 2717 499 2765 profec‘to
511 2720 577 2754 haec
587 2720 749 2753 distinctio
759 2732 826 2753 non
839 2721 942 2765 rejicit
952 2720 1028 2754 fun-

281 2768 444 2803 dationem
460 2768 587 2817 aptiori
599 2770 724 2816 templo
736 2769 773 2802 ad
786 2768 941 2815 posterius
951 2793 961 2809 ,
973 2770 1029 2804 nifi

282 2814 410 2864 sequens
427 2821 524 2853 etiam
538 2831 668 2853 comma
677 2819 811 2855 tollatur
822 2842 831 2854 ,
841 2816 1030 2866 &legamus

282 2865 407 2901 versum
415 2868 645 2902 duodecimum
659 2869 691 2901 in
703 2866 789 2901 hunc
804 2868 954 2908 modum,
966 2868 1030 2902 ciam

276 2916 433 2960 fundatum
442 2920 506 2962 effi>t
525 2916 562 2952 (ῥ’
576 2915 628 2951 hoc
635 2916 788 2964 templum,
807 2917 847 2951 sic
863 2929 969 2951 autem
981 2918 1030 2952 bis

280 2977 430 3010 peccatur
446 2978 559 3001 contra
586 2967 883 3013 interpunctionem
903 2967 1027 3001 Biblio-

279 3025 350 3047 rum
363 3015 562 3050 Tridentinis
577 3016 844 3050 authenticorum
866 3041 876 3056 ‚
901 3019 981 3064 quin
996 3020 1026 3050 δέ

280 3073 395 3097 contra
408 3064 563 3100 Hebraici
581 3064 687 3100 textfis
704 3067 1004 3112 interpunctionem
1017 3090 1026 3105 ‚

278 3121 355 3143 nam
367 3124 426 3144 vox
437 3121 497 3151 unta
508 3114 714 3159 infundatione
724 3118 786 3159 ejus
801 3114 896 3149 habet
915 3117 947 3149 in
962 3114 1027 3149 fine

279 3157 373 3205 supra
395 3158 507 3193 Daleth
526 3161 721 3209 Sakephkaton
741 3163 829 3210 quod
855 3163 1023 3198 fundatio—

280 3220 354 3243 nem
366 3210 531 3243 connectit
543 3223 614 3246 cum
628 3214 727 3260 priori
736 3214 876 3261 templo,
892 3218 922 3249 δι
934 3213 951 3247 εὶ
961 3226 1022 3261 po-

1030 138 1500 175 H15T0R1c1

1090 208 1211 245 steriori
1224 209 1363 256 separat:
1391 209 1579 244 ficuthabet
1599 222 1671 245 cum
1692 210 1840 255 Hieronyss

1088 274 1132 293 mo
1143 262 1240 294 etiarn
1252 262 1408 307 interpres
1421 261 1550 293 Graecus
1562 259 1608 292 τὸν
1622 258 1691 293 οἶκον
1699 260 1746 294 τὸν
1757 261 1840 304 rapa]-

1090 311 1124 347 ὃν
1133 311 1162 342 ἐν
1172 308 1327 353 &ammaim
1339 308 1408 343 ὠυτέ
1418 310 1447 342 in
1453 308 1624 356 fundatione
1635 308 1697 354 fiai.
1723 313 1838 344 Giottus

1089 359 1219 406 quidem
1231 359 1529 405 interpunctionem
1543 359 1641 391 etiam
1663 369 1783 399 mutat,
1804 363 1840 393 Sc

1088 408 1128 441 sic
1148 409 1290 454 Anglica
1309 408 1411 442 verfio
1432 420 1497 442 tam
1512 409 1601 453 prior
1621 406 1721 453 quam
1732 407 1842 454 poste-

1088 458 1151 490 rior
1171 456 1309 490 referens
1323 456 1552 492 fundationem
1573 456 1610 490 ad
1627 456 1765 490 domum
1781 469 1843 503 po-

1088 505 1255 540 steriorem
1277 506 1459 551 praesentem
1488 508 1522 541 in
1550 506 1654 540 oculis
1673 528 1681 541 ‚
1714 519 1786 540 non.
1805 506 1844 540 ad

1089 555 1231 601 priorem
1250 554 1418 590 abolitam.
1449 556 1509 592 Sed
1520 557 1606 589 certe
1618 580 1628 596 ,
1646 566 1683 589 ut
1695 555 1821 589 videtur
1831 580 1843 595 ,

1090 603 1173 638 male
1184 621 1195 643 ,-
1223 605 1312 638 Nam
1322 607 1395 649 quis
1404 604 1539 638 audebit
1548 606 1582 637 in
1593 615 1684 638 textu
1693 605 1844 650 originali

1088 666 1156 687 non
1177 664 1305 687 tantum
1327 666 1426 688 unum
1447 656 1511 686 Iota
1527 677 1536 689 ‚
1561 654 1727 687 literarum
1748 655 1847 687 mini-

1088 716 1198 747 mam3
1222 703 1275 737 sed
1294 705 1345 738 vcl
1365 716 1466 737 unum
1479 703 1623 751 apicem,
1643 714 1746 736 unum
1758 715 1847 749 pun-

1088 753 1199 794 (stum,
1221 765 1323 788 unum
1338 764 1507 786 accentum
1528 752 1750 786 distinffivnm
1767 765 1843 786 mu-

1086 806 1171 836 tare?
1196 804 1344 849 inprimis
1357 800 1430 835 cum
1443 802 1636 836 Hebraicam
1645 800 1728 835 hanc
1738 803 1850 836 inter-⁸

1085 852 1298 896 puntffionem
1318 851 1488 898 sequantur
1502 864 1570 884 non
1591 848 1719 885 tantum
1734 852 1840 885 Inter·-

1085 910 1189 945 pretes
1200 901 1326 947 antiqui
1337 901 1445 934 Graeci
1458 904 1491 934 δε
1503 901 1609 934 Latini
1634 898 1836 944 (Chaldaica

1083 949 1170 982 nulla
1178 948 1220 982 est
1233 951 1266 982 in
1278 952 1391 985 Evam
1406 952 1438 981 δε
1454 949 1612 983 Danielem
1624 949 1818 997 paraphrasis
1827 975 1837 988 ,

1082 997 1172 1044 quod
1207 998 1264 1045 ipsi
1298 998 1474 1032 maximam
1511 1010 1632 1044 partem
1659 997 1836 1033 scribantur

1084 1046 1257 1081 Chaldaice
1271 1048 1286 1089 )
1308 1046 1361 1081 sed
1382 1048 1476 1080 etiam
1488 1047 1590 1083 versio
1609 1047 1723 1080 Latina
1734 1050 1812 1081 Iunii
1823 1072 1834 1086 ,

1082 1097 1294 1131 interlinearis
1321 1096 1487 1135 Montani,
1512 1100 1545 1130 ἃ
1569 1096 1677 1130 Italica
1704 1096 1836 1130 Deodati

1081 1145 1311 1180 fundationem
1334 1157 1408 1180 curn
1437 1147 1536 1194 priori
1563 1158 1631 1180 non
1667 1144 1837 1192 posteriori

1080 1196 1204 1242 templo
1216 1195 1393 1230 construat.

1125 1243 1197 1278 Imo
1220 1244 1299 1279 vero
1317 1244 1462 1292 sepositis
1492 1241 1833 1289 interpunfflonibus‚

1081 1294 1173 1328 verba
1184 1294 1246 1342 ipsa
1257 1293 1319 1328 sine
1327 1292 1481 1336 >canopei-rep
1492 1306 1559 1327 non
1568 1291 1745 1326 admittunt
1756 1290 1833 1327 fun-

1080 1343 1246 1378 dationem
1258 1343 1399 1379 construi
1417 1355 1491 1377 curn
1504 1342 1628 1389 templo
1647 1341 1829 1388 posteriori,

1080 1405 1153 1427 nain
1168 1396 1200 1428 in
1211 1395 1286 1428 loco
1298 1405 1364 1428 non
1377 1392 1420 1427 est
1432 1392 1516 1426 nuda
1527 1389 1743 1430 fundatio,sed
1755 1390 1834 1426 fun-

1077 1442 1165 1476 datio
1175 1445 1287 1488 juncta
1297 1456 1370 1477 cum
1384 1443 1582 1489 pronomine
1592 1445 1666 1486 ejus,
1678 1442 1765 1487 quod
1778 1455 1832 1476 ne-

1078 1491 1214 1527 ceffitare
1225 1492 1352 1526 videtur
1370 1491 1608 1536 adjunctionem
1628 1487 1833 1525 fundationis

1079 1554 1152 1575 cum
1163 1542 1354 1588 praecedenti
1368 1553 1435 1574 non
1452 1539 1687 1586 consequenti:
1714 1543 1744 1572 &
1758 1542 1834 1586 qui-

1078 1591 1149 1625 dem
1163 1591 1203 1625 fic
1215 1588 1317 1625 sensus
1327 1589 1369 1624 sat
1379 1588 1511 1637 pulchre
1523 1587 1685 1635 fluit,prius
1696 1588 1835 1636 templum

1082 1638 1356 1687 infidsandatione,
1366 1637 1659 1685 infiiofundamento,
1672 1640 1719 1675 &,
1730 1649 1766 1671 ut
1777 1637 1837 1672 ha-

1083 1691 1135 1724 bet
1147 1689 1301 1724 Deodatm
1314 1715 1323 1730 ‚
1336 1688 1512 1736 infitopede,
1526 1687 1605 1722 nihil
1623 1686 1710 1720 aliud
1729 1688 1837 1722 innuit

1083 1739 1179 1787 quam
1191 1740 1344 1788 quosdam
1358 1739 1538 1772 videntium
1550 1736 1759 1785 posteriorem
1777 1738 1839 1772 do·

1083 1802 1174 1824 mum
1186 1787 1380 1836 conspexisse
1388 1790 1482 1822 etiam
1495 1789 1634 1835 priorem
1645 1787 1734 1833 supra
1745 1787 1838 1822 suum

1081 1838 1327 1874 fundamentum
1340 1837 1476 1873 stantem
1490 1862 1499 1877 ‚
1520 1836 1574 1872 etsi
1586 1834 1691 1884 aliqua
1702 1836 1735 1870 in
1754 1849 1837 1871 voce

1082 1888 1287 1924 fundamenti
1308 1888 1345 1923 sit
1361 1886 1520 1935 emphasis
1531 1911 1540 1922 ‚
1560 1885 1665 1920 referri
1680 1885 1785 1932 potest
1795 1886 1835 1920 ad

1082 1940 1200 1987 lapides
1211 1941 1243 1973 in
1258 1939 1374 1985 templi
1383 1938 1539 1971 Solomonis
1550 1934 1778 1973 fundamento,
1796 1947 1834 1968 ac

1081 1988 1170 2035 supra
1188 1988 1439 2023 fundamentum
1462 1984 1582 2021 eximia
1609 1983 1836 2032 magnitudine

1080 2039 1235 2086 insignes,
1262 2039 1371 2086 quales
1391 2038 1424 2072 in
1438 2034 1607 2085 posteriori
1619 2033 1746 2081 templo
1765 2045 1834 2068 non

1080 2088 1292 2137 apparebant.

1230 2175 1543 2216 QUAESTIO
1591 2171 1676 2197 XXI.

1077 2253 1148 2295 Quo
1156 2262 1228 2281 anno
1240 2257 1365 2281 mortuus
1372 2249 1410 2285 fit
1425 2242 1605 2278 Alexander
1615 2265 1630 2293 ‚-
1641 2240 1679 2274 ὠ
1693 2251 1763 2285 quot
1772 2254 1828 2274 an-

1188 2309 1237 2328 nos
1248 2294 1350 2329 habeat
1363 2291 1478 2342 Epocha
1484 2305 1540 2341 prae
1552 2288 1681 2325 mamlms
1692 2294 1708 2322 ?

1144 2376 1217 2422 Esp.
1237 2377 1330 2409 Mors
1345 2373 1514 2409 Alexandri
1526 2372 1657 2420 insignis
1669 2369 1713 2404 est
1725 2371 1831 2417 inpri-

1146 2428 1206 2459 mis
1223 2424 1398 2459 character
1409 2434 1594 2469 temporum
1609 2447 1617 2461 ,
1635 2420 1675 2454 ab
1687 2418 1722 2454 ea
1740 2421 1830 2454 enim

1075 2473 1371 2521 Chronologorum
1383 2474 1477 2506 multi
1490 2472 1597 2506 Graeci
1609 2497 1617 2509 ‚
1635 2470 1765 2508 Latini,
1781 2472 1830 2502 A-

1075 2523 1177 2565 rabes,
1187 2525 1254 2558 suas
1266 2527 1368 2557 eAEras
1379 2524 1550 2569 incipiunt,
1561 2524 1592 2555 ἃ
1606 2520 1660 2553 illa
1670 2519 1830 2552 terminus

1075 2573 1120 2606 est
1141 2586 1301 2608 annorum
1329 2570 1581 2618 Philippicorum
1605 2591 1614 2604 ‚
1647 2568 1829 2614 &Imperii

1076 2623 1268 2657 Graecorum
1292 2622 1432 2655 maxime
1459 2617 1543 2666 apud
1571 2618 1753 2663 AEgyptios.
1790 2619 1829 2650 In

1077 2672 1164 2718 Syrizi
1174 2672 1307 2719 quidem
1320 2696 1327 2708 ,
1345 2668 1451 2717 Judaez'i
1465 2692 1473 2705 ‚
1490 2672 1520 2702 &
1534 2666 1700 2713 Babylone
1711 2678 1828 2700 nume-

1077 2721 1230 2754 rabantur
1238 2721 1313 2753 anni
1324 2721 1364 2752 ab
1377 2719 1472 2752 initio
1481 2717 1589 2764 Regni
1600 2714 1825 2752 Seli-undarum,

1075 2770 1164 2816 quod
1177 2771 1268 2804 annis
1281 2769 1453 2803 duodecim
1465 2766 1534 2814 post
1555 2764 1727 2800 Alexandri
1737 2776 1827 2797 mor-

1074 2829 1139 2852 tem
1157 2821 1276 2865 incepit
1294 2845 1302 2858 ,
1325 2822 1356 2852 &
1379 2817 1442 2851 hoc
1463 2826 1559 2863 caput
1572 2815 1678 2860 Regni
1694 2814 1826 2846 Graeco-

1077 2880 1147 2901 rum
1167 2868 1208 2902 ab
1228 2868 1372 2902 Afiaticis
1390 2865 1600 2900 statuebatur.
1633 2861 1692 2895 Sed
1713 2862 1825 2896 Mace·

1074 2917 1175 2951 dones
1188 2942 1197 2956 ,
1211 2918 1355 2965 AEgyptii
1369 2940 1377 2955 ,
1394 2919 1424 2948 &
1434 2913 1579 2960 Europaei
1597 2911 1740 2958 plerique
1753 2921 1827 2945 ute-

1074 2965 1191 2999 bantur
1210 2968 1301 2999 annis
1326 2964 1518 3009 Philippicis
1550 2961 1655 2994 statim
1681 2959 1698 2994 ὲ
1718 2971 1825 2995 morte

1073 3013 1255 3054 Alexandri,
1265 3013 1395 3060 quando
1408 3010 1551 3058 Philippus
1560 3009 1687 3045 Aridem
1697 3023 1741 3043 no
1747 3022 1824 3044 men

1073 3063 1345 3110 fraternilmperii
1357 3062 1480 3099 tenuit,
1501 3059 1555 3094 etsi
1578 3060 1629 3093 alii
1642 3058 1719 3093 alibi
1735 3071 1800 3092 rem
1812 3082 1823 3095 ,

1073 3117 1103 3147 &
1116 3115 1197 3147 inter
1215 3114 1337 3159 primos
1350 3109 1514 3144 Ptolemaeus
1529 3109 1604 3159 Lagi
1620 3111 1653 3142 in
1668 3111 1821 3154 AEgypto.

1120 3161 1293 3196 periodum
1307 3160 1387 3193 hanc
1401 3158 1416 3193 a
1428 3170 1533 3194 morte
1543 3157 1730 3193 «Alexandri
1743 3156 1819 3190 Phi-

1070 3211 1224 3260 lippicam
1242 3209 1412 3246 contendit
1427 3208 1552 3258 Scaliger
1567 3208 1684 3242 habere
1693 3217 1816 3286 {0353
