2048 3343
478 146 555 173 ET

217 219 248 243 ra
256 206 314 242 ulla
322 203 518 240 fundamenta
528 204 618 250 hujus
632 201 789 238 sententiae
800 199 900 234 afferri
908 195 979 250 pos-

216 257 293 292 sint,
319 253 490 301 cujusmodi
515 253 580 288 haec
603 266 670 302 quae
694 250 860 299 sequuntur
883 247 979 281 aster-

216 307 242 340 ri
267 305 365 339 solent
396 303 412 338 a
444 302 619 338 fautoribus
655 299 821 335 sententiae.
871 296 978 330 Primo

215 357 293 389 Luc.
317 359 348 389 6.
369 365 392 388 1.
429 352 557 386 πέββκπν
573 344 820 388 Mantinea-toves}
843 344 978 392 primum

216 401 372 438 sabbatum
386 398 456 448 post
468 399 550 432 diem
561 395 725 430 secundum
738 392 888 429 Paschatis
900 417 909 430 ‚
927 390 978 427 seu

216 454 351 500 primum
364 453 575 495 Azymorum,
606 455 640 479 ut
655 442 741 491 supra
759 443 882 479 abunde
897 455 975 477 con-

215 501 371 536 firmatum
385 498 428 533 est
437 522 446 537 ,
469 507 531 530 tam
545 493 719 529 rationibus
732 493 825 541 quam
839 492 976 527 auetori-

216 551 329 585 tatibus
339 574 349 589 ,
371 549 460 596 Ergo
469 546 532 580 hoc
545 544 703 579 sabbatum
717 539 977 590 supponitPascha

217 599 395 634 immediate
411 595 601 645 praxedem,
628 593 702 628 illud
724 603 827 627 autem
840 604 905 627 non
921 589 978 626 fuit

217 650 263 684 vel
276 650 410 696 primum
423 644 531 682 Pascha
539 646 633 692 joan.
648 655 675 677 ι.
689 654 728 688 ¹3·
747 642 797 676 vel
812 640 977 676 secundum

213 700 310 746 Joan.
323 710 348 744 5.
360 710 382 732 1.
399 708 476 744 ergo
489 696 613 729 tertium
626 692 823 737 interjectum
836 691 976 738 interJo-

218 749 303 782 annis
318 760 343 794 5.
355 759 379 781 1.
395 750 426 781 &
440 744 572 793 Joannis
587 747 618 777 6.
630 755 662 789 4.

268 796 370 844 de
382 808 448 829 non
460 792 552 828 fuerit
564 792 698 838 primum
707 801 790 838 patet
798 802 833 824 ex
841 802 882 825 eo
891 790 978 837 quod

218 846 270 880 diu
287 844 358 892 post
372 845 505 891 primum
526 842 542 876 a
561 839 718 888 Baptismo
737 839 865 880 Pascha,
891 843 975 873 Ioan-

218 907 267 929 nes
278 893 409 943 Bapttsta
421 891 514 927 fucrit
526 891 604 925 liber
616 890 632 925 εὶ
644 903 780 930 carcere,
804 901 837 924 ut
845 890 939 937 Joan.⁴
951 902 977 935 3.

220 957 273 990 24.
293 945 394 980 videre
409 942 469 982 est,
496 940 544 975 sed
561 951 632 974 ante
649 940 722 974 illud
741 937 897 974 sabbatum
911 951 976 986 quo

220 992 357 1041 discipuli
369 991 547 1028 vellicabant
564 989 658 1037 spicas
670 993 790 1022 Ioannes
802 986 860 1023 fuit
870 989 902 1022 in
915 1000 976 1022 car-

220 1055 302 1084 cere,
319 1055 351 1077 ut
363 1040 554 1089 comparanti
568 1038 710 1072 Matthaei
721 1038 920 1072 undecimum
934 1037 977 1072 se-

220 1093 324 1127 cundo
332 1105 402 1127 cum
411 1090 600 1126 duodecimo
608 1089 712 1136 primo
725 1088 839 1122 clarum
849 1087 892 1122 est
901 1101 911 1128 ;
923 1099 976 1121 ne-

220 1154 281 1189 que
294 1141 370 1177 vero
383 1140 539 1175 sabbatum
554 1138 627 1172 illud
641 1149 704 1172 erat
717 1138 804 1185 quod
818 1136 976 1187 immedia-

221 1192 252 1226 τὲ
266 1189 426 1237 sequutum
433 1189 477 1223 est
489 1188 651 1223 secundum
660 1185 769 1222 Pascha
776 1189 976 1222 loannismam

221 1253 261 1275 eo
276 1238 402 1275 sabbato
413 1238 557 1273 Christus
572 1236 713 1271 remansit
726 1232 975 1281 Hierosolymis,

220 1301 253 1324 ut
267 1290 416 1324 habemus
428 1290 518 1336 Joan.
533 1299 561 1333 ς.
572 1300 599 1322 2.
615 1290 645 1321 &
659 1297 684 1332 5.
697 1288 727 1320 &
741 1282 849 1320 sanavit
862 1297 976 1332 aegrum

620 132 1251 172 CHRONOLOGICI

1309 125 1341 164 L
1370 140 1383 164 1
1415 139 1447 164 B.
1492 123 1545 164 II.
1729 134 1770 176 93

1009 209 1075 244 quo
1088 195 1230 232 Christus
1247 193 1304 229 fuit
1316 195 1498 243 baptizatu&
1536 197 1599 231 Hic
1613 189 1709 231 sensus
1723 196 1769 231 est

1010 249 1159 294 Ruperti,
1167 246 1321 280 eAlcm'ni,
1333 246 1491 282 Bernardi‚
1504 248 1678 293 Aquinum,
1688 249 1768 279 ‘Dn-

1010 295 1109 335 randi,
1126 297 1274 343 Cajetani,
1287 296 1441 334 Suarezii,
1454 295 1603 329 ‘Barradii
1609 321 1619 335 ,
1634 296 1749 329 Saliam'
1757 319 1766 332 ,

1011 346 1184 384 Mariana,
1207 348 1243 390 ⁴&
1260 343 1391 377 aliorum
1410 345 1579 378 multorum
1598 358 1677 391 quos
1695 345 1766 379 citat

1008 393 1302 440 Henricus‘thltppi
1314 393 1345 426 in
1358 391 1578 440 quaestionibus
1591 393 1648 428 suis
1663 394 1700 428 de
1713 406 1766 427 na-

1008 451 1043 475 to
1056 439 1178 487 &passo
1191 440 1321 475 Christo
1334 454 1402 489 pag.
1410 446 1463 476 66.
1478 443 1639 482 Daroma,
1654 442 1764 482 fateor,

1009 494 1041 526 δε
1054 491 1104 524 alii
1117 488 1184 524 sunt
1202 490 1232 523 in
1251 490 1370 525 diversa
1382 489 1537 525 sententifi.
1583 492 1642 525 Sed
1654 490 1686 525 hi
1699 505 1764 526 non

1009 539 1143 576 omnino
1160 537 1282 587 possunt
1300 537 1407 575 salvare
1426 552 1480 587 per
1495 541 1600 574 omnia
1614 540 1661 574 sua
1675 554 1765 575 com-

1009 600 1111 625 menta
1122 590 1276 624 Romanae
1290 588 1432 623 Ecclefiae
1446 591 1678 630 auctoritatem,
1698 603 1764 636 quse

1010 639 1133 688 populis
1143 639 1293 687 proponit
1301 638 1486 673 credendum
1498 639 1630 687 primum
1637 640 1766 673 miracu-

1010 691 1075 724 lum
1083 688 1200 724 Christi
1212 689 1326 724 eodem
1339 688 1388 722 die
1396 687 1599 723 anniversario
1608 689 1765 735 perac‘tum

1010 752 1081 774 cum
1093 738 1250 786 Baptismo
1260 763 1270 778 ‚
1293 735 1407 772 scilicet
1414 739 1550 785 Januarii
1562 736 1662 778 sexto,
1678 737 1699 771 si
1713 751 1766 772 au-

1009 801 1074 824 tem
1087 789 1118 823 in
1132 801 1171 823 eo
1185 789 1235 823 die
1251 786 1329 822 nihil
1347 788 1404 822 tale
1419 789 1568 836 contigit,
1594 787 1657 821 ¹ioc
1672 788 1765 834 pasto

1010 837 1145 874 Ecclesia
1157 839 1301 874 Romana
1314 836 1441 872 docebit
1453 835 1613 872 manifeste
1625 835 1742 872 falsum.

1056 889 1132 923 Alio
1147 888 1239 922 etiam
1251 887 1351 922 modo
1373 883 1523 922 evincitur
1541 887 1684 934 quintum
1703 889 1765 923 Pa-

1009 937 1089 972 scha.
1126 937 1280 980 Dechus
1293 935 1410 984 Jesuita
1425 936 1616 972 doetiffimus
1637 935 1766 970 Christo

1007 987 1058 1021 dat
1069 999 1166 1021 annos
1176 986 1209 1020 in
1221 986 1307 1021 terris
1322 986 1445 1033 triginta
1457 987 1604 1034 quinque,
1618 989 1649 1021 ’δέ
1664 987 1766 1036 chle-

1007 1050 1058 1070 rus
1070 1036 1297 1084 Chronologus
1311 1048 1381 1070 cum
1400 1036 1506 1083 primis
1520 1035 1632 1069 doetus
1644 1035 1767 1083 triginta

1007 1085 1054 1120 sex
1069 1101 1076 1122 :
1097 1085 1262 1121 secundum
1281 1085 1413 1119 istorum
1429 1082 1661 1118 fundamentum
1675 1086 1768 1131 quin-

1006 1148 1072 1171 tum
1084 1135 1194 1171 Pascha
1207 1136 1265 1170 erit
1276 1132 1472 1170 necesshrium
1479 1158 1489 1174 ,
1506 1137 1537 1168 &
1550 1133 1625 1168 vero
1641 1133 1714 1167 nihil
1723 1134 1768 1168 cst

1007 1185 1094 1233 quod
1102 1183 1224 1232 Jesuitae
1236 1195 1344 1219 contra
1356 1185 1540 1232 Scalzgcrum
1552 1183 1602 1217 hic
1616 1182 1767 1228 disputent

1008 1233 1183 1283 priusquam
1200 1232 1328 1268 fratrum
1352 1237 1385 1268 &
1409 1233 1611 1280 Collegarum
1641 1231 1765 1267 suorum

1008 1282 1133 1320 fundam
1155 1294 1205 1318 nta
1218 1282 1319 1331 probe
1332 1283 1507 1319 everterint.

1061 1332 1173 1369 Adfert
1188 1335 1236 1367 vir
1248 1333 1361 1367 doetus
1375 1329 1519 1376 Nisbetus
1537 1331 1642 1366 noster
1654 1331 1707 1366 lib.
1722 1331 1762 1365 sui
1774 1336 1905 1374 Reſjvm-'e-

1009 1396 1076 1431 pag.
1091 1389 1164 1419 260.
1178 1393 1285 1418 contra
1298 1382 1440 1430 quintum
1450 1380 1559 1415 Pascha
1572 1383 1709 1428 quinque
1717 1395 1760 1414 ar·
1775 1386 1818 1403 ’Ἦν
1827 1379 1910 1404 ‘'ff-”¹-

1009 1445 1163 1481 gumenta.
1189 1433 1325 1467 Primum
1334 1455 1344 1471 ‚
1374 1431 1461 1478 quod
1478 1441 1568 1464 vocat
1581 1428 1740 1465 infallibile
1753 1457 1762 1471 ‚
1771 1427 1892 1492 &fix-²

1011 1482 1053 1517 cst
1066 1483 1104 1518 ab
1116 1483 1221 1518 annuis
1233 1481 1350 1516 vicibus
1362 1478 1551 1514 Pontificum
1561 1483 1651 1514 Armae
1665 1485 1695 1516 δε
1708 1485 1763 1514 Ca-
1777 1467 1879 1524 {spurina

1003 1533 1107 1581 japhae.
1120 1535 1283 1578 Tempore
1292 1528 1432 1577 baptismi
1446 1532 1555 1563 Annas
1563 1528 1619 1563 fuit
1633 1528 1764 1564 summus
1777 1547 1897 1575 quintam

1012 1579 1154 1615 Pontifex
1171 1583 1262 1614 Lucae
1275 1593 1299 1626 3.
1315 1592 1341 1613 2.
1360 1589 1502 1626 tempore
1517 1579 1658 1626 pastionis
1678 1577 1765 1627 Caja-
1780 1578 1882 1614 Psifi‘hss-

1007 1631 1081 1679 phas
1092 1628 1151 1664 fuit
1162 1627 1297 1664 summus
1311 1627 1454 1664 Pontifex
1462 1629 1551 1676 Joan.
1561 1641 1597 1663 Π.
1611 1642 1667 1675 49.
1679 1632 1766 1664 &18.
1799 1618 1862 1645 ‘'A‘'

1012 1694 1051 1727 13.
1065 1692 1147 1714 anno
1156 1676 1410 1726 veroinsequenti
1421 1679 1528 1711 Annas
1541 1679 1673 1715 rediitad
1682 1682 1767 1712 Pon-

1011 1730 1160 1766 tificatum
1175 1730 1249 1764 Αᾶ.
1263 1742 1297 1776 4.
1313 1734 1342 1763 6.
1369 1726 1441 1762 hinc
1457 1739 1579 1775 apparet
1598 1731 1725 1762 Annam
1736 1732 1768 1763 δε

219 1339 256 1373 ad
270 1338 414 1386 piscinam
428 1337 587 1380 Z'ethqsdae,
613 1348 670 1369 nec
687 1346 728 1368 eo
747 1334 797 1368 die
814 1334 978 1369 ambulavit

219 1401 290 1423 cum
300 1387 450 1435 discipulis
459 1398 514 1433 per
521 1384 588 1424 sata,
602 1396 704 1431 neque
716 1383 830 1418 veroin
838 1382 978 1418 Paschate

219 1439 392 1486 relinquere
403 1436 507 1484 potuit
521 1434 682 1468 Dominus
699 1432 808 1467 urbem
821 1443 889 1467 ante
905 1433 979 1466 illud

221 1485 377 1521 sabbatum
390 1511 400 1526 ‚
424 1485 511 1532 quod
525 1482 642 1530 semper
660 1482 883 1517 interveniebat
901 1483 980 1516 inter

220 1534 332 1571 Pascha
344 1540 375 1570 &
394 1533 557 1580 septimum
578 1536 771 1578 Azymorum
785 1554 793 1566 ‚
821 1528 870 1564 seu
890 1531 979 1564 octa-

222 1598 293 1621 vum
301 1583 611 1630 Paschatis‚quianon
618 1579 672 1614 nifi
682 1579 773 1613 finito
781 1577 860 1613 festo
868 1582 899 1614 δι
910 1592 978 1627 per-

221 1636 297 1669 aftis
311 1633 458 1669 omnibus
471 1632 585 1679 septem
598 1629 706 1664 dicbus
721 1631 914 1676 Azymorum
926 1630 979 1677 qui

221 1683 383 1720 veniebant
396 1683 433 1717 ad
448 1680 576 1720 festum,
598 1679 672 1713 illud
685 1677 874 1714 deserebant.
892 1680 979 1728 Ergo

220 1733 471 1770 verisimillimum
484 1731 529 1766 est
541 1728 700 1764 sabbatum
708 1728 794 1768 illud,
803 1729 834 1762 in
842 1741 907 1776 quo
922 1731 979 1764 im-

221 1783 355 1819 mediate
368 1783 385 1817 :i
406 1780 547 1817 Paschate
567 1789 636 1813 ante
652 1777 775 1812 finitum
793 1777 904 1813 festum
925 1780 980 1827 Je-

221 1832 268 1867 sus
276 1833 442 1867 ambulavit
453 1844 507 1879 per
520 1829 577 1864 sata
588 1826 675 1863 fuiffe
682 1828 786 1862 actum
799 1829 830 1862 in
838 1828 977 1864 Galilaea,

220 1882 292 1917 cnm
305 1880 387 1930 Jesus
401 1892 485 1916 metu
496 1879 678 1929 Judaeorum
685 1890 751 1912 non
763 1876 981 1913 ascenditHie-

222 1931 424 1979 rosolymam:
456 1931 519 1964 hoc
536 1927 580 1964 est
597 1929 739 1977 Scaligeri
758 1932 789 1962 &
806 1927 982 1976 sequacium

222 1982 401 2029 primarium
414 1979 647 2015 fundamentum
661 1978 861 2026 cuiquintum
873 1976 983 2014 Pasc‘ha

1013 1780 1179 1830 Cajapham
1185 1779 1310 1815 viciffim
1319 1776 1532 1812 administrasse
1541 1777 1769 1815 Pontificatum,

1012 1830 1086 1878 itaq;
1101 1842 1182 1864 anno
1195 1826 1450 1876 baptismiAnnas
1462 1831 1493 1863 &
1501 1827 1597 1862 altero
1605 1837 1686 1863 anno
1698 1827 1770 1875 post

1020 1878 1203 1927 baptismum
1217 1878 1380 1927 Cajaphas,
1403 1890 1438 1912 ac
1451 1878 1545 1912 tertio
1559 1891 1642 1912 anno
1657 1879 1769 1912 iterum

1014 1933 1129 1966 Annas,
1138 1939 1322 1977 quartoque,
1331 1926 1525 1976 Cajaphas,ac
1537 1929 1651 1975 quinto
1658 1928 1770 1962 iterum

1013 1983 1121 2013 Annas
1133 1977 1301 2014 Pontifices
1320 1974 1447 2011 fuerunt
1453 2001 1463 2016 ‚
1489 1989 1565 2024 ergo
1581 1978 1597 2011 a
1616 1976 1769 2024 baptismo

222 2029 440 2079 superstruunn
1014 2030 1068 2064 ubi
1080 2031 1186 2062 Annas
1197 2024 1354 2066 Pontifex,
1369 2025 1406 2060 ad
1417 2038 1541 2060 crucem
1554 2025 1608 2060 ubi
1622 2026 1768 2075 Cajaphas
1779 2030 1911 2063 Annas&

58 2094 182 2130 Pontificii
265 2080 422 2115 Pontificii
430 2080 568 2128 plerique
575 2078 666 2114 etiam
673 2091 744 2114 cum
751 2071 983 2113 stomachohoc
1016 2076 1175 2118 Pontifex,
1194 2076 1238 2112 est
1250 2076 1440 2111 intervallum
1452 2075 1546 2109 trium
1558 2086 1608 2110 aut
1624 2087 1767 2123 quatuor,
1780 2071 1908 2108 cajaphas

60 2136 206 2173 compellam·
225 2131 367 2179 Scaltgeri
379 2155 388 2170 ‚
420 2128 471 2165 seu
490 2130 594 2178 potius
614 2129 802 2163 Mer'catoris
821 2129 983 2164 inventum
1015 2143 1079 2164 non
1093 2129 1224 2176 plurium
1238 2138 1407 2165 annorum,
1421 2125 1561 2172 adeoque
1570 2138 1627 2160 nec
1635 2126 1768 2173 plurium
1779 2119 1907 2178 3335?

60 2183 105 2221 ’Μή
118 2177 154 2202 ad
228 2181 384 2225 rejiciunt,
412 2178 462 2214 sed
475 2191 507 2214 ut
520 2177 656 2226 ipsorum
666 2179 704 2214 de
717 2179 830 2227 quinto
843 2177 984 2213 Paschate
1016 2178 1200 2215 Paschatum.
1210 2174 1378 2224 Resp.licet
1389 2175 1631 2209 concederemus
1643 2178 1769 2208 Annam
1778 2199 1819 2229 Fer
1829 2165 1905 2218 „5525ss

61 2223 182 2291 {Z's'c'gz'f'
228 2230 399 2278 indignatio
412 2229 652 2275 comprimatur,
679 2228 878 2263 meminerint
890 2240 982 2274 quam
1015 2234 1046 2265 &
1066 2227 1231 2276 Cajapham
1251 2238 1306 2273 per
1323 2236 1435 2259 annuas
1455 2225 1537 2258 vices
1555 2223 1770 2258 administrasti:

226 2279 377 2325 plurimos
390 2292 430 2313 ex
445 2277 581 2324 ipsorum
594 2277 775 2312 doffiffimis
788 2276 962 2310 neceffitate
971 2300 980 2315 ,

225 2338 260 2361 ut
271 2327 405 2363 videtur,
419 2326 542 2373 adigiad
551 2338 714 2359 numerum
725 2326 808 2358 hunc
814 2323 982 2372 agnoscen-

225 2376 315 2415 dum,
331 2376 402 2409 licet
409 2388 449 2409 ex
463 2376 524 2408 alio
537 2374 710 2420 principio;
730 2372 981 2406 namsiinterBa-

226 2422 370 2472 ptismum
383 2428 414 2459 δι
423 2424 556 2471 primum
569 2422 749 2457 miraculum
762 2424 873 2458 Canae‚
887 2433 982 2455 unum

226 2472 337 2509 Pascha
349 2473 530 2521 ponendum
543 2471 587 2506 est
597 2497 606 2512 ‚
631 2482 697 2506 tum
715 2468 906 2519 agnoscenda
918 2468 984 2505 sunt

226 2523 392 2557 minimum
405 2523 543 2570 quinque
557 2520 705 2569 paschata,
713 2519 815 2554 saltem
827 2520 866 2554 ab
879 2521 981 2554 omni-

227 2573 284 2607 bus
297 2583 409 2621 quartae
421 2570 574 2606 sententiae
587 2570 782 2610 auctoribus,
808 2583 879 2603 nam
892 2570 983 2603 illio-

227 2635 314 2656 nmes
328 2633 459 2670 quatuor
472 2631 634 2655 numerant
641 2619 774 2668 paschata
782 2619 852 2667 post
863 2620 983 2667 nuptias

228 2673 323 2706 Canae
337 2685 346 2712 3
371 2672 456 2719 quod
469 2683 571 2705 autem
584 2672 663 2705 inter
682 2683 731 2704 eas
743 2670 864 2716 nuptias
877 2673 908 2704 &
925 2671 982 2703 Ba-

226 2719 370 2767 ptismum
383 2734 478 2755 unum
490 2719 600 2756 Pascha
612 2721 810 2756 intervenerit
821 2743 832 2760 ‚
858 2718 898 2753 fic
911 2732 985 2766 pro-

227 2770 347 2806 bamus.

275 2823 308 2854 In
323 2821 410 2854 omni
422 2821 543 2867 integro
554 2831 635 2852 anno
647 2816 764 2865 semper
771 2817 815 2851 est
822 2831 916 2852 unum
925 2820 986 2853 Pa-

229 2868 316 2904 scha:
343 2871 439 2918 Atqui
452 2870 468 2903 a
480 2868 637 2916 Baptismo
657 2868 693 2902 ad
712 2868 831 2914 nuptias
846 2868 940 2901 Canae
953 2879 985 2900 e-

229 2930 274 2952 rat
288 2920 405 2966 integer
418 2932 512 2953 annus
530 2916 696 2952 secundum
709 2929 850 2965 magnam
864 2916 985 2950 turbam

230 2968 476 3002 doctissimorum
484 2967 721 3003 Pontificiorum
730 2967 783 3014 qui
795 2978 859 3000 non
868 2965 985 3000 tantum

231 3016 294 3051 hoc
306 3016 472 3058 affirmant3
493 3016 542 3052 sed
556 3018 707 3064 accipiunt
720 3029 777 3063 pro
791 3015 912 3062 publicai
925 3016 985 3049 Ec-

233 3065 325 3100 clcfiae
339 3066 398 3100 fide
411 3091 422 3106 ,
447 3079 486 3099 eo
500 3068 585 3113 quod
599 3065 731 3101 Ecclesia
744 3067 774 3099 in
789 3065 845 3099 suis
858 3065 986 3111 liturgiis

232 3115 344 3149 eodem
362 3116 411 3150 die
420 3116 553 3162 Januarii
571 3114 682 3150 scilicet
700 3114 782 3149 sexto
796 3114 913 3150 Christi
933 3115 985 3147 ba-

233 3162 375 3213 ptismum
395 3168 427 3198 &
448 3165 628 3198 miraculum
647 3166 677 3199 in
696 3165 809 3211 nuptiis
832 3163 966 3200 celebret
976 3188 985 3202 ,

232 3213 314 3262 quasi
327 3214 388 3249 hoc
403 3212 519 3249 factum
538 3211 636 3249 fuisset
648 3215 696 3250 die
709 3213 775 3263 ipso
787 3211 986 3252 anniversario

1019 2277 1237 2311 Pontificatum
1254 2275 1358 2322 (quod
1376 2274 1512 2321 plerique
1533 2285 1594 2308 tam
1614 2272 1772 2309 Pontificii

1015 2339 1108 2373 quam
1132 2323 1337 2360 Protestantes
1361 2323 1530 2369 explodunt
1545 2335 1576 2357 ut
1590 2321 1768 2369 absurdum)

1015 2370 1662 2419 nontameneffctargumcntuminfallibile.
1687 2373 1771 2405 Nam

1015 2422 1120 2470 primo
1134 2423 1187 2469 qui
1201 2434 1296 2455 unum
1309 2430 1428 2454 tantum
1447 2432 1559 2453 annum
1579 2419 1696 2453 Christi
1715 2422 1771 2454 mi-

1016 2471 1143 2506 nisterio
1155 2470 1324 2505 attribuunt
1332 2482 1385 2517 per
1397 2469 1459 2503 hoc
1467 2480 1681 2517 argumentum
1690 2468 1771 2504 suam

1017 2520 1193 2556 sententiam
1202 2518 1321 2567 possent
1329 2518 1512 2553 confirmare
1521 2544 1530 2559 ,
1545 2531 1618 2552 nam
1631 2519 1661 2552 in
1671 2520 1772 2552 Euan-

1016 2572 1099 2619 gelio
1114 2583 1179 2605 non
1198 2570 1327 2616 legimus
1346 2567 1514 2615 expressum
1531 2571 1623 2601 Amzae
1638 2571 1669 2603 &
1682 2570 1772 2616 [dja-

1013 2621 1071 2670 phae
1084 2619 1317 2655 Pontificatum,
1332 2617 1387 2651 nisi
1400 2618 1432 2651 in
1444 2630 1524 2650 anno
1533 2616 1709 2664 baptismi&
1718 2631 1772 2652 an-

1018 2683 1060 2704 no
1073 2671 1182 2704 crucis.
1213 2669 1301 2715 Ergo
1315 2669 1393 2701 inter
1405 2665 1588 2713 baptismum
1604 2671 1634 2702 ὃ(
1647 2681 1771 2702 crucem

1018 2721 1107 2754 unius
1115 2718 1233 2753 tantum
1246 2719 1315 2751 anni
1330 2715 1387 2750 fnit
1399 2717 1597 2751 intervallum.
1616 2718 1769 2752 Secundo.

1021 2771 1087 2819 Qi
1100 2770 1238 2817 quinque
1251 2778 1301 2802 aut
1319 2765 1367 2801 sex
1386 2779 1482 2800 annos
1503 2766 1676 2800 ministerio
1696 2768 1770 2801 Do-

1020 2820 1096 2853 mini
1114 2819 1284 2852 attribuunt
1302 2813 1389 2864 aeque
1409 2814 1529 2862 possent
1547 2817 1583 2850 ad
1603 2815 1665 2850 hoc
1681 2829 1771 2864 argu-

1019 2878 1158 2902 mentum
1176 2865 1345 2914 confugere
1360 2890 1368 2902 ,
1392 2878 1463 2898 nam
1476 2877 1508 2899 ut
1527 2865 1668 2899 Nisbetus
1682 2864 1771 2912 (aja-

1015 2917 1075 2966 pha
1094 2916 1296 2952 Pontificatus
1316 2917 1347 2949 in
1365 2927 1455 2948 cruce
1474 2926 1613 2949 numerat
1632 2926 1770 2962 quartam

1018 2968 1115 3003 vicem
1122 2967 1160 3000 ab
1170 2968 1262 3000 Annae
1269 2963 1456 3001 Pontificatu
1465 2964 1494 2997 in
1503 2962 1653 3012 baptismo
1661 2990 1669 3004 ,
1684 2965 1771 3013 qnid-

1019 3018 1050 3050 ni
1061 3018 1200 3064 Keplerns
1213 3014 1325 3050 sextam
1339 3026 1404 3049 eam
1418 3014 1515 3047 vicem
1529 3014 1673 3060 appellet:
1688 3015 1770 3050 certe

1018 3078 1082 3100 non
1101 3064 1271 3098 infirmiora
1284 3059 1444 3097 arbitratur
1462 3065 1601 3112 Καρίῳ-ιω
1619 3062 1668 3097 sua
1681 3076 1771 3111 argu-

1018 3125 1121 3148 menta
1133 3115 1245 3161 quibus
1263 3113 1376 3160 probat
1395 3110 1443 3145 sex
1460 3125 1556 3146 anuos
1575 3114 1652 3146 inter
1670 3113 1770 3160 bapti-

1019 3163 1115 3198 smum
1129 3168 1160 3198 &
1174 3176 1296 3198 crucem
1310 3160 1440 3200 fluxisse,
1451 3162 1592 3209 adeoque
1605 3162 1724 3196 omissas
1739 3164 1769 3195 in

1019 3213 1190 3261 Evangelio
1207 3223 1339 3261 quatuor
1363 3211 1447 3244 vices
1469 3209 1655 3246 Pontificum
1677 3211 1769 3254 qnam

1349 3262 1463 3298 μανίην
1490 3274 1501 3306 3
1664 3259 1772 3292 Nube--
