2048 3343
128 1069 244 1098 solvitur

125 1120 150 1148 pt
157 1115 263 1145 rSynar-

127 1150 216 1179 thiam.

128 1660 237 1685 Joramus

129 1706 229 1736 regnare

128 1743 218 1774 ineeplt

128 1788 207 1819 palrls

134 1832 142 1849 1
154 1832 168 1855 7
182 1831 214 1850 w*
223 1829 235 1846 2
242 1829 265 1846 z.

134 1871 168 1892 (5-
181 1860 240 1899 pos‘b

127 1913 176 1937 ejus
185 1913 247 1930 mor-

129 1953 184 1972 tem.

132 2194 257 2235 &ma-vit

128 2248 201 2265 annis
211 2246 270 2274 qua·

133 2287 186 2307 tuor
203 2286 236 2306 <7

131 2327 203 2347 ettam
210 2318 269 2346 0270.

136 2850 193 2880 ,βίη
206 2848 270 2875 Elim

130 2889 263 2928 posimor-

133 2937 178 2957 lem
188 2930 252 2965 siri-

133 2971 205 3007 pserrt
214 2971 264 3006 cpi-

128 3012 213 3045 stolas.

274 107 326 149 73
606 95 930 132 ovanxs

248 181 252 185 ⁴
277 167 422 204 Israelita:
435 190 445 206 ‚
469 165 618 211 adeoque
637 162 790 212 patrissui
802 161 957 198 vicesimo
973 159 1019 195 se-

277 218 402 254 cundo.
437 216 592 261 Denique
610 215 694 248 exiis
706 214 785 249 locis
797 212 934 246 habetur
946 211 1019 257 lost»-

270 271 396 318 'pbatum
431 263 514 298 ultra
545 265 696 311 quintum
731 273 854 295 annum
880 261 1022 296 rehorami

281 317 443 354 israelitae,
460 314 610 359 adeoque
629 314 772 359 primum
792 313 898 345 iorami'
911 307 1022 343 filiisui

283 363 428 413 regnasse
444 375 507 398 tres
528 373 584 395 aut
610 372 754 407 quatuor
771 359 880 394 adhuc
900 370 1024 398 anuos,

284 424 525 460 mortuumque
543 422 611 445 non
627 421 703 443 aute
722 411 879 443 oistavum
900 419 1026 442 autno-

282 477 362 499 num
375 461 515 499 rehorasm'
528 458 670 493 Israelita:
683 483 691 495 ‚
703 460 735 492 in
747 462 839 505 cujus
848 458 1028 492 undecimo-

285 524 437 548 mortuus
448 504 770 554 estloramusIofhphati
783 532 791 546 ‚
811 511 844 543 δε
864 506 1023 541 duodeci-

285 575 344 597 mo
358 574 393 596 ac
406 559 524 594 ultimo
535 558 660 592 occisus
670 558 711 591 est
722 556 738 590 εἰ
750 558 815 591 lehn
828 567 894 588 tam
907 550 1026 587 iehora-

285 625 346 648 mm
359 611 465 646 Achabi
476 609 573 656 quim
589 609 731 643 Aclmzias
742 607 859 643 loram,
870 605 901 635 in
916 603 1025 650 primo

284 661 429 709 suiregni
443 655 732 703 Hierosolymitani
744 664 843 686 auno.

334 710 410 756 Jam
438 708 516 742 vero
542 704 598 753 qui
616 703 721 749 potuit
744 709 871 736 loramus
889 699 1029 747 Iolbpliati

286 761 348 794 tria
359 756 503 793 habuisse
515 752 669 801 regnandi
688 751 846 797 principia
857 774 866 789 ,
885 761 1028 797 primum

285 805 436 857 patrissui
452 806 584 840 decimo
596 800 751 848 septimo,
762 798 937 833 secundum
950 796 1028 841 ejus-

285 858 362 891 dem
381 854 534 890 vicesimo
551 849 698 886 secundo
720 873 730 889 ,
757 852 791 883 ὃ(
810 847 943 881 tertium
958 845 1029 891 post

286 906 388 953 patris
409 913 552 937 mortem
570 899 668 934 finito
687 901 757 943 ejus
770 909 860 930 anno
875 894 1030 929 vicesimo

284 956 427 1000 quinto?
455 949 645 996 Quomodo
663 948 759 981 etiam
780 944 1033 992 regnssssctotics

284 1003 402 1038 dicitur
413 1004 506 1035 annis
519 1001 611 1037 οέὶο,
623 995 698 1031 cum
711 995 727 1030 a
740 1006 848 1029 morte
861 995 961 1040 patris
973 1005 1031 1026 an-

286 1064 346 1086 nos
358 1062 501 1098 quatuor
515 1060 583 1082 non
597 1044 838 1092 compleverit?
859 1042 1031 1088 Relp.1sta

286 1104 400 1135 omnia
413 1099 514 1133 nostri
526 1097 658 1132 solvunt
671 1119 679 1131 ‚
695 1093 782 1129 bona
795 1105 869 1128 cum
883 1089 1031 1126 docriffi-

286 1163 421 1185 morum
454 1148 541 1197 apud
569 1142 765 1180 Pontificios
792 1142 1030 1189 (hronologo-

285 1213 355 1234 rum
369 1197 486 1247 gratia,
505 1209 561 1245 per
573 1206 676 1230 unum
697 1191 943 1240 Synarchiarum
956 1190 1030 1224 fun-

283 1251 497 1285 damentum.
534 1248 635 1290 Ajunt
655 1269 664 1284 ,
690 1240 929 1289 utfrequenter
942 1239 1031 1287 apud

284 1298 361 1333 alias
385 1308 498 1345 gentes
519 1297 562 1328 ita
585 1306 652 1327 non
679 1292 752 1327 rato
771 1292 854 1338 apud
873 1289 1030 1336 Judaeos,

286 1347 380 1382 simul
392 1359 466 1380 cum
480 1342 627 1392 patribus
639 1338 780 1389 regnasse
792 1340 875 1374 filios
892 1364 902 1380 ‚
925 1339 974 1372 vel
994 1349 1029 1371 ut

285 1400 448 1443 Proreges
466 1399 497 1429 ὃ(
517 1394 622 1439 Regni
644 1391 966 1436 vicariosinpattum
979 1388 1025 1421 in—

284 1445 440 1481 firmitate
451 1456 505 1478 aut
517 1439 657 1477 absentia
668 1452 755 1475 extra
768 1450 905 1486 regnum
916 1463 926 1479 ‚
936 1437 1031 1472 velut

284 1508 383 1530 vetos
406 1495 512 1540 Reges
526 1518 536 1534 ,
553 1493 629 1525 cum
641 1491 679 1524 ad
693 1488 919 1523 stabiliendum
932 1487 964 1520 in
977 1485 1030 1521 sua

283 1543 409 1578 familxa
424 1545 594 1590 Regnum,
607 1539 750 1588 patribus
765 1536 794 1572 se
806 1538 886 1571 vivis
898 1535 980 1570 filios
997 1537 1029 1569 in

282 1591 355 1627 solii
375 1597 409 1627 &
426 1603 559 1625 coronae
576 1588 763 1623 societatem
784 1587 959 1621 admittere
986 1585 1030 1620 vi-

284 1642 354 1678 sum
366 1641 599 1677 est.1carora2no
611 1639 669 1672 tria
678 1636 838 1685 regnandi
851 1637 942 1669 initia
954 1647 1030 1669 con-

284 1691 419 1725 stituunt
436 1713 445 1726 ‚
469 1691 613 1737 primum
635 1699 732 1734 patris
745 1684 1029 1731 decimoseptimo,

286 1741 361 1776 cum
373 1740 413 1775 ad
427 1736 642 1787 periculosam
662 1736 751 1770 illam
764 1734 824 1769 unii
833 1747 906 1769 cum
920 1734 1029 1769 Acbabo

287 1801 404 1823 contra
423 1797 501 1838 Syros
523 1788 674 1822 militiam
693 1785 821 1831 Iosbphat
836 1795 925 1818 extra
937 1783 1028 1817 suum

289 1841 443 1885 Regnum
455 1837 658 1884 procederet,
671 1847 777 1881 neque
789 1844 901 1866 tamen
913 1832 1032 1866 abhoc

289 1888 453 1936 principio
467 1888 547 1920 ocio
559 1887 633 1918 anni
645 1886 750 1920 lorami
760 1882 865 1916 solent
877 1894 1031 1916 numera-

288 1939 315 1971 ti
334 1955 343 1977 ς
369 1949 445 1970 nam
464 1934 521 1970 etsi
543 1946 615 1968 tum
639 1932 759 1966 vicaria
777 1934 846 1976 ejus
865 1933 898 1964 in
917 1932 1035 1978 Regno

286 1984 547 2020 administrando
560 1982 659 2030 operi
679 1993 767 2030 pater
778 1980 851 2016 usus
866 1979 902 2014 sit
916 2006 924 2019 ,
944 1991 1032 2013 non—

286 2035 366 2068 dum
387 2046 496 2068 tamen
513 2035 547 2066 in
566 2034 697 2079 plenum
715 2035 764 2075 jus
781 2035 812 2065 &
831 2028 1033 2063 constantem

285 2085 398 2130 sceptri
414 2084 605 2118 societatem
625 2093 701 2116 eum
712 2078 879 2115 adscivisse
890 2079 1036 2114 videtur:

290 2133 341 2167 hic
354 2133 468 2166 honor
480 2140 590 2167 loramo
602 2130 731 2165 delatus
746 2129 791 2163 est
812 2141 882 2163 non
894 2139 969 2162 ante
982 2140 1035 2175 pa-

290 2183 347 2216 tris
360 2193 482 2214 annum
493 2179 683 2214 vicesimum
695 2177 888 2214 secundum.
909 2178 954 2210 Ex
965 2189 1034 2223 quo

290 2231 453 2277 principio
476 2230 550 2263 anni
577 2227 675 2274 ipsius
700 2229 780 2261 octo
806 2238 933 2260 currere
959 2227 1037 2258 inci-

291 2282 405 2328 piunt:
421 2278 602 2312 solitarium
615 2287 724 2309 autem
740 2279 808 2320 ejus
820 2286 954 2321 regnum
967 2285 1036 2306 non

290 2328 348 2363 nili
367 2328 438 2376 post
458 2328 557 2374 patris
577 2336 719 2358 mortem
745 2325 854 2370 potuit
876 2322 1036 2363 inchoari,

289 2390 350 2412 nec
370 2377 453 2411 ultra
473 2386 618 2423 quatuor
635 2385 742 2407 annos
762 2373 948 2420 perdurare.
982 2375 1036 2404 In-

289 2428 395 2462 voluti
406 2422 675 2471 satis&petplexi
694 2422 726 2455 hi
745 2422 823 2456 nodi
843 2420 882 2455 sic
899 2424 963 2467 jam
982 2419 1033 2454 so-

286 2476 355 2510 lent
381 2476 397 2510 a
418 2473 716 2521 Chronologorum
745 2469 967 2506 celeberrimis
985 2482 1037 2504 cx-

286 2525 402 2574 pediti.

455 2621 529 2658 Qu
551 2624 588 2649 AE
609 2622 625 2648 s
648 2621 674 2647 T
703 2621 716 2648 1
739 2621 765 2648 o
815 2617 866 2648 ix.

382 2694 498 2741 Epistola
510 2693 585 2726 Eliae
598 2693 636 2725 ad
646 2691 816 2736 Joramutn
828 2688 939 2734 quando

571 2741 679 2787 scripta
683 2739 724 2783 stt
735 2742 750 2771 ?

364 2823 476 2859 umas
486 2819 594 2857 nono,
619 2818 809 2864 Qomodo
822 2816 1036 2851 2Chr0n.21.

366 2886 390 2906 v.
407 2886 458 2906 12.
492 2869 628 2905 scribere
648 2869 795 2915 potuerit
816 2868 887 2900 Elias
904 2865 946 2899 ad
960 2871 1037 2899 lora-

292 2933 369 2955 mum
381 2922 516 2968 lofhpbati
526 2919 655 2965 aliquot
666 2918 758 2950 annis
770 2915 842 2963 post
851 2914 937 2948 suam
949 2925 1039 2947 mor.

293 2982 373 3010 tem,
386 2973 418 3004 in
432 2970 568 3017 epistola
580 2968 624 3002 ob
638 2964 880 3004 Idololatriam,
896 2962 1038 2997 fratrici-

293 3018 398 3058 dium,
412 3023 445 3053 &
459 3018 519 3052 alia
533 3026 716 3065 perpetrata
727 3015 855 3054 scelera,
867 3012 1038 3046 inrtstino-

292 3078 365 3099 rum
387 3069 538 3101 morbum
567 3071 600 3100 &
623 3065 768 3099 miletam
784 3063 1039 3097 morteminter-

294 3114 462 3149 minante:
482 3129 553 3149 nam
569 3117 639 3149 Elias
647 3115 770 3161 aliquot
780 3114 870 3146 annis
880 3121 951 3144 ante
963 3110 1039 3156 Ioso-

289 3164 528 3210 phatimortem
538 3163 580 3198 est
594 3159 941 3201 incoelumtranssatus
960 3171 968 3195 ι
987 3160 1036 3195 vi-

993 91 1468 130 H1sToR1c1

1069 163 1182 198 demus
1203 165 1290 198 enim
1319 177 1338 198 2
1354 165 1438 210 Reg.
1463 177 1492 210 3.
1528 163 1600 211 post
1622 162 1814 199 transsatum

1071 215 1162 247 filiam
1181 211 1358 261 Iosophatum
1382 225 1460 247 cum
1483 213 1627 259 Regibus
1646 213 1764 249 lstae'lis
1781 217 1815 248 &-

1072 261 1221 296 Idumaeae
1235 273 1350 296 contra
1380 261 1549 296 Moabitas
1561 261 1754 298 militantem
1775 261 1817 296 ab

1073 311 1170 348 Eliizaeo
1194 310 1354 358 Propheta
1375 311 1521 358 praeseuti
1543 312 1642 344 exitio
1657 321 1820 359 ereptum.

1074 361 1165 393 Num
1179 361 1247 395 Elias
1258 361 1298 394 de
1311 359 1399 394 coelo
1419 359 1488 394 suas
1502 359 1654 405 epistolas
1673 362 1710 393 ad
1729 372 1820 393 rnor-

1073 410 1154 442 tales
1172 409 1432 444 transmittebat?
1460 407 1559 455 Rcsp.
1580 408 1820 456 Quemadmo-

1074 457 1153 491 dum
1164 457 1247 503 isaim
1256 456 1364 505 spiritu
1376 458 1570 506 prophetico
1583 459 1727 504 praevidit
1739 469 1822 505 prae-

1076 505 1224 552 dixitque
1235 533 1244 546 ,
1265 519 1335 553 quae
1351 516 1438 555 Cyrus
1447 508 1593 540 centenis
1605 509 1728 553 aliquot
1746 506 1822 554 post.

1075 554 1165 589 suam
1179 566 1322 589 moi-tem
1334 557 1426 589 annis
1444 580 1454 596 ,
1481 558 1515 588 &
1539 555 1821 601 Achiasquaelqfias:

1075 605 1118 637 ita
1154 607 1226 639 Elias
1261 604 1368 639 divina
1395 605 1596 639 revelatione
1622 604 1825 652 cognoscens

1074 665 1145 699 quae
1156 655 1228 702 post
1240 665 1381 700 quatuor
1396 664 1452 687 aut
1465 654 1610 699 quinque
1629 666 1734 687 annos
1746 664 1824 699 per-

1076 714 1257 748 petraturus
1269 715 1334 738 erat
1350 711 1484 740 loramus,
1503 713 1579 737 ante
1590 701 1676 736 suam
1688 700 1824 736 transsa-

1078 756 1202 786 tionem
1227 765 1298 787 eam
1318 751 1487 800 epistolam
1501 753 1643 785 exaravit
1661 776 1671 789 ‚
1695 750 1747 786 sed
1759 761 1827 784 tra-

1079 800 1222 834 dendam
1234 813 1382 848 tempore
1393 811 1587 850 opportuno
1601 801 1671 848 post
1683 801 1774 835 suum
1792 801 1826 833 in

1080 851 1181 882 coelos
1201 851 1364 883 ascensum
1389 863 1397 888 ς
1422 849 1709 896 quemadmodum
1738 850 1827 883 varia

1083 897 1237 931 mandata
1255 898 1349 931 dedit
1373 899 1413 933 de
1427 899 1540 932 vicinis
1553 899 1694 946 Rtgibus
1704 899 1827 932 Israelis

1083 950 1115 980 &
1135 944 1286 979 Damasci
1312 946 1414 984 Elizaeo
1435 956 1510 978 ante
1528 945 1615 980 suam
1641 947 1829 982 transsatio-

1083 1007 1157 1028 nem
1170 1020 1179 1033 ,
1199 1007 1270 1041 quae
1283 1006 1347 1027 non
1366 993 1421 1028 nisi
1431 996 1505 1042 post
1519 995 1643 1040 aliquot
1653 1008 1754 1030 annos
1766 997 1828 1030 Eli-

1080 1057 1153 1078 zaeus
1163 1055 1346 1089 exequutus
1358 1044 1445 1077 estin
1457 1043 1617 1079 unctione
1632 1047 1700 1080 lehn
1713 1049 1747 1080 ὅ(-
1759 1051 1827 1080 Ha-

1080 1096 1174 1131 zaetis
1188 1106 1200 1128 1
1215 1094 1299 1140 Reg.
1310 1105 1361 1136 19.
1376 1105 1424 1128 v.r
1436 1104 1466 1139 5.

1260 1192 1567 1231 QUAESTIO
1609 1192 1644 1220 x.

1079 1265 1228 1312 Quomodo
1250 1262 1407 1297 Achaz'ias
1426 1275 1542 1311 regnare
1557 1265 1667 1310 coeperit
1688 1274 1762 1298 anno
1774 1263 1827 1310 fito

1152 1320 1185 1352 (5
1209 1314 1333 1360 vicefimo
1348 1313 1523 1410 [εῗιῖιιίοάώ
1543 1312 1755 1362 quadrage-fimo

1400 1375 1466 1398 <cun
1489 1366 1527 1398 o?

1158 1443 1270 1478 Uaeras
1290 1441 1422 1479 decimo
1442 1468 1452 1481 ‚
1484 1442 1557 1491 Qi
1576 1443 1770 1478 concilietur
1781 1442 1829 1478 se·
1847 1443 1962 1474 Dubium

1159 1495 1283 1527 cundus
1297 1497 1341 1528 2(
1352 1493 1582 1528 hron.22.v.z.
1599 1504 1673 1527 curn
1687 1494 1827 1540 2Reg.8.
1846 1485 1920 1535 PJ‘W‘*

1079 1555 1107 1577 v-
1123 1552 1178 1585 25.
1204 1544 1307 1589 priori
1324 1544 1412 1577 enim
1433 1545 1510 1578 loco
1536 1543 1678 1578 Achaeus
1704 1541 1826 1575 dicitur
1847 1533 1899 1555 “²¹¹³
1924 1538 1956 1595 ”d

1079 1591 1298 1640 quadraginta
1314 1593 1457 1627 duorum
1479 1603 1639 1625 annorum
1654 1589 1730 1624 cum
1742 1590 1823 1623 inci-
1841 1568 1988 1638 52:222:

1080 1652 1170 1689 peret
1191 1654 1324 1690 regnare
1341 1669 1349 1681 ,
1376 1641 1542 1688 posteriori
1561 1640 1680 1674 dicitur
1690 1637 1824 1687 regnasse
1843 1627 1954 1686 regnart'

1079 1702 1169 1724 anno
1180 1692 1281 1724 aetatis
1293 1690 1597 1725 vicesimosecundo
1612 1693 1625 1724 ?
1657 1687 1756 1737 Resp.
1772 1686 1826 1724 U·-
1845 1691 1995 1727 coeperitor

1078 1751 1158 1773 num
1171 1740 1234 1772 hoc
1245 1739 1289 1773 est
1302 1752 1337 1773 ex
1353 1740 1389 1773 iis
1402 1764 1411 1780 ,
1429 1752 1499 1786 quae
1512 1739 1664 1773 dicuntur
1676 1737 1765 1776 οὲλυᾶ
1775 1740 1827 1772 in-
1845 1740 1909 1758 anno
1923 1739 1969 1760 ²²·

1080 1786 1230 1823 solubilia
1258 1802 1267 1821 :
1297 1789 1421 1823 Multas
1440 1789 1536 1823 multi
1556 1789 1735 1823 attulerunt
1758 1799 1828 1821 tam
1847 1780 1940 1806 ‘⁹4²'

1083 1850 1169 1872 nunc
1181 1837 1280 1885 qudm
1294 1840 1374 1873 olim
1387 1838 1484 1883 hujus
1497 1836 1579 1870 nodi
1592 1837 1782 1877 solutioneS,
1793 1840 1830 1871 86

1082 1889 1165 1921 exiis
1178 1899 1274 1930 quam
1287 1886 1423 1934 quisque
1443 1887 1533 1920 volet
1548 1910 1556 1926 ,
1573 1887 1671 1932 eligat
1688 1900 1695 1925 ;
1724 1886 1831 1920 fateor

1084 1935 1228 1971 deserere
1248 1949 1305 1970 nos
1321 1936 1372 1970 hic
1385 1948 1470 1982 quos
1494 1936 1635 1969 maxime
1654 1934 1728 1969 alias
1739 1947 1832 1968 ama-

1085 1998 1157 2020 mus
1172 1985 1269 2033 sequi.
1304 1986 1415 2032 Qod
1429 1987 1555 2032 Scaliger
1565 1983 1739 2031 respondet
1754 1995 1831 2017 cum

1086 2037 1196 2069 multis
1213 2036 1282 2069 aliis
1304 2037 1342 2069 de
1369 2045 1526 2081 corrupto
1549 2044 1637 2068 teXtu
1661 2032 1830 2067 Hebraico

1086 2084 1225 2118 maxime
1236 2086 1387 2118 omnium
1400 2084 1561 2131 displicet.
1578 2084 1664 2128 Qae
1675 2082 1833 2120 Dendatm,

1089 2137 1198 2171 Voetius
1209 2159 1219 2174 ‚
1237 2138 1270 2168 &
1290 2136 1428 2168 Henrt'cus
1441 2135 1559 2177 Plnlippt
1577 2129 1717 2164 afferunt
1729 2130 1770 2164 de
1783 2132 1834 2163 vi-

1084 2184 1167 2229 ginti
1178 2184 1280 2218 annis,
1290 2194 1376 2226 quos
1389 2183 1555 2215 Achaziam
1574 2177 1636 2213 una
1651 2191 1725 2212 cum
1739 2189 1834 2226 patre

1084 2238 1193 2265 loramo
1205 2228 1344 2277 regnalse
1357 2229 1472 2263 volunt
1490 2253 1500 2269 ,
1527 2228 1607 2262 adeo
1632 2227 1780 2275 perplexa
1798 2231 1835 2262 δε

1085 2278 1215 2311 insolita
1226 2277 1478 2323 sunt‚omnique
1489 2276 1601 2311 solido
1614 2276 1835 2311 fundamento

1087 2327 1242 2361 destituta
1255 2326 1409 2361 videntur
1419 2352 1429 2367 ‚
1445 2338 1480 2361 ut
1492 2325 1647 2360 assensum
1660 2328 1697 2360 iis
1709 2325 1837 2374 praebe-

1087 2389 1120 2411 re
1131 2388 1351 2423 nequeamus:
1374 2374 1506 2424 placent
1518 2378 1621 2423 magis
1632 2389 1702 2422 quae
1717 2378 1838 2409 Anno-

1087 2428 1230 2460 tationes
1251 2427 1398 2472 Anglicae
1421 2451 1431 2467 ‚
1459 2431 1490 2460 b<
1511 2427 1558 2459 vir
1577 2426 1693 2459 doetus
1713 2437 1749 2458 ac
1766 2426 1838 2471 pius

1089 2475 1254 2510 Guilielmus
1265 2476 1324 2520 Νι]
1325 2476 1398 2509 laetus
1410 2474 1506 2508 habet
1515 2487 1551 2508 ex
1562 2477 1657 2509 lunio.-
1669 2473 1684 2507 s
1685 2476 1791 2507 cilicet
1800 2474 1834 2505 in

1089 2525 1258 2573 posteriori
1269 2521 1347 2557 loco
1360 2523 1471 2558 haberi
1486 2534 1612 2557 aetatem
1627 2524 1758 2556 Aclmziae
1769 2545 1777 2559 ‚
1797 2523 1833 2554 &
1852 2539 1985 2577 ,AcbaZ'ae

1087 2572 1298 2608 durationem
1318 2572 1416 2618 ipsius
1429 2575 1499 2606 vitae
1511 2596 1519 2610 ‚
1539 2573 1572 2604 in
1583 2572 1678 2617 priori
1690 2570 1832 2604 duratio·
1850 2581 1901 2607 alia
1915 2579 1992 2608 dura-

1089 2635 1164 2656 nem
1186 2634 1254 2656 non
1274 2619 1370 2665 ipfius
1382 2623 1454 2654 vitae
1466 2619 1515 2654 sed
1529 2631 1680 2654 maternae
1691 2618 1836 2658 famili-x,
1851 2624 1885 2649 tio
1899 2623 1958 2650 vite

1088 2683 1158 2717 quae
1180 2667 1355 2705 clariffimo
1375 2671 1434 2703 Dei
1450 2670 1572 2714 judicio
1594 2681 1636 2702 eo
1663 2669 1731 2717 ipso
1743 2680 1830 2702 anno
1851 2664 1966 2691 anama-

1089 2720 1229 2753 extintsta
1250 2718 1294 2752 est
1319 2731 1328 2752 :
1353 2717 1398 2751 ob
1416 2723 1507 2763 cujus
1528 2717 1658 2763 insignis
1685 2715 1832 2752 miraculi
1850 2704 1972 2771 “fria‘'

1089 2770 1283 2802 memoriam
1304 2766 1444 2801 calculus
1467 2768 1521 2801 hic
1544 2768 1676 2804 achazia
1692 2766 1833 2801 tributus
1852 2755 1932 2773 ''⁵³¹‘'

1088 2817 1144 2857 est,
1155 2818 1211 2863 qui
1224 2816 1341 2850 eodem
1355 2828 1454 2856 ann0,
1466 2829 1537 2850 cum
1553 2828 1665 2850 coetera
1677 2816 1783 2849 Achaht
1798 2819 1834 2848 &

1089 2863 1305 2901 omrtfamili‘ii
1316 2865 1426 2914 gladio
1446 2868 1512 2900 lehn
1530 2863 1674 2899 sublatus
1693 2865 1736 2897 est
1763 2877 1771 2897 z
1799 2874 1835 2897 ut

1087 2917 1236 2950 locorum
1250 2927 1317 2947 uno
1330 2927 1423 2948 verus
1441 2915 1512 2947 vitae
1528 2911 1624 2960 ipsius
1643 2925 1746 2947 annus
1765 2925 1836 2958 quo

1091 2965 1190 3009 coepit
1203 2974 1335 3007 regnare
1348 2963 1533 3008 designatus
1542 2962 1603 3001 est>
1619 2962 1662 2995 ita
1675 2964 1774 2995 altero
1788 2959 1837 2995 fa-

1091 3013 1187 3046 miliae
1204 3010 1289 3044 illius
1303 3009 1532 3044 infaustiffimae
1547 3012 1836 3044 terminusitidica-

1090 3072 1141 3095 tus
1151 3060 1207 3094 est.
1243 3059 1350 3099 Quod
1368 3069 1475 3092 autem
1497 3059 1767 3107 quadragefimus
1784 3059 1835 3093 se-

1089 3109 1215 3143 cundus
1241 3119 1344 3141 annus
1364 3119 1456 3140 verus
1482 3107 1570 3142 istius
1594 3108 1834 3144 sceleratiffitnae

1090 3155 1217 3194 familia:
1227 3159 1386 3192 terminus
1397 3155 1646 3207 fuerit,apparet
1654 3156 1832 3206 jungendo

1780 3204 1834 3240 sex
