<?xml version="1.0" encoding="UTF-8"?>
<!DOCTYPE html PUBLIC "-//W3C//DTD XHTML 1.0 Transitional//EN"
    "http://www.w3.org/TR/xhtml1/DTD/xhtml1-transitional.dtd">
<html xmlns="http://www.w3.org/1999/xhtml" xml:lang="en" lang="en">
 <head>
  <title>
</title>
<meta http-equiv="Content-Type" content="text/html;charset=utf-8" />
  <meta name='ocr-system' content='tesseract 3.04.00' />
  <meta name='ocr-capabilities' content='ocr_page ocr_carea ocr_par ocr_line ocrx_word'/>
</head>
<body>
  <div class='ocr_page' id='page_1' title='image "./operishistoricie00bail_0232.png"; bbox 0 0 2048 3343; ppageno 0'>
   <div class='ocr_carea' id='block_1_1' title="bbox 126 1470 2006 3247">
    <p class='ocr_par' dir='ltr' id='par_1_1' title="bbox 132 1470 2006 2503">
     <span class='ocr_line' id='line_1_1' title="bbox 137 1470 1850 1523; baseline 0 -17"><span class='ocrx_word' id='word_1_1' title='bbox 137 1484 240 1523; x_wconf 57' lang='lat' dir='ltr'>Rellqua</span> <span class='ocrx_word' id='word_1_2' title='bbox 343 1472 451 1516; x_wconf 88' lang='lat' dir='ltr'>Quod</span> <span class='ocrx_word' id='word_1_3' title='bbox 467 1473 559 1507; x_wconf 86' lang='lat' dir='ltr'>affert</span> <span class='ocrx_word' id='word_1_4' title='bbox 577 1474 746 1517; x_wconf 67' lang='lat' dir='ltr'>Buxroifius</span> <span class='ocrx_word' id='word_1_5' title='bbox 767 1474 806 1508; x_wconf 87' lang='lat' dir='ltr'>de</span> <span class='ocrx_word' id='word_1_6' title='bbox 823 1477 908 1510; x_wconf 68' lang='lat' dir='ltr'>Ezrae</span> <span class='ocrx_word' id='word_1_7' title='bbox 926 1470 997 1507; x_wconf 90' lang='lat' dir='ltr'>zelo</span> <span class='ocrx_word' id='word_1_8' title='bbox 1017 1474 1051 1507; x_wconf 88' lang='lat' dir='ltr'>in</span> <span class='ocrx_word' id='word_1_9' title='bbox 1096 1471 1161 1508; x_wconf 84' lang='lat' dir='ltr'>haec</span> <span class='ocrx_word' id='word_1_10' title='bbox 1172 1472 1277 1512; x_wconf 83' lang='lat' dir='ltr'>verba,</span> <span class='ocrx_word' id='word_1_11' title='bbox 1290 1471 1388 1519; x_wconf 72' lang='lat' dir='ltr'>quarn</span> <span class='ocrx_word' id='word_1_12' title='bbox 1403 1473 1476 1505; x_wconf 85' lang='lat' dir='ltr'>ullae</span> <span class='ocrx_word' id='word_1_13' title='bbox 1485 1482 1598 1505; x_wconf 88' lang='lat' dir='ltr'>contra</span> <span class='ocrx_word' id='word_1_14' title='bbox 1608 1472 1850 1507; x_wconf 61' lang='lat' dir='ltr'>distintffionem</span> 
     </span>
     <span class='ocr_line' id='line_1_2' title="bbox 136 1518 1853 1569; baseline 0.001 -15"><span class='ocrx_word' id='word_1_15' title='bbox 136 1524 261 1560; x_wconf 61' lang='lat' dir='ltr'>Buxtorfib⁴</span> <span class='ocrx_word' id='word_1_16' title='bbox 296 1520 398 1569; x_wconf 86' lang='lat' dir='ltr'>ipsam</span> <span class='ocrx_word' id='word_1_17' title='bbox 420 1523 565 1569; x_wconf 82' lang='lat' dir='ltr'>linguam</span> <span class='ocrx_word' id='word_1_18' title='bbox 584 1526 616 1557; x_wconf 64' lang='grc' dir='ltr'>ὃ(</span> <span class='ocrx_word' id='word_1_19' title='bbox 635 1524 741 1557; x_wconf 82' lang='lat' dir='ltr'>literas</span> <span class='ocrx_word' id='word_1_20' title='bbox 760 1523 936 1557; x_wconf 86' lang='lat' dir='ltr'>Hebraicas</span> <span class='ocrx_word' id='word_1_21' title='bbox 948 1547 957 1562; x_wconf 96' lang='lat'>,</span> <span class='ocrx_word' id='word_1_22' title='bbox 972 1524 1050 1557; x_wconf 88' lang='lat' dir='ltr'>dum</span> <span class='ocrx_word' id='word_1_23' title='bbox 1096 1523 1198 1556; x_wconf 85' lang='lat' dir='ltr'>allatae</span> <span class='ocrx_word' id='word_1_24' title='bbox 1209 1532 1361 1560; x_wconf 89' lang='lat' dir='ltr'>rationes,</span> <span class='ocrx_word' id='word_1_25' title='bbox 1373 1525 1403 1555; x_wconf 68' lang='grc' dir='ltr'>ὅ(</span> <span class='ocrx_word' id='word_1_26' title='bbox 1416 1518 1494 1554; x_wconf 72' lang='lat' dir='ltr'>vero</span> <span class='ocrx_word' id='word_1_27' title='bbox 1506 1521 1581 1554; x_wconf 88' lang='lat' dir='ltr'>licet</span> <span class='ocrx_word' id='word_1_28' title='bbox 1595 1520 1760 1555; x_wconf 72' lang='lat' dir='ltr'>distinffio</span> <span class='ocrx_word' id='word_1_29' title='bbox 1773 1522 1853 1555; x_wconf 86' lang='lat' dir='ltr'>riul-</span> 
     </span>
     <span class='ocr_line' id='line_1_3' title="bbox 136 1569 1853 1620; baseline -0.001 -15"><span class='ocrx_word' id='word_1_30' title='bbox 136 1576 260 1613; x_wconf 14' lang='lat' dir='ltr'>arguhmeri-</span> <span class='ocrx_word' id='word_1_31' title='bbox 296 1582 412 1618; x_wconf 86' lang='lat' dir='ltr'>pueros</span> <span class='ocrx_word' id='word_1_32' title='bbox 424 1571 606 1606; x_wconf 72' lang='lat' dir='ltr'>Ashdodice</span> <span class='ocrx_word' id='word_1_33' title='bbox 624 1575 656 1605; x_wconf 74' lang='grc' dir='ltr'>δε</span> <span class='ocrx_word' id='word_1_34' title='bbox 668 1572 896 1607; x_wconf 71' lang='grc' dir='ltr'>Αιηιτιοηίῑίεέ</span> <span class='ocrx_word' id='word_1_35' title='bbox 910 1573 1050 1620; x_wconf 88' lang='lat' dir='ltr'>loquen·</span> <span class='ocrx_word' id='word_1_36' title='bbox 1096 1572 1126 1605; x_wconf 87' lang='lat' dir='ltr'>la</span> <span class='ocrx_word' id='word_1_37' title='bbox 1137 1571 1226 1610; x_wconf 78' lang='lat' dir='ltr'>effer,</span> <span class='ocrx_word' id='word_1_38' title='bbox 1243 1583 1358 1618; x_wconf 90' lang='lat' dir='ltr'>parurn</span> <span class='ocrx_word' id='word_1_39' title='bbox 1378 1570 1453 1604; x_wconf 89' lang='lat' dir='ltr'>inde</span> <span class='ocrx_word' id='word_1_40' title='bbox 1469 1569 1582 1604; x_wconf 85' lang='lat' dir='ltr'>nostrae</span> <span class='ocrx_word' id='word_1_41' title='bbox 1602 1570 1701 1604; x_wconf 76' lang='lat' dir='ltr'>causae</span> <span class='ocrx_word' id='word_1_42' title='bbox 1715 1570 1853 1604; x_wconf 86' lang='lat' dir='ltr'>decede-</span> 
     </span>
     <span class='ocr_line' id='line_1_4' title="bbox 132 1608 1853 1676; baseline -0.001 -22"><span class='ocrx_word' id='word_1_43' title='bbox 132 1608 254 1676; x_wconf 46' lang='grc' dir='ltr'>ἰζῖιωώ·</span> <span class='ocrx_word' id='word_1_44' title='bbox 294 1631 343 1655; x_wconf 86' lang='lat' dir='ltr'>tes</span> <span class='ocrx_word' id='word_1_45' title='bbox 364 1620 554 1656; x_wconf 85' lang='lat' dir='ltr'>verberibus</span> <span class='ocrx_word' id='word_1_46' title='bbox 572 1633 609 1655; x_wconf 89' lang='lat' dir='ltr'>ac</span> <span class='ocrx_word' id='word_1_47' title='bbox 635 1623 848 1656; x_wconf 87' lang='lat' dir='ltr'>contumeliis</span> <span class='ocrx_word' id='word_1_48' title='bbox 872 1623 1050 1668; x_wconf 84' lang='lat' dir='ltr'>acciperet,</span> <span class='ocrx_word' id='word_1_49' title='bbox 1094 1631 1159 1660; x_wconf 88' lang='lat' dir='ltr'>ret,</span> <span class='ocrx_word' id='word_1_50' title='bbox 1187 1618 1242 1654; x_wconf 83' lang='lat' dir='ltr'>sed</span> <span class='ocrx_word' id='word_1_51' title='bbox 1263 1619 1432 1665; x_wconf 78' lang='lat' dir='ltr'>Buxtorfius</span> <span class='ocrx_word' id='word_1_52' title='bbox 1451 1632 1520 1653; x_wconf 88' lang='lat' dir='ltr'>eam</span> <span class='ocrx_word' id='word_1_53' title='bbox 1535 1619 1654 1666; x_wconf 86' lang='lat' dir='ltr'>probat</span> <span class='ocrx_word' id='word_1_54' title='bbox 1665 1631 1701 1653; x_wconf 87' lang='lat' dir='ltr'>ex</span> <span class='ocrx_word' id='word_1_55' title='bbox 1717 1618 1853 1666; x_wconf 85' lang='lat' dir='ltr'>Judaeis,</span> 
     </span>
     <span class='ocr_line' id='line_1_5' title="bbox 192 1659 1854 1719; baseline -0.001 -15"><span class='ocrx_word' id='word_1_56' title='bbox 192 1659 229 1678; x_wconf 80' lang='lat' dir='ltr'>ur.</span> <span class='ocrx_word' id='word_1_57' title='bbox 292 1671 389 1704; x_wconf 81' lang='lat' dir='ltr'>nimis</span> <span class='ocrx_word' id='word_1_58' title='bbox 407 1669 521 1705; x_wconf 87' lang='lat' dir='ltr'>leviter</span> <span class='ocrx_word' id='word_1_59' title='bbox 541 1670 645 1715; x_wconf 85' lang='lat' dir='ltr'>rejicit</span> <span class='ocrx_word' id='word_1_60' title='bbox 665 1669 793 1716; x_wconf 70' lang='lat' dir='ltr'>Capellus</span> <span class='ocrx_word' id='word_1_61' title='bbox 811 1670 953 1719; x_wconf 69' lang='lat' dir='ltr'>aliiigufi</span> <span class='ocrx_word' id='word_1_62' title='bbox 970 1675 1000 1706; x_wconf 71' lang='grc' dir='ltr'>ἃ</span> <span class='ocrx_word' id='word_1_63' title='bbox 1012 1672 1043 1705; x_wconf 89' lang='lat' dir='ltr'>li·</span> <span class='ocrx_word' id='word_1_64' title='bbox 1095 1682 1164 1704; x_wconf 91' lang='lat' dir='ltr'>non</span> <span class='ocrx_word' id='word_1_65' title='bbox 1177 1668 1280 1704; x_wconf 74' lang='lat' dir='ltr'>modo</span> <span class='ocrx_word' id='word_1_66' title='bbox 1296 1666 1610 1709; x_wconf 84' lang='lat' dir='ltr'>recentioribus‚sed</span> <span class='ocrx_word' id='word_1_67' title='bbox 1623 1668 1854 1715; x_wconf 84' lang='lat' dir='ltr'>antiquissimis</span> 
     </span>
     <span class='ocr_line' id='line_1_6' title="bbox 294 1717 1856 1768; baseline -0.001 -14"><span class='ocrx_word' id='word_1_68' title='bbox 294 1721 373 1754; x_wconf 88' lang='lat' dir='ltr'>tetis</span> <span class='ocrx_word' id='word_1_69' title='bbox 393 1719 432 1754; x_wconf 85' lang='lat' dir='ltr'>ad</span> <span class='ocrx_word' id='word_1_70' title='bbox 450 1719 517 1754; x_wconf 88' lang='lat' dir='ltr'>sola</span> <span class='ocrx_word' id='word_1_71' title='bbox 534 1720 879 1768; x_wconf 79' lang='lat' dir='ltr'>conjugiaJudaeorum</span> <span class='ocrx_word' id='word_1_72' title='bbox 897 1734 972 1755; x_wconf 90' lang='lat' dir='ltr'>cum</span> <span class='ocrx_word' id='word_1_73' title='bbox 990 1734 1049 1768; x_wconf 89' lang='lat' dir='ltr'>po·</span> <span class='ocrx_word' id='word_1_74' title='bbox 1097 1718 1273 1753; x_wconf 86' lang='lat' dir='ltr'>Talmudis</span> <span class='ocrx_word' id='word_1_75' title='bbox 1292 1730 1358 1753; x_wconf 91' lang='lat' dir='ltr'>tam</span> <span class='ocrx_word' id='word_1_76' title='bbox 1372 1719 1567 1766; x_wconf 82' lang='lat' dir='ltr'>Babylonici</span> <span class='ocrx_word' id='word_1_77' title='bbox 1585 1717 1680 1766; x_wconf 73' lang='lat' dir='ltr'>quam</span> <span class='ocrx_word' id='word_1_78' title='bbox 1694 1718 1856 1753; x_wconf 82' lang='lat' dir='ltr'>Hieroso-</span> 
     </span>
     <span class='ocr_line' id='line_1_7' title="bbox 289 1765 1855 1817; baseline -0.001 -14"><span class='ocrx_word' id='word_1_79' title='bbox 289 1770 375 1814; x_wconf 86' lang='lat' dir='ltr'>pulis</span> <span class='ocrx_word' id='word_1_80' title='bbox 385 1770 514 1809; x_wconf 87' lang='lat' dir='ltr'>vicinis,</span> <span class='ocrx_word' id='word_1_81' title='bbox 541 1782 616 1804; x_wconf 87' lang='lat' dir='ltr'>nam</span> <span class='ocrx_word' id='word_1_82' title='bbox 636 1783 703 1805; x_wconf 88' lang='lat' dir='ltr'>uon</span> <span class='ocrx_word' id='word_1_83' title='bbox 719 1768 776 1803; x_wconf 83' lang='lat' dir='ltr'>ista</span> <span class='ocrx_word' id='word_1_84' title='bbox 792 1768 923 1805; x_wconf 71' lang='lat' dir='ltr'>tanturn</span> <span class='ocrx_word' id='word_1_85' title='bbox 941 1783 1050 1817; x_wconf 87' lang='lat' dir='ltr'>repre·</span> <span class='ocrx_word' id='word_1_86' title='bbox 1094 1769 1243 1817; x_wconf 81' lang='lat' dir='ltr'>lymitani</span> <span class='ocrx_word' id='word_1_87' title='bbox 1256 1768 1460 1808; x_wconf 68' lang='lat' dir='ltr'>auetoribus,</span> <span class='ocrx_word' id='word_1_88' title='bbox 1474 1767 1591 1816; x_wconf 86' lang='lat' dir='ltr'>quibus</span> <span class='ocrx_word' id='word_1_89' title='bbox 1605 1765 1671 1815; x_wconf 86' lang='lat' dir='ltr'>ipse</span> <span class='ocrx_word' id='word_1_90' title='bbox 1681 1767 1855 1803; x_wconf 82' lang='lat' dir='ltr'>VValtonus</span> 
     </span>
     <span class='ocr_line' id='line_1_8' title="bbox 290 1816 1855 1858; baseline -0.001 -6"><span class='ocrx_word' id='word_1_91' title='bbox 290 1817 454 1853; x_wconf 82' lang='lat' dir='ltr'>hendebat</span> <span class='ocrx_word' id='word_1_92' title='bbox 477 1822 574 1855; x_wconf 61' lang='lat' dir='ltr'>Ezraes</span> <span class='ocrx_word' id='word_1_93' title='bbox 587 1843 595 1855; x_wconf 93' lang='lat'>‚</span> <span class='ocrx_word' id='word_1_94' title='bbox 621 1818 672 1854; x_wconf 87' lang='lat' dir='ltr'>sed</span> <span class='ocrx_word' id='word_1_95' title='bbox 698 1819 763 1853; x_wconf 87' lang='lat' dir='ltr'>hoc</span> <span class='ocrx_word' id='word_1_96' title='bbox 791 1821 889 1854; x_wconf 90' lang='lat' dir='ltr'>etiam</span> <span class='ocrx_word' id='word_1_97' title='bbox 914 1819 1047 1854; x_wconf 87' lang='lat' dir='ltr'>istorum</span> <span class='ocrx_word' id='word_1_98' title='bbox 1093 1820 1181 1853; x_wconf 83' lang='lat' dir='ltr'>suam</span> <span class='ocrx_word' id='word_1_99' title='bbox 1191 1817 1386 1853; x_wconf 85' lang='lat' dir='ltr'>sententiam</span> <span class='ocrx_word' id='word_1_100' title='bbox 1399 1816 1545 1857; x_wconf 76' lang='lat' dir='ltr'>firmare,</span> <span class='ocrx_word' id='word_1_101' title='bbox 1561 1819 1638 1851; x_wconf 88' lang='lat' dir='ltr'>licet</span> <span class='ocrx_word' id='word_1_102' title='bbox 1650 1816 1761 1852; x_wconf 87' lang='lat' dir='ltr'>frustra</span> <span class='ocrx_word' id='word_1_103' title='bbox 1775 1842 1785 1858; x_wconf 85' lang='lat'>‚</span> <span class='ocrx_word' id='word_1_104' title='bbox 1797 1830 1855 1853; x_wconf 89' lang='lat' dir='ltr'>co-</span> 
     </span>
     <span class='ocr_line' id='line_1_9' title="bbox 289 1866 1855 1917; baseline -0.001 -17"><span class='ocrx_word' id='word_1_105' title='bbox 289 1867 536 1902; x_wconf 87' lang='lat' dir='ltr'>connubiorum</span> <span class='ocrx_word' id='word_1_106' title='bbox 556 1867 708 1903; x_wconf 61' lang='lat' dir='ltr'>effectum</span> <span class='ocrx_word' id='word_1_107' title='bbox 728 1869 756 1902; x_wconf 90' lang='lat' dir='ltr'>ei</span> <span class='ocrx_word' id='word_1_108' title='bbox 778 1870 921 1917; x_wconf 82' lang='lat' dir='ltr'>graviter</span> <span class='ocrx_word' id='word_1_109' title='bbox 939 1868 1049 1916; x_wconf 86' lang='lat' dir='ltr'>displi—</span> <span class='ocrx_word' id='word_1_110' title='bbox 1095 1881 1204 1904; x_wconf 86' lang='lat' dir='ltr'>natur.</span> <span class='ocrx_word' id='word_1_111' title='bbox 1236 1868 1373 1902; x_wconf 85' lang='lat' dir='ltr'>Istorum</span> <span class='ocrx_word' id='word_1_112' title='bbox 1387 1867 1652 1902; x_wconf 84' lang='lat' dir='ltr'>testimoniorum</span> <span class='ocrx_word' id='word_1_113' title='bbox 1666 1866 1781 1913; x_wconf 57' lang='lat' dir='ltr'>magn&amp;</span> <span class='ocrx_word' id='word_1_114' title='bbox 1795 1880 1855 1900; x_wconf 89' lang='lat' dir='ltr'>co·-</span> 
     </span>
     <span class='ocr_line' id='line_1_10' title="bbox 287 1913 1851 1966; baseline -0.001 -16"><span class='ocrx_word' id='word_1_115' title='bbox 287 1918 357 1950; x_wconf 91' lang='lat' dir='ltr'>cuit</span> <span class='ocrx_word' id='word_1_116' title='bbox 369 1939 378 1954; x_wconf 87' lang='lat'>,</span> <span class='ocrx_word' id='word_1_117' title='bbox 406 1913 483 1950; x_wconf 73' lang='lat' dir='ltr'>cum</span> <span class='ocrx_word' id='word_1_118' title='bbox 503 1916 626 1951; x_wconf 82' lang='lat' dir='ltr'>audiret</span> <span class='ocrx_word' id='word_1_119' title='bbox 645 1917 832 1962; x_wconf 82' lang='lat' dir='ltr'>Judaeorum</span> <span class='ocrx_word' id='word_1_120' title='bbox 855 1918 978 1953; x_wconf 87' lang='lat' dir='ltr'>liberos</span> <span class='ocrx_word' id='word_1_121' title='bbox 995 1919 1047 1953; x_wconf 91' lang='lat' dir='ltr'>lo-</span> <span class='ocrx_word' id='word_1_122' title='bbox 1094 1918 1331 1966; x_wconf 69' lang='lat' dir='ltr'>piaaBuxtorfio</span> <span class='ocrx_word' id='word_1_123' title='bbox 1340 1917 1576 1965; x_wconf 65' lang='lat' dir='ltr'>productorum</span> <span class='ocrx_word' id='word_1_124' title='bbox 1590 1917 1728 1949; x_wconf 89' lang='lat' dir='ltr'>nullivel</span> <span class='ocrx_word' id='word_1_125' title='bbox 1741 1914 1851 1950; x_wconf 76' lang='lat' dir='ltr'>VVal-</span> 
     </span>
     <span class='ocr_line' id='line_1_11' title="bbox 286 1964 1851 2016; baseline -0.001 -17"><span class='ocrx_word' id='word_1_126' title='bbox 286 1975 424 2012; x_wconf 82' lang='lat' dir='ltr'>quentes</span> <span class='ocrx_word' id='word_1_127' title='bbox 448 1964 563 2012; x_wconf 62' lang='lat' dir='ltr'>lingua</span> <span class='ocrx_word' id='word_1_128' title='bbox 583 1965 829 2002; x_wconf 67' lang='lat' dir='ltr'>Palaestinorum</span> <span class='ocrx_word' id='word_1_129' title='bbox 841 1992 849 2004; x_wconf 94' lang='lat'>,</span> <span class='ocrx_word' id='word_1_130' title='bbox 875 1969 966 2016; x_wconf 89' lang='lat' dir='ltr'>quod</span> <span class='ocrx_word' id='word_1_131' title='bbox 982 1970 1047 2012; x_wconf 85' lang='lat' dir='ltr'>ejus</span> <span class='ocrx_word' id='word_1_132' title='bbox 1092 1980 1187 2004; x_wconf 81' lang='lat' dir='ltr'>tonus,</span> <span class='ocrx_word' id='word_1_133' title='bbox 1197 1968 1248 2004; x_wconf 86' lang='lat' dir='ltr'>vel</span> <span class='ocrx_word' id='word_1_134' title='bbox 1261 1967 1393 2015; x_wconf 68' lang='lat' dir='ltr'>capellus</span> <span class='ocrx_word' id='word_1_135' title='bbox 1413 1968 1589 2015; x_wconf 85' lang='lat' dir='ltr'>quicquam</span> <span class='ocrx_word' id='word_1_136' title='bbox 1606 1964 1805 2012; x_wconf 86' lang='lat' dir='ltr'>respondent</span> <span class='ocrx_word' id='word_1_137' title='bbox 1814 1966 1851 2012; x_wconf 78' lang='lat' dir='ltr'>in</span> 
     </span>
     <span class='ocr_line' id='line_1_12' title="bbox 284 2013 1285 2065; baseline 0.003 -18"><span class='ocrx_word' id='word_1_138' title='bbox 284 2015 392 2048; x_wconf 90' lang='lat' dir='ltr'>zelum</span> <span class='ocrx_word' id='word_1_139' title='bbox 406 2013 562 2061; x_wconf 85' lang='lat' dir='ltr'>fignificat</span> <span class='ocrx_word' id='word_1_140' title='bbox 573 2027 640 2051; x_wconf 91' lang='lat' dir='ltr'>non</span> <span class='ocrx_word' id='word_1_141' title='bbox 653 2013 783 2051; x_wconf 74' lang='lat' dir='ltr'>tantum</span> <span class='ocrx_word' id='word_1_142' title='bbox 795 2029 909 2052; x_wconf 86' lang='lat' dir='ltr'>contra</span> <span class='ocrx_word' id='word_1_143' title='bbox 921 2030 1047 2053; x_wconf 89' lang='lat' dir='ltr'>connu-</span> <span class='ocrx_word' id='word_1_144' title='bbox 1094 2018 1285 2065; x_wconf 74' lang='lat' dir='ltr'>particulari.</span> 
     </span>
     <span class='ocr_line' id='line_1_13' title="bbox 286 2059 2006 2115; baseline -0.001 -18"><span class='ocrx_word' id='word_1_145' title='bbox 286 2062 339 2098; x_wconf 86' lang='lat' dir='ltr'>bia</span> <span class='ocrx_word' id='word_1_146' title='bbox 352 2087 362 2100; x_wconf 91' lang='lat'>‚</span> <span class='ocrx_word' id='word_1_147' title='bbox 384 2062 437 2098; x_wconf 89' lang='lat' dir='ltr'>sed</span> <span class='ocrx_word' id='word_1_148' title='bbox 456 2065 554 2098; x_wconf 84' lang='lat' dir='ltr'>etiam</span> <span class='ocrx_word' id='word_1_149' title='bbox 574 2077 648 2113; x_wconf 83' lang='lat' dir='ltr'>erga</span> <span class='ocrx_word' id='word_1_150' title='bbox 666 2066 813 2114; x_wconf 84' lang='lat' dir='ltr'>linguam</span> <span class='ocrx_word' id='word_1_151' title='bbox 826 2070 857 2101; x_wconf 86' lang='lat'>&amp;</span> <span class='ocrx_word' id='word_1_152' title='bbox 871 2067 978 2102; x_wconf 86' lang='lat' dir='ltr'>literas</span> <span class='ocrx_word' id='word_1_153' title='bbox 990 2070 1047 2115; x_wconf 86' lang='lat' dir='ltr'>Ju-</span> <span class='ocrx_word' id='word_1_154' title='bbox 1141 2069 1246 2109; x_wconf 90' lang='lat' dir='ltr'>Quod</span> <span class='ocrx_word' id='word_1_155' title='bbox 1259 2069 1292 2101; x_wconf 90' lang='lat' dir='ltr'>iii</span> <span class='ocrx_word' id='word_1_156' title='bbox 1313 2078 1432 2115; x_wconf 83' lang='lat' dir='ltr'><strong>genere</strong></span> <span class='ocrx_word' id='word_1_157' title='bbox 1445 2064 1581 2100; x_wconf 85' lang='lat' dir='ltr'>afferunt</span> <span class='ocrx_word' id='word_1_158' title='bbox 1597 2060 1704 2110; x_wconf 77' lang='lat' dir='ltr'>primo</span> <span class='ocrx_word' id='word_1_159' title='bbox 1721 2059 1847 2096; x_wconf 85' lang='lat' dir='ltr'>Rabbi-</span> <span class='ocrx_word' id='word_1_160' title='bbox 1867 2065 2006 2104; x_wconf 76' lang='lat' dir='ltr'>Rabbiniin</span> 
     </span>
     <span class='ocr_line' id='line_1_14' title="bbox 285 2107 1988 2162; baseline 0.001 -17"><span class='ocrx_word' id='word_1_161' title='bbox 285 2111 749 2153; x_wconf 81' lang='lat' dir='ltr'>daeorum‚utillaesecundum</span> <span class='ocrx_word' id='word_1_162' title='bbox 761 2114 892 2162; x_wconf 81' lang='lat' dir='ltr'>priscam</span> <span class='ocrx_word' id='word_1_163' title='bbox 906 2117 1046 2152; x_wconf 83' lang='lat' dir='ltr'>consue-</span> <span class='ocrx_word' id='word_1_164' title='bbox 1094 2129 1154 2151; x_wconf 92' lang='lat' dir='ltr'>nos</span> <span class='ocrx_word' id='word_1_165' title='bbox 1173 2130 1291 2151; x_wconf 87' lang='lat' dir='ltr'>omnes</span> <span class='ocrx_word' id='word_1_166' title='bbox 1311 2117 1464 2161; x_wconf 89' lang='lat' dir='ltr'>antiquos</span> <span class='ocrx_word' id='word_1_167' title='bbox 1483 2127 1606 2151; x_wconf 78' lang='lat' dir='ltr'>novos,</span> <span class='ocrx_word' id='word_1_168' title='bbox 1625 2111 1777 2144; x_wconf 88' lang='lat' dir='ltr'>homines</span> <span class='ocrx_word' id='word_1_169' title='bbox 1789 2107 1848 2143; x_wconf 83' lang='lat' dir='ltr'>effe</span> <span class='ocrx_word' id='word_1_170' title='bbox 1868 2107 1988 2155; x_wconf 58' lang='lat' dir='ltr'>“l{q¹⁴¹b¹⁴⁸</span> 
     </span>
     <span class='ocr_line' id='line_1_15' title="bbox 286 2151 1947 2210; baseline -0.002 -17"><span class='ocrx_word' id='word_1_171' title='bbox 286 2161 437 2194; x_wconf 84' lang='lat' dir='ltr'>tudinem</span> <span class='ocrx_word' id='word_1_172' title='bbox 472 2160 669 2197; x_wconf 82' lang='lat' dir='ltr'>servarentur</span> <span class='ocrx_word' id='word_1_173' title='bbox 696 2165 897 2206; x_wconf 66' lang='lat' dir='ltr'>immutatae,</span> <span class='ocrx_word' id='word_1_174' title='bbox 924 2165 980 2201; x_wconf 81' lang='lat' dir='ltr'>etfi</span> <span class='ocrx_word' id='word_1_175' title='bbox 1009 2180 1047 2201; x_wconf 86' lang='grc' dir='ltr'>ο·</span> <span class='ocrx_word' id='word_1_176' title='bbox 1093 2165 1291 2200; x_wconf 85' lang='lat' dir='ltr'>vaniffimos.</span> <span class='ocrx_word' id='word_1_177' title='bbox 1323 2166 1455 2210; x_wconf 82' lang='lat' dir='ltr'>Replica</span> <span class='ocrx_word' id='word_1_178' title='bbox 1467 2188 1477 2203; x_wconf 88' lang='lat'>‚</span> <span class='ocrx_word' id='word_1_179' title='bbox 1489 2175 1555 2196; x_wconf 89' lang='lat' dir='ltr'>non</span> <span class='ocrx_word' id='word_1_180' title='bbox 1569 2169 1728 2206; x_wconf 86' lang='lat' dir='ltr'>negamus</span> <span class='ocrx_word' id='word_1_181' title='bbox 1740 2159 1771 2192; x_wconf 82' lang='lat' dir='ltr'>iii</span> <span class='ocrx_word' id='word_1_182' title='bbox 1786 2157 1846 2192; x_wconf 86' lang='lat' dir='ltr'>do·</span> <span class='ocrx_word' id='word_1_183' title='bbox 1868 2151 1947 2178; x_wconf 58' lang='lat'>&#39;&#39;³11“-</span> 
     </span>
     <span class='ocr_line' id='line_1_16' title="bbox 286 2205 1849 2260; baseline 0 -18"><span class='ocrx_word' id='word_1_184' title='bbox 286 2210 373 2243; x_wconf 87' lang='lat' dir='ltr'>mnis</span> <span class='ocrx_word' id='word_1_185' title='bbox 395 2208 447 2244; x_wconf 72' lang='lat' dir='ltr'>bic</span> <span class='ocrx_word' id='word_1_186' title='bbox 467 2209 642 2256; x_wconf 84' lang='lat' dir='ltr'>disputatio</span> <span class='ocrx_word' id='word_1_187' title='bbox 661 2211 698 2245; x_wconf 84' lang='lat' dir='ltr'>fit</span> <span class='ocrx_word' id='word_1_188' title='bbox 720 2227 819 2251; x_wconf 88' lang='lat' dir='ltr'>vana,</span> <span class='ocrx_word' id='word_1_189' title='bbox 847 2215 868 2249; x_wconf 84' lang='lat' dir='ltr'><strong>fi</strong></span> <span class='ocrx_word' id='word_1_190' title='bbox 885 2216 994 2260; x_wconf 52' lang='lat' dir='ltr'>Capella*</span> <span class='ocrx_word' id='word_1_191' title='bbox 1010 2219 1044 2249; x_wconf 72' lang='grc' dir='ltr'>δε</span> <span class='ocrx_word' id='word_1_192' title='bbox 1090 2217 1210 2260; x_wconf 87' lang='lat' dir='ltr'>gmatis</span> <span class='ocrx_word' id='word_1_193' title='bbox 1230 2213 1304 2247; x_wconf 65' lang='lat' dir='ltr'>fidei</span> <span class='ocrx_word' id='word_1_194' title='bbox 1322 2212 1532 2246; x_wconf 70' lang='lat' dir='ltr'>Christianae:</span> <span class='ocrx_word' id='word_1_195' title='bbox 1562 2211 1595 2243; x_wconf 89' lang='lat' dir='ltr'>in</span> <span class='ocrx_word' id='word_1_196' title='bbox 1611 2205 1849 2255; x_wconf 77' lang='lat' dir='ltr'>significatione</span> 
     </span>
     <span class='ocr_line' id='line_1_17' title="bbox 287 2255 1850 2305; baseline -0.002 -12"><span class='ocrx_word' id='word_1_197' title='bbox 287 2256 446 2293; x_wconf 75' lang='lat' dir='ltr'>VValtoni</span> <span class='ocrx_word' id='word_1_198' title='bbox 455 2257 649 2305; x_wconf 85' lang='lat' dir='ltr'>hypotheses</span> <span class='ocrx_word' id='word_1_199' title='bbox 658 2259 719 2293; x_wconf 77' lang='lat' dir='ltr'>{int</span> <span class='ocrx_word' id='word_1_200' title='bbox 731 2274 808 2296; x_wconf 88' lang='lat' dir='ltr'>verae</span> <span class='ocrx_word' id='word_1_201' title='bbox 821 2287 829 2301; x_wconf 88' lang='lat'>,</span> <span class='ocrx_word' id='word_1_202' title='bbox 843 2275 920 2296; x_wconf 81' lang='lat' dir='ltr'>nam</span> <span class='ocrx_word' id='word_1_203' title='bbox 931 2264 1045 2296; x_wconf 89' lang='lat' dir='ltr'>secun·</span> <span class='ocrx_word' id='word_1_204' title='bbox 1090 2273 1200 2295; x_wconf 86' lang='lat' dir='ltr'>tamen</span> <span class='ocrx_word' id='word_1_205' title='bbox 1219 2273 1339 2296; x_wconf 89' lang='lat' dir='ltr'>vocum</span> <span class='ocrx_word' id='word_1_206' title='bbox 1352 2260 1588 2293; x_wconf 82' lang='lat' dir='ltr'>Hebraicarum</span> <span class='ocrx_word' id='word_1_207' title='bbox 1602 2282 1611 2296; x_wconf 87' lang='lat'><em>‚</em></span> <span class='ocrx_word' id='word_1_208' title='bbox 1626 2263 1657 2292; x_wconf 70' lang='grc' dir='ltr'>ὅ(</span> <span class='ocrx_word' id='word_1_209' title='bbox 1670 2255 1850 2291; x_wconf 86' lang='lat' dir='ltr'>consuetu-</span> 
     </span>
     <span class='ocr_line' id='line_1_18' title="bbox 288 2305 1850 2355; baseline -0.001 -14"><span class='ocrx_word' id='word_1_210' title='bbox 288 2307 369 2341; x_wconf 89' lang='lat' dir='ltr'>dum</span> <span class='ocrx_word' id='word_1_211' title='bbox 383 2320 433 2342; x_wconf 90' lang='lat' dir='ltr'>eas</span> <span class='ocrx_word' id='word_1_212' title='bbox 451 2306 648 2343; x_wconf 81' lang='lat' dir='ltr'>Ashdodica</span> <span class='ocrx_word' id='word_1_213' title='bbox 660 2333 670 2349; x_wconf 94' lang='lat'><em>‚</em></span> <span class='ocrx_word' id='word_1_214' title='bbox 690 2312 723 2343; x_wconf 89' lang='lat'>&amp;</span> <span class='ocrx_word' id='word_1_215' title='bbox 736 2312 886 2344; x_wconf 89' lang='lat' dir='ltr'>omnium</span> <span class='ocrx_word' id='word_1_216' title='bbox 904 2311 1044 2346; x_wconf 75' lang='lat' dir='ltr'>Palaesti-</span> <span class='ocrx_word' id='word_1_217' title='bbox 1090 2309 1243 2350; x_wconf 86' lang='lat' dir='ltr'>dinibus,</span> <span class='ocrx_word' id='word_1_218' title='bbox 1265 2310 1315 2344; x_wconf 85' lang='lat' dir='ltr'>seu</span> <span class='ocrx_word' id='word_1_219' title='bbox 1327 2310 1358 2343; x_wconf 93' lang='lat' dir='ltr'>in</span> <span class='ocrx_word' id='word_1_220' title='bbox 1371 2310 1499 2355; x_wconf 80' lang='lat' dir='ltr'>lingua,</span> <span class='ocrx_word' id='word_1_221' title='bbox 1515 2308 1566 2341; x_wconf 81' lang='lat' dir='ltr'>seu</span> <span class='ocrx_word' id='word_1_222' title='bbox 1586 2308 1688 2341; x_wconf 88' lang='lat' dir='ltr'>literis</span> <span class='ocrx_word' id='word_1_223' title='bbox 1699 2330 1709 2347; x_wconf 82' lang='lat'>‚</span> <span class='ocrx_word' id='word_1_224' title='bbox 1722 2305 1774 2340; x_wconf 88' lang='lat' dir='ltr'>seu</span> <span class='ocrx_word' id='word_1_225' title='bbox 1791 2319 1850 2340; x_wconf 84' lang='lat' dir='ltr'>va—</span> 
     </span>
     <span class='ocr_line' id='line_1_19' title="bbox 285 2353 1847 2404; baseline -0.001 -14"><span class='ocrx_word' id='word_1_226' title='bbox 285 2368 406 2390; x_wconf 90' lang='lat' dir='ltr'>norum</span> <span class='ocrx_word' id='word_1_227' title='bbox 421 2357 535 2404; x_wconf 85' lang='lat' dir='ltr'>lingua</span> <span class='ocrx_word' id='word_1_228' title='bbox 547 2381 557 2397; x_wconf 94' lang='lat'>‚</span> <span class='ocrx_word' id='word_1_229' title='bbox 569 2360 599 2391; x_wconf 87' lang='lat'>&amp;</span> <span class='ocrx_word' id='word_1_230' title='bbox 614 2358 712 2392; x_wconf 86' lang='lat' dir='ltr'>literae</span> <span class='ocrx_word' id='word_1_231' title='bbox 723 2371 811 2394; x_wconf 88' lang='lat' dir='ltr'>erant</span> <span class='ocrx_word' id='word_1_232' title='bbox 823 2362 965 2395; x_wconf 87' lang='lat' dir='ltr'>omnino</span> <span class='ocrx_word' id='word_1_233' title='bbox 978 2373 1041 2395; x_wconf 86' lang='lat' dir='ltr'>eae-</span> <span class='ocrx_word' id='word_1_234' title='bbox 1089 2361 1143 2394; x_wconf 88' lang='lat' dir='ltr'>riis</span> <span class='ocrx_word' id='word_1_235' title='bbox 1156 2358 1273 2393; x_wconf 90' lang='lat' dir='ltr'>ritibus</span> <span class='ocrx_word' id='word_1_236' title='bbox 1283 2358 1301 2392; x_wconf 68' lang='grc' dir='ltr'>εὶ</span> <span class='ocrx_word' id='word_1_237' title='bbox 1313 2359 1494 2402; x_wconf 87' lang='lat' dir='ltr'>majoribus</span> <span class='ocrx_word' id='word_1_238' title='bbox 1508 2356 1568 2391; x_wconf 81' lang='lat' dir='ltr'>suis</span> <span class='ocrx_word' id='word_1_239' title='bbox 1584 2357 1666 2391; x_wconf 88' lang='lat' dir='ltr'>olim</span> <span class='ocrx_word' id='word_1_240' title='bbox 1678 2353 1847 2401; x_wconf 85' lang='lat' dir='ltr'>usurpatis,</span> 
     </span>
     <span class='ocr_line' id='line_1_20' title="bbox 285 2404 1843 2459; baseline 0 -21"><span class='ocrx_word' id='word_1_241' title='bbox 285 2404 365 2439; x_wconf 86' lang='lat' dir='ltr'>dem</span> <span class='ocrx_word' id='word_1_242' title='bbox 378 2418 454 2440; x_wconf 87' lang='lat' dir='ltr'>cum</span> <span class='ocrx_word' id='word_1_243' title='bbox 471 2405 642 2449; x_wconf 67' lang='lat' dir='ltr'>Hebraeis,</span> <span class='ocrx_word' id='word_1_244' title='bbox 656 2417 771 2455; x_wconf 82' lang='lat' dir='ltr'>utpote</span> <span class='ocrx_word' id='word_1_245' title='bbox 789 2423 869 2459; x_wconf 88' lang='lat' dir='ltr'>quas</span> <span class='ocrx_word' id='word_1_246' title='bbox 883 2409 1013 2445; x_wconf 81' lang='lat' dir='ltr'>Hebraei</span> <span class='ocrx_word' id='word_1_247' title='bbox 1025 2409 1042 2444; x_wconf 70' lang='lat' dir='ltr'>a</span> <span class='ocrx_word' id='word_1_248' title='bbox 1090 2409 1191 2444; x_wconf 84' lang='lat' dir='ltr'>multa</span> <span class='ocrx_word' id='word_1_249' title='bbox 1203 2408 1242 2443; x_wconf 86' lang='lat' dir='ltr'>ab</span> <span class='ocrx_word' id='word_1_250' title='bbox 1252 2409 1288 2442; x_wconf 91' lang='lat' dir='ltr'>iis</span> <span class='ocrx_word' id='word_1_251' title='bbox 1299 2407 1383 2442; x_wconf 58' lang='lat' dir='ltr'>reete</span> <span class='ocrx_word' id='word_1_252' title='bbox 1393 2407 1470 2443; x_wconf 82' lang='lat' dir='ltr'>disci</span> <span class='ocrx_word' id='word_1_253' title='bbox 1482 2419 1658 2441; x_wconf 87' lang='lat' dir='ltr'>commune</span> <span class='ocrx_word' id='word_1_254' title='bbox 1666 2404 1843 2440; x_wconf 64' lang='lat' dir='ltr'>dofiorum</span> 
     </span>
     <span class='ocr_line' id='line_1_21' title="bbox 289 2453 1315 2503; baseline 0.006 -15"><span class='ocrx_word' id='word_1_255' title='bbox 289 2453 484 2490; x_wconf 81' lang='lat' dir='ltr'>Cliananaeis</span> <span class='ocrx_word' id='word_1_256' title='bbox 503 2455 696 2491; x_wconf 82' lang='lat' dir='ltr'>didicerant.</span> <span class='ocrx_word' id='word_1_257' title='bbox 1088 2458 1315 2503; x_wconf 84' lang='lat' dir='ltr'>estjudicium.</span> 
     </span>
    </p>

    <p class='ocr_par' dir='ltr' id='par_1_2' title="bbox 283 2501 2002 2997">
     <span class='ocr_line' id='line_1_22' title="bbox 333 2501 2002 2556; baseline 0.001 -19"><span class='ocrx_word' id='word_1_258' title='bbox 333 2504 432 2539; x_wconf 85' lang='lat' dir='ltr'>Aliud</span> <span class='ocrx_word' id='word_1_259' title='bbox 447 2506 558 2540; x_wconf 88' lang='lat' dir='ltr'>attulit</span> <span class='ocrx_word' id='word_1_260' title='bbox 567 2506 674 2541; x_wconf 84' lang='lat' dir='ltr'>adhuc</span> <span class='ocrx_word' id='word_1_261' title='bbox 686 2505 856 2549; x_wconf 78' lang='lat' dir='ltr'>Buxtorfius</span> <span class='ocrx_word' id='word_1_262' title='bbox 865 2520 1040 2556; x_wconf 88' lang='lat' dir='ltr'>argumen-</span> <span class='ocrx_word' id='word_1_263' title='bbox 1132 2507 1237 2551; x_wconf 90' lang='lat' dir='ltr'>Quod</span> <span class='ocrx_word' id='word_1_264' title='bbox 1253 2504 1391 2541; x_wconf 72' lang='lat' dir='ltr'>secundo</span> <span class='ocrx_word' id='word_1_265' title='bbox 1402 2503 1532 2540; x_wconf 84' lang='lat' dir='ltr'>affertur</span> <span class='ocrx_word' id='word_1_266' title='bbox 1551 2504 1590 2539; x_wconf 88' lang='lat' dir='ltr'>de</span> <span class='ocrx_word' id='word_1_267' title='bbox 1598 2501 1691 2538; x_wconf 66' lang='lat' dir='ltr'>causa</span> <span class='ocrx_word' id='word_1_268' title='bbox 1701 2501 1842 2537; x_wconf 89' lang='lat' dir='ltr'>diverso·</span> <span class='ocrx_word' id='word_1_269' title='bbox 1861 2516 1939 2544; x_wconf 76' lang='lat' dir='ltr'>Nulla</span> <span class='ocrx_word' id='word_1_270' title='bbox 1952 2526 2002 2554; x_wconf 71' lang='lat' dir='ltr'>my-</span> 
     </span>
     <span class='ocr_line' id='line_1_23' title="bbox 283 2552 1978 2605; baseline -0.004 -16"><span class='ocrx_word' id='word_1_271' title='bbox 283 2563 376 2590; x_wconf 87' lang='lat' dir='ltr'>tum,</span> <span class='ocrx_word' id='word_1_272' title='bbox 392 2554 432 2588; x_wconf 83' lang='lat' dir='ltr'>ad</span> <span class='ocrx_word' id='word_1_273' title='bbox 442 2554 532 2601; x_wconf 88' lang='lat' dir='ltr'>quod</span> <span class='ocrx_word' id='word_1_274' title='bbox 543 2554 624 2589; x_wconf 89' lang='lat' dir='ltr'>nihil</span> <span class='ocrx_word' id='word_1_275' title='bbox 636 2568 744 2604; x_wconf 89' lang='lat' dir='ltr'>neque</span> <span class='ocrx_word' id='word_1_276' title='bbox 755 2555 883 2602; x_wconf 82' lang='lat' dir='ltr'>Capellus</span> <span class='ocrx_word' id='word_1_277' title='bbox 896 2581 906 2597; x_wconf 92' lang='lat'>,</span> <span class='ocrx_word' id='word_1_278' title='bbox 934 2571 1040 2605; x_wconf 87' lang='lat' dir='ltr'>neque</span> <span class='ocrx_word' id='word_1_279' title='bbox 1088 2570 1158 2592; x_wconf 85' lang='lat' dir='ltr'>rum</span> <span class='ocrx_word' id='word_1_280' title='bbox 1177 2556 1262 2604; x_wconf 85' lang='lat' dir='ltr'>apud</span> <span class='ocrx_word' id='word_1_281' title='bbox 1280 2557 1450 2604; x_wconf 84' lang='lat' dir='ltr'>AEgyptios</span> <span class='ocrx_word' id='word_1_282' title='bbox 1461 2559 1491 2588; x_wconf 88' lang='lat'>&amp;</span> <span class='ocrx_word' id='word_1_283' title='bbox 1506 2555 1587 2588; x_wconf 89' lang='lat' dir='ltr'>alios</span> <span class='ocrx_word' id='word_1_284' title='bbox 1596 2552 1814 2587; x_wconf 59' lang='lat' dir='ltr'>characterum</span> <span class='ocrx_word' id='word_1_285' title='bbox 1828 2576 1837 2592; x_wconf 92' lang='lat'>‚</span> <span class='ocrx_word' id='word_1_286' title='bbox 1855 2558 1978 2592; x_wconf 70' lang='lat' dir='ltr'>steriate-</span> 
     </span>
     <span class='ocr_line' id='line_1_24' title="bbox 284 2596 1978 2651; baseline 0.002 -14"><span class='ocrx_word' id='word_1_287' title='bbox 284 2601 461 2638; x_wconf 81' lang='lat' dir='ltr'>VValtonus</span> <span class='ocrx_word' id='word_1_288' title='bbox 480 2603 714 2650; x_wconf 80' lang='lat' dir='ltr'>responderunt</span> <span class='ocrx_word' id='word_1_289' title='bbox 734 2618 742 2638; x_wconf 71' lang='grc' dir='ltr'><em>τ</em></span> <span class='ocrx_word' id='word_1_290' title='bbox 767 2605 954 2651; x_wconf 82' lang='lat' dir='ltr'>simplicitas</span> <span class='ocrx_word' id='word_1_291' title='bbox 965 2607 1040 2643; x_wconf 86' lang='lat' dir='ltr'>cha·</span> <span class='ocrx_word' id='word_1_292' title='bbox 1088 2619 1125 2642; x_wconf 89' lang='lat' dir='ltr'>ut</span> <span class='ocrx_word' id='word_1_293' title='bbox 1142 2607 1329 2641; x_wconf 85' lang='lat' dir='ltr'>obscuris&amp;</span> <span class='ocrx_word' id='word_1_294' title='bbox 1349 2604 1490 2651; x_wconf 85' lang='lat' dir='ltr'>mysticis</span> <span class='ocrx_word' id='word_1_295' title='bbox 1509 2604 1609 2637; x_wconf 87' lang='lat' dir='ltr'>literis</span> <span class='ocrx_word' id='word_1_296' title='bbox 1629 2601 1841 2648; x_wconf 54' lang='lat' dir='ltr'>tegerentur&amp;</span> <span class='ocrx_word' id='word_1_297' title='bbox 1857 2596 1978 2644; x_wconf 59' lang='lat' dir='ltr'>‹gfb“‚&#39;¹‘“&#39;</span> 
     </span>
     <span class='ocr_line' id='line_1_25' title="bbox 285 2638 1996 2708; baseline 0 -22"><span class='ocrx_word' id='word_1_298' title='bbox 285 2653 440 2687; x_wconf 65' lang='lat' dir='ltr'>meretum</span> <span class='ocrx_word' id='word_1_299' title='bbox 468 2653 707 2688; x_wconf 88' lang='lat' dir='ltr'>chraicorum</span> <span class='ocrx_word' id='word_1_300' title='bbox 727 2679 736 2695; x_wconf 92' lang='lat'>‚</span> <span class='ocrx_word' id='word_1_301' title='bbox 762 2667 900 2700; x_wconf 89' lang='lat' dir='ltr'>quorum</span> <span class='ocrx_word' id='word_1_302' title='bbox 927 2657 1043 2691; x_wconf 72' lang='lat' dir='ltr'>ductus</span> <span class='ocrx_word' id='word_1_303' title='bbox 1088 2657 1214 2704; x_wconf 86' lang='lat' dir='ltr'>populo</span> <span class='ocrx_word' id='word_1_304' title='bbox 1231 2653 1450 2690; x_wconf 87' lang='lat' dir='ltr'>abominanda</span> <span class='ocrx_word' id='word_1_305' title='bbox 1473 2651 1706 2686; x_wconf 86' lang='lat' dir='ltr'>oblcoenorum</span> <span class='ocrx_word' id='word_1_306' title='bbox 1729 2651 1839 2684; x_wconf 90' lang='lat' dir='ltr'>Idolo-</span> <span class='ocrx_word' id='word_1_307' title='bbox 1857 2638 1996 2708; x_wconf 46' lang='lat' dir='ltr'>{Z‘ffsshba&#39;</span> 
     </span>
     <span class='ocr_line' id='line_1_26' title="bbox 287 2689 2000 2752; baseline -0.001 -19"><span class='ocrx_word' id='word_1_308' title='bbox 287 2712 355 2735; x_wconf 91' lang='lat' dir='ltr'>non</span> <span class='ocrx_word' id='word_1_309' title='bbox 375 2701 446 2736; x_wconf 90' lang='lat' dir='ltr'>sunt</span> <span class='ocrx_word' id='word_1_310' title='bbox 464 2713 531 2736; x_wconf 82' lang='lat' dir='ltr'>tam</span> <span class='ocrx_word' id='word_1_311' title='bbox 551 2703 679 2749; x_wconf 79' lang='lat' dir='ltr'>operosi</span> <span class='ocrx_word' id='word_1_312' title='bbox 704 2707 735 2736; x_wconf 63' lang='grc' dir='ltr'>ὃ(</span> <span class='ocrx_word' id='word_1_313' title='bbox 751 2703 925 2750; x_wconf 81' lang='lat' dir='ltr'>compositi</span> <span class='ocrx_word' id='word_1_314' title='bbox 945 2706 1040 2752; x_wconf 66' lang='lat' dir='ltr'>quam</span> <span class='ocrx_word' id='word_1_315' title='bbox 1087 2708 1237 2740; x_wconf 78' lang='lat' dir='ltr'>latratum</span> <span class='ocrx_word' id='word_1_316' title='bbox 1247 2703 1414 2751; x_wconf 77' lang='lat' dir='ltr'>mysteria,</span> <span class='ocrx_word' id='word_1_317' title='bbox 1426 2704 1517 2749; x_wconf 86' lang='lat' dir='ltr'>quale</span> <span class='ocrx_word' id='word_1_318' title='bbox 1526 2700 1607 2736; x_wconf 85' lang='lat' dir='ltr'>nihil</span> <span class='ocrx_word' id='word_1_319' title='bbox 1619 2699 1840 2747; x_wconf 85' lang='lat' dir='ltr'>apudJudaeos</span> <span class='ocrx_word' id='word_1_320' title='bbox 1915 2690 1945 2708; x_wconf 48' lang='grc' dir='ltr'>π’</span> <span class='ocrx_word' id='word_1_321' title='bbox 1963 2689 2000 2708; x_wconf 66' lang='lat'>&#39;⁶³’</span> 
     </span>
     <span class='ocr_line' id='line_1_27' title="bbox 288 2749 1841 2803; baseline -0.001 -19"><span class='ocrx_word' id='word_1_322' title='bbox 288 2750 373 2795; x_wconf 78' lang='lat' dir='ltr'>apud</span> <span class='ocrx_word' id='word_1_323' title='bbox 384 2753 618 2788; x_wconf 69' lang='lat' dir='ltr'>Samarstanos,</span> <span class='ocrx_word' id='word_1_324' title='bbox 633 2763 670 2785; x_wconf 87' lang='lat' dir='ltr'>ut</span> <span class='ocrx_word' id='word_1_325' title='bbox 680 2763 857 2798; x_wconf 87' lang='lat' dir='ltr'>utrumque</span> <span class='ocrx_word' id='word_1_326' title='bbox 870 2753 1040 2801; x_wconf 85' lang='lat' dir='ltr'>Alphabe-</span> <span class='ocrx_word' id='word_1_327' title='bbox 1086 2766 1231 2803; x_wconf 91' lang='lat' dir='ltr'>unquam</span> <span class='ocrx_word' id='word_1_328' title='bbox 1248 2753 1312 2788; x_wconf 86' lang='lat' dir='ltr'>fuit</span> <span class='ocrx_word' id='word_1_329' title='bbox 1323 2778 1331 2791; x_wconf 92' lang='lat'><strong>,</strong></span> <span class='ocrx_word' id='word_1_330' title='bbox 1360 2765 1500 2800; x_wconf 90' lang='lat' dir='ltr'>quorum</span> <span class='ocrx_word' id='word_1_331' title='bbox 1518 2753 1631 2785; x_wconf 83' lang='lat' dir='ltr'>omnia</span> <span class='ocrx_word' id='word_1_332' title='bbox 1652 2749 1732 2783; x_wconf 70' lang='lat' dir='ltr'>lacta</span> <span class='ocrx_word' id='word_1_333' title='bbox 1749 2750 1841 2783; x_wconf 71' lang='lat' dir='ltr'>Deus</span> 
     </span>
     <span class='ocr_line' id='line_1_28' title="bbox 288 2797 1843 2852; baseline -0.001 -20"><span class='ocrx_word' id='word_1_334' title='bbox 288 2808 358 2832; x_wconf 85' lang='lat' dir='ltr'>turn</span> <span class='ocrx_word' id='word_1_335' title='bbox 379 2802 580 2848; x_wconf 84' lang='lat' dir='ltr'>comparanti</span> <span class='ocrx_word' id='word_1_336' title='bbox 604 2801 766 2848; x_wconf 85' lang='lat' dir='ltr'>apparebit</span> <span class='ocrx_word' id='word_1_337' title='bbox 780 2825 788 2837; x_wconf 88' lang='lat'><em>‚</em></span> <span class='ocrx_word' id='word_1_338' title='bbox 815 2803 912 2837; x_wconf 86' lang='lat' dir='ltr'>literae</span> <span class='ocrx_word' id='word_1_339' title='bbox 931 2814 1039 2838; x_wconf 89' lang='lat' dir='ltr'>autem</span> <span class='ocrx_word' id='word_1_340' title='bbox 1087 2803 1220 2852; x_wconf 84' lang='lat' dir='ltr'>lingulis</span> <span class='ocrx_word' id='word_1_341' title='bbox 1230 2817 1266 2838; x_wconf 78' lang='lat' dir='ltr'>ex</span> <span class='ocrx_word' id='word_1_342' title='bbox 1278 2804 1402 2851; x_wconf 89' lang='lat' dir='ltr'>populo</span> <span class='ocrx_word' id='word_1_343' title='bbox 1420 2802 1552 2849; x_wconf 81' lang='lat' dir='ltr'>cognita</span> <span class='ocrx_word' id='word_1_344' title='bbox 1568 2798 1627 2833; x_wconf 84' lang='lat' dir='ltr'>effe</span> <span class='ocrx_word' id='word_1_345' title='bbox 1638 2797 1755 2848; x_wconf 70' lang='lat' dir='ltr'>voluit.</span> <span class='ocrx_word' id='word_1_346' title='bbox 1774 2798 1843 2831; x_wconf 85' lang='lat' dir='ltr'>Re-</span> 
     </span>
     <span class='ocr_line' id='line_1_29' title="bbox 287 2847 1840 2901; baseline -0.002 -18"><span class='ocrx_word' id='word_1_347' title='bbox 287 2847 354 2894; x_wconf 73' lang='lat' dir='ltr'>quo</span> <span class='ocrx_word' id='word_1_348' title='bbox 367 2849 576 2898; x_wconf 84' lang='lat' dir='ltr'>simpliciores</span> <span class='ocrx_word' id='word_1_349' title='bbox 591 2876 601 2890; x_wconf 88' lang='lat'>‚</span> <span class='ocrx_word' id='word_1_350' title='bbox 627 2850 668 2885; x_wconf 77' lang='lat' dir='ltr'>eo</span> <span class='ocrx_word' id='word_1_351' title='bbox 684 2852 884 2898; x_wconf 79' lang='lat' dir='ltr'>antiquiores</span> <span class='ocrx_word' id='word_1_352' title='bbox 897 2877 904 2888; x_wconf 91' lang='lat'>,</span> <span class='ocrx_word' id='word_1_353' title='bbox 929 2856 961 2887; x_wconf 89' lang='lat'><strong>&amp;</strong></span> <span class='ocrx_word' id='word_1_354' title='bbox 973 2852 1040 2901; x_wconf 70' lang='lat' dir='ltr'>quo</span> <span class='ocrx_word' id='word_1_355' title='bbox 1088 2855 1179 2901; x_wconf 89' lang='lat' dir='ltr'>plica.</span> <span class='ocrx_word' id='word_1_356' title='bbox 1215 2854 1294 2888; x_wconf 88' lang='lat' dir='ltr'>Non</span> <span class='ocrx_word' id='word_1_357' title='bbox 1318 2851 1435 2899; x_wconf 86' lang='lat' dir='ltr'>probat</span> <span class='ocrx_word' id='word_1_358' title='bbox 1453 2849 1625 2885; x_wconf 79' lang='lat' dir='ltr'>VValtonus</span> <span class='ocrx_word' id='word_1_359' title='bbox 1647 2847 1697 2879; x_wconf 88' lang='lat' dir='ltr'>vel</span> <span class='ocrx_word' id='word_1_360' title='bbox 1718 2847 1840 2888; x_wconf 72' lang='lat' dir='ltr'>lolam,</span> 
     </span>
     <span class='ocr_line' id='line_1_30' title="bbox 287 2895 1840 2950; baseline -0.001 -18"><span class='ocrx_word' id='word_1_361' title='bbox 287 2899 389 2945; x_wconf 79' lang='lat' dir='ltr'>magis</span> <span class='ocrx_word' id='word_1_362' title='bbox 401 2899 602 2947; x_wconf 72' lang='lat' dir='ltr'>compositae,</span> <span class='ocrx_word' id='word_1_363' title='bbox 612 2900 652 2935; x_wconf 74' lang='lat' dir='ltr'>eo</span> <span class='ocrx_word' id='word_1_364' title='bbox 665 2900 706 2935; x_wconf 83' lang='lat' dir='ltr'>ab</span> <span class='ocrx_word' id='word_1_365' title='bbox 719 2901 786 2934; x_wconf 81' lang='lat' dir='ltr'>aliis</span> <span class='ocrx_word' id='word_1_366' title='bbox 796 2901 956 2947; x_wconf 87' lang='lat' dir='ltr'>prioribus</span> <span class='ocrx_word' id='word_1_367' title='bbox 969 2904 1041 2950; x_wconf 84' lang='lat' dir='ltr'>plus</span> <span class='ocrx_word' id='word_1_368' title='bbox 1085 2905 1133 2937; x_wconf 90' lang='lat' dir='ltr'>vel</span> <span class='ocrx_word' id='word_1_369' title='bbox 1147 2904 1332 2949; x_wconf 84' lang='lat' dir='ltr'>primariam</span> <span class='ocrx_word' id='word_1_370' title='bbox 1344 2927 1353 2940; x_wconf 87' lang='lat'>‚</span> <span class='ocrx_word' id='word_1_371' title='bbox 1381 2902 1430 2934; x_wconf 90' lang='lat' dir='ltr'>vel</span> <span class='ocrx_word' id='word_1_372' title='bbox 1450 2900 1548 2932; x_wconf 88' lang='lat' dir='ltr'>ullam</span> <span class='ocrx_word' id='word_1_373' title='bbox 1560 2895 1749 2948; x_wconf 69' lang='lat' dir='ltr'>diversitatis</span> <span class='ocrx_word' id='word_1_374' title='bbox 1764 2896 1840 2930; x_wconf 82' lang='lat' dir='ltr'>clia·</span> 
     </span>
     <span class='ocr_line' id='line_1_31' title="bbox 287 2945 1840 2997; baseline 0 -17"><span class='ocrx_word' id='word_1_375' title='bbox 287 2958 491 2983; x_wconf 85' lang='lat' dir='ltr'>mutuantur.</span> <span class='ocrx_word' id='word_1_376' title='bbox 1086 2953 1242 2986; x_wconf 67' lang='lat' dir='ltr'>trustemm</span> <span class='ocrx_word' id='word_1_377' title='bbox 1263 2951 1347 2997; x_wconf 87' lang='lat' dir='ltr'>apud</span> <span class='ocrx_word' id='word_1_378' title='bbox 1359 2950 1484 2983; x_wconf 86' lang='lat' dir='ltr'>Gentes</span> <span class='ocrx_word' id='word_1_379' title='bbox 1498 2945 1622 2981; x_wconf 83' lang='lat' dir='ltr'>causam</span> <span class='ocrx_word' id='word_1_380' title='bbox 1637 2945 1727 2980; x_wconf 76' lang='lat' dir='ltr'>luiffe</span> <span class='ocrx_word' id='word_1_381' title='bbox 1742 2946 1840 2980; x_wconf 74' lang='lat' dir='ltr'>obte—</span> 
     </span>
    </p>

    <p class='ocr_par' dir='ltr' id='par_1_3' title="bbox 126 2995 1838 3247">
     <span class='ocr_line' id='line_1_32' title="bbox 131 2995 1838 3048; baseline 0 -19"><span class='ocrx_word' id='word_1_382' title='bbox 131 2998 192 3029; x_wconf 62' lang='lat' dir='ltr'>{Aa</span> <span class='ocrx_word' id='word_1_383' title='bbox 202 2998 251 3027; x_wconf 76' lang='lat' dir='ltr'>du·</span> <span class='ocrx_word' id='word_1_384' title='bbox 334 2998 396 3030; x_wconf 84' lang='lat' dir='ltr'>Vix</span> <span class='ocrx_word' id='word_1_385' title='bbox 408 2998 493 3033; x_wconf 85' lang='lat' dir='ltr'>aliud</span> <span class='ocrx_word' id='word_1_386' title='bbox 506 2997 629 3033; x_wconf 84' lang='lat' dir='ltr'>videtur</span> <span class='ocrx_word' id='word_1_387' title='bbox 641 2996 754 3032; x_wconf 84' lang='lat' dir='ltr'>restare</span> <span class='ocrx_word' id='word_1_388' title='bbox 772 3000 804 3033; x_wconf 90' lang='lat' dir='ltr'>in</span> <span class='ocrx_word' id='word_1_389' title='bbox 817 2997 876 3033; x_wconf 84' lang='lat' dir='ltr'>hac</span> <span class='ocrx_word' id='word_1_390' title='bbox 888 3000 1038 3048; x_wconf 80' lang='lat' dir='ltr'>quaestio-</span> <span class='ocrx_word' id='word_1_391' title='bbox 1085 3002 1228 3035; x_wconf 66' lang='lat' dir='ltr'>&amp;ionem</span> <span class='ocrx_word' id='word_1_392' title='bbox 1249 2998 1487 3033; x_wconf 83' lang='lat' dir='ltr'>horrendorum</span> <span class='ocrx_word' id='word_1_393' title='bbox 1502 2996 1729 3043; x_wconf 80' lang='lat' dir='ltr'>mysteriorum</span> <span class='ocrx_word' id='word_1_394' title='bbox 1743 3021 1750 3032; x_wconf 88' lang='lat'><em>‚</em></span> <span class='ocrx_word' id='word_1_395' title='bbox 1778 2995 1838 3029; x_wconf 87' lang='lat' dir='ltr'>sub</span> 
     </span>
     <span class='ocr_line' id='line_1_33' title="bbox 129 3041 1837 3096; baseline -0.005 -10"><span class='ocrx_word' id='word_1_396' title='bbox 129 3043 191 3079; x_wconf 81' lang='lat' dir='ltr'>plex</span> <span class='ocrx_word' id='word_1_397' title='bbox 200 3041 258 3086; x_wconf 58' lang='lat'>‘3²¹⁹&#39;</span> <span class='ocrx_word' id='word_1_398' title='bbox 288 3053 327 3075; x_wconf 65' lang='grc' dir='ltr'>ΠΕ</span> <span class='ocrx_word' id='word_1_399' title='bbox 348 3044 443 3091; x_wconf 61' lang='grc' dir='ltr'>Ἶυέιῐη</span> <span class='ocrx_word' id='word_1_400' title='bbox 464 3047 585 3083; x_wconf 76' lang='lat' dir='ltr'>famosa</span> <span class='ocrx_word' id='word_1_401' title='bbox 605 3047 771 3082; x_wconf 64' lang='lat' dir='ltr'>distinctio</span> <span class='ocrx_word' id='word_1_402' title='bbox 790 3048 806 3083; x_wconf 72' lang='lat' dir='ltr'>a</span> <span class='ocrx_word' id='word_1_403' title='bbox 827 3048 1038 3096; x_wconf 85' lang='lat' dir='ltr'>Buxtorfiosae-</span> <span class='ocrx_word' id='word_1_404' title='bbox 1084 3043 1147 3085; x_wconf 88' lang='lat' dir='ltr'>hoc</span> <span class='ocrx_word' id='word_1_405' title='bbox 1158 3051 1340 3096; x_wconf 85' lang='lat' dir='ltr'>ignotarum</span> <span class='ocrx_word' id='word_1_406' title='bbox 1354 3048 1455 3094; x_wconf 80' lang='lat' dir='ltr'>vulgo</span> <span class='ocrx_word' id='word_1_407' title='bbox 1470 3048 1631 3080; x_wconf 85' lang='lat' dir='ltr'>literarum</span> <span class='ocrx_word' id='word_1_408' title='bbox 1644 3046 1735 3079; x_wconf 87' lang='lat' dir='ltr'>velo:</span> <span class='ocrx_word' id='word_1_409' title='bbox 1750 3044 1837 3079; x_wconf 71' lang='lat' dir='ltr'>certe</span> 
     </span>
     <span class='ocr_line' id='line_1_34' title="bbox 126 3081 1832 3159; baseline -0.002 -27"><span class='ocrx_word' id='word_1_410' title='bbox 126 3081 266 3159; x_wconf 48' lang='lat' dir='ltr'>jI&#39;Ziifislite-</span> <span class='ocrx_word' id='word_1_411' title='bbox 289 3090 359 3136; x_wconf 74' lang='lat' dir='ltr'>Pius</span> <span class='ocrx_word' id='word_1_412' title='bbox 372 3096 587 3140; x_wconf 78' lang='lat' dir='ltr'>ingeminata,</span> <span class='ocrx_word' id='word_1_413' title='bbox 610 3102 641 3133; x_wconf 88' lang='lat'>&amp;</span> <span class='ocrx_word' id='word_1_414' title='bbox 665 3096 681 3131; x_wconf 71' lang='lat' dir='ltr'>a</span> <span class='ocrx_word' id='word_1_415' title='bbox 702 3099 857 3133; x_wconf 85' lang='lat' dir='ltr'>VValtono</span> <span class='ocrx_word' id='word_1_416' title='bbox 872 3102 906 3133; x_wconf 71' lang='grc' dir='ltr'>δε</span> <span class='ocrx_word' id='word_1_417' title='bbox 926 3099 1036 3148; x_wconf 78' lang='lat' dir='ltr'>Capella</span> <span class='ocrx_word' id='word_1_418' title='bbox 1083 3097 1295 3134; x_wconf 76' lang='lat' dir='ltr'>horridissima</span> <span class='ocrx_word' id='word_1_419' title='bbox 1306 3097 1534 3144; x_wconf 75' lang='lat' dir='ltr'>AEgyptiorum</span> <span class='ocrx_word' id='word_1_420' title='bbox 1552 3120 1561 3135; x_wconf 91' lang='lat'>‚</span> <span class='ocrx_word' id='word_1_421' title='bbox 1588 3094 1832 3134; x_wconf 76' lang='lat' dir='ltr'>Clialdaeorum,</span> 
     </span>
     <span class='ocr_line' id='line_1_35' title="bbox 134 3142 1837 3196; baseline -0.01 -3"><span class='ocrx_word' id='word_1_422' title='bbox 134 3173 216 3190; x_wconf 82' lang='lat' dir='ltr'>rarum</span> <span class='ocrx_word' id='word_1_423' title='bbox 289 3142 369 3194; x_wconf 42' lang='lat'>195⁵</span> <span class='ocrx_word' id='word_1_424' title='bbox 384 3143 502 3177; x_wconf 85' lang='lat' dir='ltr'>viribus</span> <span class='ocrx_word' id='word_1_425' title='bbox 513 3158 715 3194; x_wconf 81' lang='lat' dir='ltr'>oppugnata,</span> <span class='ocrx_word' id='word_1_426' title='bbox 727 3148 862 3195; x_wconf 82' lang='lat' dir='ltr'>duplicis</span> <span class='ocrx_word' id='word_1_427' title='bbox 878 3149 963 3196; x_wconf 85' lang='lat' dir='ltr'>apud</span> <span class='ocrx_word' id='word_1_428' title='bbox 977 3162 1035 3184; x_wconf 83' lang='lat' dir='ltr'>an—</span> <span class='ocrx_word' id='word_1_429' title='bbox 1081 3153 1112 3184; x_wconf 71' lang='grc' dir='ltr'>δι</span> <span class='ocrx_word' id='word_1_430' title='bbox 1131 3149 1269 3183; x_wconf 90' lang='lat' dir='ltr'>aliorum</span> <span class='ocrx_word' id='word_1_431' title='bbox 1285 3147 1467 3180; x_wconf 88' lang='lat' dir='ltr'>Gentilium</span> <span class='ocrx_word' id='word_1_432' title='bbox 1489 3145 1678 3180; x_wconf 82' lang='lat' dir='ltr'>Idololatria</span> <span class='ocrx_word' id='word_1_433' title='bbox 1702 3146 1717 3176; x_wconf 75' lang='lat' dir='ltr'>a</span> <span class='ocrx_word' id='word_1_434' title='bbox 1734 3143 1837 3177; x_wconf 68' lang='lat' dir='ltr'>{acer-</span> 
     </span>
     <span class='ocr_line' id='line_1_36' title="bbox 133 3190 1833 3247; baseline 0.002 -24"><span class='ocrx_word' id='word_1_435' title='bbox 133 3202 262 3233; x_wconf 63' lang='lat' dir='ltr'>abaraeler.</span> <span class='ocrx_word' id='word_1_436' title='bbox 289 3198 399 3237; x_wconf 79' lang='lat' dir='ltr'>tiquos</span> <span class='ocrx_word' id='word_1_437' title='bbox 410 3190 565 3229; x_wconf 81' lang='lat' dir='ltr'>Hebraeos</span> <span class='ocrx_word' id='word_1_438' title='bbox 578 3196 788 3239; x_wconf 63' lang='lat' dir='ltr'>cliaraCteris3</span> <span class='ocrx_word' id='word_1_439' title='bbox 814 3199 911 3234; x_wconf 89' lang='lat' dir='ltr'>unius</span> <span class='ocrx_word' id='word_1_440' title='bbox 922 3200 1035 3247; x_wconf 86' lang='lat' dir='ltr'>vulga·</span> <span class='ocrx_word' id='word_1_441' title='bbox 1081 3197 1232 3241; x_wconf 85' lang='lat' dir='ltr'>dotibus,</span> <span class='ocrx_word' id='word_1_442' title='bbox 1242 3199 1347 3246; x_wconf 67' lang='lat' dir='ltr'>poetis</span> <span class='ocrx_word' id='word_1_443' title='bbox 1357 3219 1367 3235; x_wconf 87' lang='lat'>‚</span> <span class='ocrx_word' id='word_1_444' title='bbox 1378 3195 1535 3231; x_wconf 87' lang='lat' dir='ltr'>historicis</span> <span class='ocrx_word' id='word_1_445' title='bbox 1546 3194 1740 3242; x_wconf 83' lang='lat' dir='ltr'>singularum</span> <span class='ocrx_word' id='word_1_446' title='bbox 1754 3204 1833 3237; x_wconf 77' lang='lat' dir='ltr'>gen-</span> 
     </span>
    </p>
   </div>
   <div class='ocr_carea' id='block_1_2' title="bbox 312 116 1065 165">
    <p class='ocr_par' dir='ltr' id='par_1_4' title="bbox 312 116 1065 165">
     <span class='ocr_line' id='line_1_37' title="bbox 312 116 1065 165; baseline -0.012 -1"><span class='ocrx_word' id='word_1_447' title='bbox 312 120 392 165; x_wconf 68' lang='lat'>202]</span> <span class='ocrx_word' id='word_1_448' title='bbox 647 116 1065 159; x_wconf 76' lang='lat' dir='ltr'>OPER13H</span> 
     </span>
    </p>
   </div>
   <div class='ocr_carea' id='block_1_3' title="bbox 304 189 1063 685">
    <p class='ocr_par' dir='ltr' id='par_1_5' title="bbox 304 189 1063 685">
     <span class='ocr_line' id='line_1_38' title="bbox 307 189 1060 242; baseline -0.005 -14"><span class='ocrx_word' id='word_1_449' title='bbox 307 193 480 242; x_wconf 81' lang='lat' dir='ltr'>ingenium</span> <span class='ocrx_word' id='word_1_450' title='bbox 490 215 500 229; x_wconf 87' lang='lat'>‚</span> <span class='ocrx_word' id='word_1_451' title='bbox 517 190 607 240; x_wconf 69' lang='lat' dir='ltr'>quod</span> <span class='ocrx_word' id='word_1_452' title='bbox 618 204 688 227; x_wconf 87' lang='lat' dir='ltr'>uon</span> <span class='ocrx_word' id='word_1_453' title='bbox 699 191 758 227; x_wconf 87' lang='lat' dir='ltr'>nifi</span> <span class='ocrx_word' id='word_1_454' title='bbox 768 192 957 226; x_wconf 67' lang='lat' dir='ltr'>auctoritate</span> <span class='ocrx_word' id='word_1_455' title='bbox 966 189 1060 238; x_wconf 68' lang='lat' dir='ltr'>plane</span> 
     </span>
     <span class='ocr_line' id='line_1_39' title="bbox 307 239 1060 290; baseline -0.004 -13"><span class='ocrx_word' id='word_1_456' title='bbox 307 243 436 280; x_wconf 68' lang='lat' dir='ltr'>divinz&#39;i,</span> <span class='ocrx_word' id='word_1_457' title='bbox 461 239 630 290; x_wconf 70' lang='lat' dir='ltr'>reliquisset</span> <span class='ocrx_word' id='word_1_458' title='bbox 640 242 844 278; x_wconf 85' lang='lat' dir='ltr'>Samaritanis</span> <span class='ocrx_word' id='word_1_459' title='bbox 869 239 1060 287; x_wconf 82' lang='lat' dir='ltr'>capitalibus</span> 
     </span>
     <span class='ocr_line' id='line_1_40' title="bbox 307 290 1059 339; baseline -0.004 -12"><span class='ocrx_word' id='word_1_460' title='bbox 307 291 455 327; x_wconf 88' lang='lat' dir='ltr'>hostibus</span> <span class='ocrx_word' id='word_1_461' title='bbox 468 292 573 326; x_wconf 85' lang='lat' dir='ltr'>literas</span> <span class='ocrx_word' id='word_1_462' title='bbox 584 291 665 332; x_wconf 88' lang='lat' dir='ltr'>suas,</span> <span class='ocrx_word' id='word_1_463' title='bbox 680 294 712 326; x_wconf 92' lang='lat' dir='ltr'>in</span> <span class='ocrx_word' id='word_1_464' title='bbox 723 290 842 339; x_wconf 87' lang='lat' dir='ltr'>quibus</span> <span class='ocrx_word' id='word_1_465' title='bbox 854 292 944 325; x_wconf 91' lang='lat' dir='ltr'>Deus</span> <span class='ocrx_word' id='word_1_466' title='bbox 954 290 1059 338; x_wconf 83' lang='lat' dir='ltr'>legem</span> 
     </span>
     <span class='ocr_line' id='line_1_41' title="bbox 307 337 1063 388; baseline -0.005 -11"><span class='ocrx_word' id='word_1_467' title='bbox 307 346 340 377; x_wconf 89' lang='lat'>&amp;</span> <span class='ocrx_word' id='word_1_468' title='bbox 371 339 539 388; x_wconf 75' lang='lat' dir='ltr'>Proplietae</span> <span class='ocrx_word' id='word_1_469' title='bbox 566 340 774 376; x_wconf 65' lang='lat' dir='ltr'>Sacrosaneta</span> <span class='ocrx_word' id='word_1_470' title='bbox 791 337 844 374; x_wconf 89' lang='lat' dir='ltr'>sua</span> <span class='ocrx_word' id='word_1_471' title='bbox 869 339 986 387; x_wconf 85' lang='lat' dir='ltr'>scripta</span> <span class='ocrx_word' id='word_1_472' title='bbox 1004 352 1063 374; x_wconf 82' lang='lat' dir='ltr'>ex-</span> 
     </span>
     <span class='ocr_line' id='line_1_42' title="bbox 304 385 1059 438; baseline -0.001 -15"><span class='ocrx_word' id='word_1_473' title='bbox 304 388 487 437; x_wconf 67' lang='lat' dir='ltr'>pressissent.</span> <span class='ocrx_word' id='word_1_474' title='bbox 514 385 704 438; x_wconf 72' lang='lat' dir='ltr'>Respondet</span> <span class='ocrx_word' id='word_1_475' title='bbox 712 389 1059 438; x_wconf 82' lang='lat' dir='ltr'>Capellustenacitatem</span> 
     </span>
     <span class='ocr_line' id='line_1_43' title="bbox 304 436 1059 488; baseline -0.005 -14"><span class='ocrx_word' id='word_1_476' title='bbox 304 439 390 474; x_wconf 88' lang='lat' dir='ltr'>hanc</span> <span class='ocrx_word' id='word_1_477' title='bbox 410 440 599 487; x_wconf 85' lang='lat' dir='ltr'>Judaeorum</span> <span class='ocrx_word' id='word_1_478' title='bbox 620 438 710 475; x_wconf 89' lang='lat' dir='ltr'>fuisse</span> <span class='ocrx_word' id='word_1_479' title='bbox 729 439 990 488; x_wconf 87' lang='lat' dir='ltr'>superstitionem</span> <span class='ocrx_word' id='word_1_480' title='bbox 1006 463 1015 476; x_wconf 83' lang='lat'>,</span> <span class='ocrx_word' id='word_1_481' title='bbox 1041 436 1059 470; x_wconf 73' lang='grc' dir='ltr'>εὶ</span> 
     </span>
     <span class='ocr_line' id='line_1_44' title="bbox 305 487 1059 536; baseline -0.007 -13"><span class='ocrx_word' id='word_1_482' title='bbox 305 487 370 536; x_wconf 73' lang='lat' dir='ltr'>quc&#39;i</span> <span class='ocrx_word' id='word_1_483' title='bbox 395 488 508 524; x_wconf 89' lang='lat' dir='ltr'>diebus</span> <span class='ocrx_word' id='word_1_484' title='bbox 527 492 614 526; x_wconf 59' lang='lat' dir='ltr'>Eaerae</span> <span class='ocrx_word' id='word_1_485' title='bbox 639 489 741 536; x_wconf 77' lang='lat' dir='ltr'>judaei</span> <span class='ocrx_word' id='word_1_486' title='bbox 767 500 858 524; x_wconf 88' lang='lat' dir='ltr'>erant</span> <span class='ocrx_word' id='word_1_487' title='bbox 884 490 1059 522; x_wconf 87' lang='lat' dir='ltr'>immunes.</span> 
     </span>
     <span class='ocr_line' id='line_1_45' title="bbox 305 534 1059 588; baseline -0.007 -16"><span class='ocrx_word' id='word_1_488' title='bbox 305 539 454 585; x_wconf 86' lang='lat' dir='ltr'>Replica.</span> <span class='ocrx_word' id='word_1_489' title='bbox 478 538 572 573; x_wconf 90' lang='lat' dir='ltr'>Nihil</span> <span class='ocrx_word' id='word_1_490' title='bbox 583 540 616 573; x_wconf 90' lang='lat' dir='ltr'>in</span> <span class='ocrx_word' id='word_1_491' title='bbox 628 539 811 588; x_wconf 87' lang='lat' dir='ltr'>Judaeorum</span> <span class='ocrx_word' id='word_1_492' title='bbox 835 534 951 583; x_wconf 58' lang='lat' dir='ltr'>magn&amp;</span> <span class='ocrx_word' id='word_1_493' title='bbox 967 547 1059 569; x_wconf 89' lang='lat' dir='ltr'>reve-</span> 
     </span>
     <span class='ocr_line' id='line_1_46' title="bbox 304 583 1059 636; baseline -0.004 -15"><span class='ocrx_word' id='word_1_494' title='bbox 304 586 428 629; x_wconf 68' lang='lat' dir='ltr'>rentiz‘i,</span> <span class='ocrx_word' id='word_1_495' title='bbox 441 591 472 622; x_wconf 91' lang='lat'>&amp;</span> <span class='ocrx_word' id='word_1_496' title='bbox 482 600 593 623; x_wconf 86' lang='lat' dir='ltr'>amore</span> <span class='ocrx_word' id='word_1_497' title='bbox 601 601 677 636; x_wconf 85' lang='lat' dir='ltr'>erga</span> <span class='ocrx_word' id='word_1_498' title='bbox 689 586 804 635; x_wconf 88' lang='lat' dir='ltr'>priscas</span> <span class='ocrx_word' id='word_1_499' title='bbox 816 590 844 619; x_wconf 70' lang='grc' dir='ltr'>ἃ</span> <span class='ocrx_word' id='word_1_500' title='bbox 855 585 981 618; x_wconf 87' lang='lat' dir='ltr'>divinas</span> <span class='ocrx_word' id='word_1_501' title='bbox 992 583 1059 618; x_wconf 91' lang='lat' dir='ltr'>suas</span> 
     </span>
     <span class='ocr_line' id='line_1_47' title="bbox 304 632 1060 685; baseline -0.003 -15"><span class='ocrx_word' id='word_1_502' title='bbox 304 636 415 671; x_wconf 87' lang='lat' dir='ltr'>literas</span> <span class='ocrx_word' id='word_1_503' title='bbox 430 635 492 672; x_wconf 91' lang='lat' dir='ltr'>fuit</span> <span class='ocrx_word' id='word_1_504' title='bbox 508 637 737 685; x_wconf 87' lang='lat' dir='ltr'>superstitionis</span> <span class='ocrx_word' id='word_1_505' title='bbox 749 660 758 673; x_wconf 96' lang='lat'>‚</span> <span class='ocrx_word' id='word_1_506' title='bbox 783 645 888 680; x_wconf 87' lang='lat' dir='ltr'>neque</span> <span class='ocrx_word' id='word_1_507' title='bbox 917 632 978 668; x_wconf 90' lang='lat' dir='ltr'>ulla</span> <span class='ocrx_word' id='word_1_508' title='bbox 997 647 1060 668; x_wconf 90' lang='lat' dir='ltr'>un-</span> 
     </span>
    </p>
   </div>
   <div class='ocr_carea' id='block_1_4' title="bbox 304 684 1059 783">
    <p class='ocr_par' dir='ltr' id='par_1_6' title="bbox 304 684 1059 783">
     <span class='ocr_line' id='line_1_48' title="bbox 305 684 1059 735; baseline -0.003 -15"><span class='ocrx_word' id='word_1_509' title='bbox 305 697 404 734; x_wconf 87' lang='lat' dir='ltr'>quam</span> <span class='ocrx_word' id='word_1_510' title='bbox 423 700 504 735; x_wconf 88' lang='lat' dir='ltr'>gens</span> <span class='ocrx_word' id='word_1_511' title='bbox 520 687 602 725; x_wconf 91' lang='lat' dir='ltr'>fuit,</span> <span class='ocrx_word' id='word_1_512' title='bbox 628 696 682 719; x_wconf 88' lang='lat' dir='ltr'>aut</span> <span class='ocrx_word' id='word_1_513' title='bbox 697 684 803 717; x_wconf 89' lang='lat' dir='ltr'>homo</span> <span class='ocrx_word' id='word_1_514' title='bbox 820 684 983 730; x_wconf 82' lang='lat' dir='ltr'>ingenuus</span> <span class='ocrx_word' id='word_1_515' title='bbox 1001 685 1059 732; x_wconf 91' lang='lat' dir='ltr'>qui</span> 
     </span>
     <span class='ocr_line' id='line_1_49' title="bbox 304 731 1058 783; baseline -0.001 -15"><span class='ocrx_word' id='word_1_516' title='bbox 304 737 518 783; x_wconf 87' lang='lat' dir='ltr'>antiquorum</span> <span class='ocrx_word' id='word_1_517' title='bbox 543 735 649 781; x_wconf 85' lang='lat' dir='ltr'>patriae</span> <span class='ocrx_word' id='word_1_518' title='bbox 670 731 892 768; x_wconf 66' lang='lat' dir='ltr'>chara6laerum</span> <span class='ocrx_word' id='word_1_519' title='bbox 909 732 968 767; x_wconf 82' lang='lat' dir='ltr'>esse</span> <span class='ocrx_word' id='word_1_520' title='bbox 988 746 1058 768; x_wconf 89' lang='lat' dir='ltr'>non</span> 
     </span>
    </p>
   </div>
   <div class='ocr_carea' id='block_1_5' title="bbox 294 779 1062 1472">
    <p class='ocr_par' dir='ltr' id='par_1_7' title="bbox 294 779 1062 1472">
     <span class='ocr_line' id='line_1_50' title="bbox 302 779 1059 832; baseline -0.003 -14"><span class='ocrx_word' id='word_1_521' title='bbox 302 787 415 832; x_wconf 86' lang='lat' dir='ltr'>potuit</span> <span class='ocrx_word' id='word_1_522' title='bbox 425 783 539 831; x_wconf 83' lang='lat' dir='ltr'>absque</span> <span class='ocrx_word' id='word_1_523' title='bbox 549 784 640 816; x_wconf 88' lang='lat' dir='ltr'>omni</span> <span class='ocrx_word' id='word_1_524' title='bbox 652 779 886 829; x_wconf 87' lang='lat' dir='ltr'>superstitionis</span> <span class='ocrx_word' id='word_1_525' title='bbox 899 781 978 815; x_wconf 69' lang='lat' dir='ltr'>nota</span> <span class='ocrx_word' id='word_1_526' title='bbox 994 782 1059 816; x_wconf 92' lang='lat' dir='ltr'>stu-</span> 
     </span>
     <span class='ocr_line' id='line_1_51' title="bbox 303 830 1058 879; baseline -0.004 -12"><span class='ocrx_word' id='word_1_527' title='bbox 303 830 414 867; x_wconf 83' lang='lat' dir='ltr'>diosus</span> <span class='ocrx_word' id='word_1_528' title='bbox 431 846 440 866; x_wconf 89' lang='lat'>:</span> <span class='ocrx_word' id='word_1_529' title='bbox 467 834 582 879; x_wconf 89' lang='lat' dir='ltr'>ingens</span> <span class='ocrx_word' id='word_1_530' title='bbox 610 831 796 879; x_wconf 83' lang='lat' dir='ltr'>Judaeorum</span> <span class='ocrx_word' id='word_1_531' title='bbox 824 831 910 865; x_wconf 84' lang='lat' dir='ltr'>zelus</span> <span class='ocrx_word' id='word_1_532' title='bbox 945 830 1058 865; x_wconf 88' lang='lat' dir='ltr'>diebus</span> 
     </span>
     <span class='ocr_line' id='line_1_52' title="bbox 302 878 1059 928; baseline -0.004 -12"><span class='ocrx_word' id='word_1_533' title='bbox 302 878 467 916; x_wconf 55' lang='lat' dir='ltr'>‘Antiochi</span> <span class='ocrx_word' id='word_1_534' title='bbox 491 893 563 928; x_wconf 87' lang='lat' dir='ltr'>erga</span> <span class='ocrx_word' id='word_1_535' title='bbox 582 881 685 915; x_wconf 89' lang='lat' dir='ltr'>libros</span> <span class='ocrx_word' id='word_1_536' title='bbox 703 907 713 921; x_wconf 85' lang='grc'>,</span> <span class='ocrx_word' id='word_1_537' title='bbox 735 893 770 915; x_wconf 93' lang='lat' dir='ltr'>ac</span> <span class='ocrx_word' id='word_1_538' title='bbox 788 878 857 927; x_wconf 87' lang='lat' dir='ltr'>ipsa</span> <span class='ocrx_word' id='word_1_539' title='bbox 873 879 968 915; x_wconf 84' lang='lat' dir='ltr'>verba</span> <span class='ocrx_word' id='word_1_540' title='bbox 982 905 992 920; x_wconf 94' lang='lat'>,</span> <span class='ocrx_word' id='word_1_541' title='bbox 1021 892 1059 914; x_wconf 88' lang='lat' dir='ltr'>ac</span> 
     </span>
     <span class='ocr_line' id='line_1_53' title="bbox 299 928 1059 977; baseline -0.003 -11"><span class='ocrx_word' id='word_1_542' title='bbox 299 930 409 966; x_wconf 86' lang='lat' dir='ltr'>literas</span> <span class='ocrx_word' id='word_1_543' title='bbox 426 932 527 965; x_wconf 84' lang='lat' dir='ltr'>Sacrae</span> <span class='ocrx_word' id='word_1_544' title='bbox 539 931 710 977; x_wconf 81' lang='lat' dir='ltr'>Scripturae</span> <span class='ocrx_word' id='word_1_545' title='bbox 721 953 729 966; x_wconf 90' lang='lat'><em>‚</em></span> <span class='ocrx_word' id='word_1_546' title='bbox 740 928 892 977; x_wconf 74' lang='lat' dir='ltr'>eousque</span> <span class='ocrx_word' id='word_1_547' title='bbox 904 941 940 964; x_wconf 81' lang='lat' dir='ltr'>ut</span> <span class='ocrx_word' id='word_1_548' title='bbox 950 929 1059 977; x_wconf 76' lang='lat' dir='ltr'>Capelli</span> 
     </span>
     <span class='ocr_line' id='line_1_54' title="bbox 294 978 1058 1025; baseline -0.001 -11"><span class='ocrx_word' id='word_1_549' title='bbox 294 980 433 1025; x_wconf 65' lang='lat' dir='ltr'>jactatos</span> <span class='ocrx_word' id='word_1_550' title='bbox 449 980 532 1014; x_wconf 91' lang='lat' dir='ltr'>iniis</span> <span class='ocrx_word' id='word_1_551' title='bbox 547 991 672 1014; x_wconf 88' lang='lat' dir='ltr'>errores</span> <span class='ocrx_word' id='word_1_552' title='bbox 691 978 869 1013; x_wconf 85' lang='lat' dir='ltr'>habuerint</span> <span class='ocrx_word' id='word_1_553' title='bbox 888 978 1058 1014; x_wconf 82' lang='lat' dir='ltr'>abomina-</span> 
     </span>
     <span class='ocr_line' id='line_1_55' title="bbox 297 1027 1059 1077; baseline -0.001 -15"><span class='ocrx_word' id='word_1_554' title='bbox 297 1029 403 1070; x_wconf 91' lang='lat' dir='ltr'>tioni,</span> <span class='ocrx_word' id='word_1_555' title='bbox 429 1030 546 1076; x_wconf 87' lang='lat' dir='ltr'>procul</span> <span class='ocrx_word' id='word_1_556' title='bbox 558 1027 664 1064; x_wconf 90' lang='lat' dir='ltr'>abfuit</span> <span class='ocrx_word' id='word_1_557' title='bbox 673 1028 714 1064; x_wconf 86' lang='lat' dir='ltr'>ab</span> <span class='ocrx_word' id='word_1_558' title='bbox 723 1030 815 1063; x_wconf 92' lang='lat' dir='ltr'>omni</span> <span class='ocrx_word' id='word_1_559' title='bbox 827 1028 1059 1077; x_wconf 85' lang='lat' dir='ltr'>superstitione.</span> 
     </span>
     <span class='ocr_line' id='line_1_56' title="bbox 298 1076 1062 1127; baseline 0.001 -15"><span class='ocrx_word' id='word_1_560' title='bbox 298 1076 408 1124; x_wconf 75' lang='lat' dir='ltr'>Qod</span> <span class='ocrx_word' id='word_1_561' title='bbox 426 1077 551 1126; x_wconf 75' lang='lat' dir='ltr'>Capellns</span> <span class='ocrx_word' id='word_1_562' title='bbox 575 1079 700 1127; x_wconf 89' lang='lat' dir='ltr'>Judaeos</span> <span class='ocrx_word' id='word_1_563' title='bbox 720 1088 816 1113; x_wconf 86' lang='lat' dir='ltr'>tantae</span> <span class='ocrx_word' id='word_1_564' title='bbox 854 1080 1062 1127; x_wconf 67' lang='lat' dir='ltr'>negligentiae</span> 
     </span>
     <span class='ocr_line' id='line_1_57' title="bbox 299 1126 1056 1176; baseline 0.003 -15"><span class='ocrx_word' id='word_1_565' title='bbox 299 1126 424 1162; x_wconf 86' lang='lat' dir='ltr'>accusat</span> <span class='ocrx_word' id='word_1_566' title='bbox 436 1150 445 1163; x_wconf 86' lang='lat'><em>‚</em></span> <span class='ocrx_word' id='word_1_567' title='bbox 468 1138 504 1161; x_wconf 89' lang='lat' dir='ltr'>ut</span> <span class='ocrx_word' id='word_1_568' title='bbox 518 1129 603 1162; x_wconf 87' lang='lat' dir='ltr'>inter</span> <span class='ocrx_word' id='word_1_569' title='bbox 614 1140 733 1163; x_wconf 87' lang='lat' dir='ltr'>omnes</span> <span class='ocrx_word' id='word_1_570' title='bbox 744 1130 801 1176; x_wconf 87' lang='lat' dir='ltr'>qui</span> <span class='ocrx_word' id='word_1_571' title='bbox 813 1129 847 1162; x_wconf 87' lang='lat' dir='ltr'>in</span> <span class='ocrx_word' id='word_1_572' title='bbox 859 1128 1056 1175; x_wconf 69' lang='lat' dir='ltr'>Babyloiiicz&#39;i</span> 
     </span>
     <span class='ocr_line' id='line_1_58' title="bbox 299 1177 1056 1226; baseline 0.003 -16"><span class='ocrx_word' id='word_1_573' title='bbox 299 1178 486 1222; x_wconf 88' lang='lat' dir='ltr'>captivitate</span> <span class='ocrx_word' id='word_1_574' title='bbox 494 1178 661 1218; x_wconf 85' lang='lat' dir='ltr'>vixerunt,</span> <span class='ocrx_word' id='word_1_575' title='bbox 670 1189 724 1212; x_wconf 89' lang='lat' dir='ltr'>aut</span> <span class='ocrx_word' id='word_1_576' title='bbox 734 1179 790 1226; x_wconf 90' lang='lat' dir='ltr'>qui</span> <span class='ocrx_word' id='word_1_577' title='bbox 802 1177 915 1212; x_wconf 89' lang='lat' dir='ltr'>dicbus</span> <span class='ocrx_word' id='word_1_578' title='bbox 927 1181 1013 1214; x_wconf 69' lang='lat' dir='ltr'>Ezrae</span> <span class='ocrx_word' id='word_1_579' title='bbox 1022 1180 1056 1212; x_wconf 88' lang='lat' dir='ltr'>iri</span> 
     </span>
     <span class='ocr_line' id='line_1_59' title="bbox 297 1225 1054 1273; baseline 0.003 -14"><span class='ocrx_word' id='word_1_580' title='bbox 297 1225 406 1273; x_wconf 65' lang='lat' dir='ltr'>Judaea</span> <span class='ocrx_word' id='word_1_581' title='bbox 422 1227 473 1260; x_wconf 89' lang='lat' dir='ltr'>vel</span> <span class='ocrx_word' id='word_1_582' title='bbox 485 1225 673 1273; x_wconf 87' lang='lat' dir='ltr'>ubicunque</span> <span class='ocrx_word' id='word_1_583' title='bbox 684 1226 874 1262; x_wconf 65' lang='lat' dir='ltr'>habitarunt</span> <span class='ocrx_word' id='word_1_584' title='bbox 886 1251 896 1266; x_wconf 92' lang='lat'>,</span> <span class='ocrx_word' id='word_1_585' title='bbox 923 1239 993 1261; x_wconf 90' lang='lat' dir='ltr'>non</span> <span class='ocrx_word' id='word_1_586' title='bbox 1005 1240 1054 1262; x_wconf 88' lang='lat' dir='ltr'>re-</span> 
     </span>
     <span class='ocr_line' id='line_1_60' title="bbox 295 1274 1053 1325; baseline 0.001 -16"><span class='ocrx_word' id='word_1_587' title='bbox 295 1274 449 1310; x_wconf 83' lang='lat' dir='ltr'>manserit</span> <span class='ocrx_word' id='word_1_588' title='bbox 465 1288 508 1310; x_wconf 88' lang='lat' dir='ltr'>ne</span> <span class='ocrx_word' id='word_1_589' title='bbox 526 1288 609 1310; x_wconf 88' lang='lat' dir='ltr'>unus</span> <span class='ocrx_word' id='word_1_590' title='bbox 625 1276 710 1311; x_wconf 87' lang='lat' dir='ltr'>sacer</span> <span class='ocrx_word' id='word_1_591' title='bbox 729 1277 831 1311; x_wconf 80' lang='lat' dir='ltr'>codex</span> <span class='ocrx_word' id='word_1_592' title='bbox 845 1287 958 1325; x_wconf 84' lang='lat' dir='ltr'>praetcr</span> <span class='ocrx_word' id='word_1_593' title='bbox 979 1289 1053 1310; x_wconf 91' lang='lat' dir='ltr'>eum</span> 
     </span>
     <span class='ocr_line' id='line_1_61' title="bbox 294 1323 1054 1372; baseline 0.003 -15"><span class='ocrx_word' id='word_1_594' title='bbox 294 1323 402 1358; x_wconf 88' lang='lat' dir='ltr'>solum</span> <span class='ocrx_word' id='word_1_595' title='bbox 414 1335 509 1371; x_wconf 86' lang='lat' dir='ltr'>quem</span> <span class='ocrx_word' id='word_1_596' title='bbox 523 1325 705 1372; x_wconf 86' lang='lat' dir='ltr'>possidebat</span> <span class='ocrx_word' id='word_1_597' title='bbox 725 1329 825 1359; x_wconf 57' lang='lat' dir='ltr'>Eam</span> <span class='ocrx_word' id='word_1_598' title='bbox 845 1350 853 1362; x_wconf 89' lang='lat'>,</span> <span class='ocrx_word' id='word_1_599' title='bbox 878 1338 1054 1359; x_wconf 88' lang='lat' dir='ltr'>commen-</span> 
     </span>
     <span class='ocr_line' id='line_1_62' title="bbox 294 1373 1054 1423; baseline 0.004 -16"><span class='ocrx_word' id='word_1_600' title='bbox 294 1383 368 1408; x_wconf 90' lang='lat' dir='ltr'>tum</span> <span class='ocrx_word' id='word_1_601' title='bbox 380 1373 424 1408; x_wconf 88' lang='lat' dir='ltr'>est</span> <span class='ocrx_word' id='word_1_602' title='bbox 438 1397 449 1415; x_wconf 85' lang='lat'>,</span> <span class='ocrx_word' id='word_1_603' title='bbox 471 1375 504 1408; x_wconf 90' lang='lat' dir='ltr'>in</span> <span class='ocrx_word' id='word_1_604' title='bbox 525 1387 592 1423; x_wconf 89' lang='lat' dir='ltr'>quo</span> <span class='ocrx_word' id='word_1_605' title='bbox 611 1373 721 1409; x_wconf 90' lang='lat' dir='ltr'>nescio</span> <span class='ocrx_word' id='word_1_606' title='bbox 737 1388 777 1410; x_wconf 84' lang='lat' dir='ltr'>an</span> <span class='ocrx_word' id='word_1_607' title='bbox 799 1375 883 1409; x_wconf 88' lang='lat' dir='ltr'>ullos</span> <span class='ocrx_word' id='word_1_608' title='bbox 903 1375 953 1408; x_wconf 88' lang='lat' dir='ltr'>vel</span> <span class='ocrx_word' id='word_1_609' title='bbox 964 1385 1054 1410; x_wconf 89' lang='lat' dir='ltr'>ante·</span> 
     </span>
     <span class='ocr_line' id='line_1_63' title="bbox 295 1421 946 1472; baseline -0.003 -14"><span class='ocrx_word' id='word_1_610' title='bbox 295 1421 443 1462; x_wconf 79' lang='lat' dir='ltr'>cessores,</span> <span class='ocrx_word' id='word_1_611' title='bbox 456 1425 505 1458; x_wconf 92' lang='lat' dir='ltr'>vel</span> <span class='ocrx_word' id='word_1_612' title='bbox 517 1422 664 1472; x_wconf 86' lang='lat' dir='ltr'>sequaces</span> <span class='ocrx_word' id='word_1_613' title='bbox 676 1424 808 1472; x_wconf 71' lang='lat' dir='ltr'>capellus</span> <span class='ocrx_word' id='word_1_614' title='bbox 817 1423 946 1459; x_wconf 87' lang='lat' dir='ltr'>habeat.</span> 
     </span>
    </p>
   </div>
   <div class='ocr_carea' id='block_1_6' title="bbox 1079 199 1085 702">
    <p class='ocr_par' dir='ltr' id='par_1_8' title="bbox 1079 199 1085 702">
     <span class='ocr_line' id='line_1_64' title="bbox 1079 199 1085 702; baseline 0 0"><span class='ocrx_word' id='word_1_615' title='bbox 1079 199 1085 702; x_wconf 95' lang='lat' dir='ltr'> </span> 
     </span>
    </p>
   </div>
   <div class='ocr_carea' id='block_1_7' title="bbox 1067 1528 1074 2067">
    <p class='ocr_par' dir='ltr' id='par_1_9' title="bbox 1067 1528 1074 2067">
     <span class='ocr_line' id='line_1_65' title="bbox 1067 1528 1074 2067; baseline 0 0"><span class='ocrx_word' id='word_1_616' title='bbox 1067 1528 1074 2067; x_wconf 95' lang='lat' dir='ltr'> </span> 
     </span>
    </p>
   </div>
   <div class='ocr_carea' id='block_1_8' title="bbox 1100 127 1512 156">
    <p class='ocr_par' dir='ltr' id='par_1_10' title="bbox 1100 127 1512 156">
     <span class='ocr_line' id='line_1_66' title="bbox 1100 127 1512 156; baseline 0.002 -1"><span class='ocrx_word' id='word_1_617' title='bbox 1100 127 1512 156; x_wconf 80' lang='lat' dir='ltr'>ISTORICI</span> 
     </span>
    </p>
   </div>
   <div class='ocr_carea' id='block_1_9' title="bbox 1097 188 1863 1432">
    <p class='ocr_par' dir='ltr' id='par_1_11' title="bbox 1097 188 1863 1432">
     <span class='ocr_line' id='line_1_67' title="bbox 1105 188 1859 238; baseline 0.003 -14"><span class='ocrx_word' id='word_1_618' title='bbox 1105 191 1147 225; x_wconf 86' lang='lat' dir='ltr'>ris</span> <span class='ocrx_word' id='word_1_619' title='bbox 1161 216 1171 230; x_wconf 93' lang='lat'>‚</span> <span class='ocrx_word' id='word_1_620' title='bbox 1204 203 1272 238; x_wconf 89' lang='lat' dir='ltr'>quo</span> <span class='ocrx_word' id='word_1_621' title='bbox 1304 188 1520 225; x_wconf 86' lang='lat' dir='ltr'>scribebantur</span> <span class='ocrx_word' id='word_1_622' title='bbox 1547 189 1686 237; x_wconf 83' lang='lat' dir='ltr'>epistolae</span> <span class='ocrx_word' id='word_1_623' title='bbox 1706 215 1716 231; x_wconf 96' lang='lat'><em>‚</em></span> <span class='ocrx_word' id='word_1_624' title='bbox 1752 193 1784 225; x_wconf 86' lang='lat'>&amp;</span> <span class='ocrx_word' id='word_1_625' title='bbox 1811 202 1859 226; x_wconf 72' lang='lat' dir='ltr'>res</span> 
     </span>
     <span class='ocr_line' id='line_1_68' title="bbox 1103 241 1863 286; baseline 0 -12"><span class='ocrx_word' id='word_1_626' title='bbox 1103 252 1220 279; x_wconf 81' lang='lat' dir='ltr'>omnes</span> <span class='ocrx_word' id='word_1_627' title='bbox 1233 252 1425 275; x_wconf 87' lang='lat' dir='ltr'>communes</span> <span class='ocrx_word' id='word_1_628' title='bbox 1442 263 1452 275; x_wconf 90' lang='lat'><em>‚</em></span> <span class='ocrx_word' id='word_1_629' title='bbox 1481 241 1671 286; x_wconf 83' lang='lat' dir='ltr'>exemplaria</span> <span class='ocrx_word' id='word_1_630' title='bbox 1688 241 1787 275; x_wconf 88' lang='lat' dir='ltr'>etiam</span> <span class='ocrx_word' id='word_1_631' title='bbox 1805 242 1863 274; x_wconf 50' lang='lat' dir='ltr'>Bia</span> 
     </span>
     <span class='ocr_line' id='line_1_69' title="bbox 1105 290 1862 337; baseline 0.001 -14"><span class='ocrx_word' id='word_1_632' title='bbox 1105 290 1249 324; x_wconf 85' lang='lat' dir='ltr'>bliorurn</span> <span class='ocrx_word' id='word_1_633' title='bbox 1270 290 1482 330; x_wconf 86' lang='lat' dir='ltr'>communia,</span> <span class='ocrx_word' id='word_1_634' title='bbox 1511 301 1580 337; x_wconf 84' lang='lat' dir='ltr'>quae</span> <span class='ocrx_word' id='word_1_635' title='bbox 1599 290 1685 336; x_wconf 84' lang='lat' dir='ltr'>vulgi</span> <span class='ocrx_word' id='word_1_636' title='bbox 1709 290 1862 324; x_wconf 86' lang='lat' dir='ltr'>manibus</span> 
     </span>
     <span class='ocr_line' id='line_1_70' title="bbox 1105 338 1859 387; baseline 0.001 -15"><span class='ocrx_word' id='word_1_637' title='bbox 1105 338 1304 374; x_wconf 81' lang='lat' dir='ltr'>terebantur:</span> <span class='ocrx_word' id='word_1_638' title='bbox 1318 341 1448 374; x_wconf 85' lang='lat' dir='ltr'>alterius</span> <span class='ocrx_word' id='word_1_639' title='bbox 1458 339 1571 386; x_wconf 84' lang='lat' dir='ltr'>privati</span> <span class='ocrx_word' id='word_1_640' title='bbox 1582 341 1682 386; x_wconf 83' lang='lat' dir='ltr'>magis</span> <span class='ocrx_word' id='word_1_641' title='bbox 1694 339 1777 381; x_wconf 82' lang='lat' dir='ltr'>usus,</span> <span class='ocrx_word' id='word_1_642' title='bbox 1789 352 1859 387; x_wconf 87' lang='lat' dir='ltr'>quo</span> 
     </span>
     <span class='ocr_line' id='line_1_71' title="bbox 1105 387 1858 436; baseline 0.004 -16"><span class='ocrx_word' id='word_1_643' title='bbox 1105 387 1222 423; x_wconf 84' lang='lat' dir='ltr'>tabulae</span> <span class='ocrx_word' id='word_1_644' title='bbox 1233 390 1309 436; x_wconf 88' lang='lat' dir='ltr'>legis</span> <span class='ocrx_word' id='word_1_645' title='bbox 1324 388 1341 423; x_wconf 73' lang='lat' dir='ltr'>a</span> <span class='ocrx_word' id='word_1_646' title='bbox 1352 392 1425 424; x_wconf 89' lang='lat' dir='ltr'>Deo</span> <span class='ocrx_word' id='word_1_647' title='bbox 1436 412 1447 430; x_wconf 91' lang='lat'><strong>,</strong></span> <span class='ocrx_word' id='word_1_648' title='bbox 1475 392 1508 423; x_wconf 68' lang='grc' dir='ltr'>ὅ(</span> <span class='ocrx_word' id='word_1_649' title='bbox 1519 389 1669 435; x_wconf 85' lang='lat' dir='ltr'>primaria</span> <span class='ocrx_word' id='word_1_650' title='bbox 1678 388 1808 435; x_wconf 89' lang='lat' dir='ltr'>Regum</span> <span class='ocrx_word' id='word_1_651' title='bbox 1821 401 1858 423; x_wconf 91' lang='lat' dir='ltr'>ac</span> 
     </span>
     <span class='ocr_line' id='line_1_72' title="bbox 1107 437 1859 484; baseline 0.001 -15"><span class='ocrx_word' id='word_1_652' title='bbox 1107 437 1338 483; x_wconf 82' lang='lat' dir='ltr'>Prophetarum</span> <span class='ocrx_word' id='word_1_653' title='bbox 1350 438 1428 473; x_wconf 82' lang='lat' dir='ltr'>sacri</span> <span class='ocrx_word' id='word_1_654' title='bbox 1443 438 1564 472; x_wconf 86' lang='lat' dir='ltr'>codicis</span> <span class='ocrx_word' id='word_1_655' title='bbox 1575 438 1765 484; x_wconf 84' lang='lat' dir='ltr'>exemplaria</span> <span class='ocrx_word' id='word_1_656' title='bbox 1781 450 1859 471; x_wconf 87' lang='lat' dir='ltr'>exa-</span> 
     </span>
     <span class='ocr_line' id='line_1_73' title="bbox 1104 484 1858 534; baseline 0.005 -16"><span class='ocrx_word' id='word_1_657' title='bbox 1104 484 1278 526; x_wconf 78' lang='lat' dir='ltr'>rabantur3</span> <span class='ocrx_word' id='word_1_658' title='bbox 1305 498 1342 522; x_wconf 92' lang='lat' dir='ltr'>ut</span> <span class='ocrx_word' id='word_1_659' title='bbox 1352 488 1433 534; x_wconf 88' lang='lat' dir='ltr'>apud</span> <span class='ocrx_word' id='word_1_660' title='bbox 1443 488 1616 534; x_wconf 81' lang='lat' dir='ltr'>AEgyptios</span> <span class='ocrx_word' id='word_1_661' title='bbox 1627 511 1637 526; x_wconf 82' lang='lat'><strong>,</strong></span> <span class='ocrx_word' id='word_1_662' title='bbox 1660 486 1837 521; x_wconf 62' lang='lat' dir='ltr'>Lhaldaeos</span> <span class='ocrx_word' id='word_1_663' title='bbox 1848 509 1858 523; x_wconf 74' lang='grc'><strong><em>,</em></strong></span> 
     </span>
     <span class='ocr_line' id='line_1_74' title="bbox 1105 535 1859 583; baseline 0.001 -15"><span class='ocrx_word' id='word_1_664' title='bbox 1105 535 1239 570; x_wconf 88' lang='lat' dir='ltr'>Graecos</span> <span class='ocrx_word' id='word_1_665' title='bbox 1250 560 1260 576; x_wconf 91' lang='lat'>,</span> <span class='ocrx_word' id='word_1_666' title='bbox 1273 538 1405 571; x_wconf 89' lang='lat' dir='ltr'>Latinos</span> <span class='ocrx_word' id='word_1_667' title='bbox 1419 561 1430 578; x_wconf 90' lang='lat'>‚</span> <span class='ocrx_word' id='word_1_668' title='bbox 1447 536 1591 582; x_wconf 83' lang='lat' dir='ltr'>aliosque</span> <span class='ocrx_word' id='word_1_669' title='bbox 1599 537 1738 583; x_wconf 88' lang='lat' dir='ltr'>populos</span> <span class='ocrx_word' id='word_1_670' title='bbox 1749 536 1859 570; x_wconf 88' lang='lat' dir='ltr'>diver-</span> 
     </span>
     <span class='ocr_line' id='line_1_75' title="bbox 1104 584 1861 630; baseline 0.003 -12"><span class='ocrx_word' id='word_1_671' title='bbox 1104 584 1153 618; x_wconf 87' lang='lat' dir='ltr'>sus</span> <span class='ocrx_word' id='word_1_672' title='bbox 1172 596 1239 619; x_wconf 89' lang='lat' dir='ltr'>erat</span> <span class='ocrx_word' id='word_1_673' title='bbox 1259 586 1422 621; x_wconf 86' lang='lat' dir='ltr'>literarum</span> <span class='ocrx_word' id='word_1_674' title='bbox 1443 585 1603 619; x_wconf 68' lang='lat' dir='ltr'>cliara5ter</span> <span class='ocrx_word' id='word_1_675' title='bbox 1625 597 1683 630; x_wconf 89' lang='lat' dir='ltr'>pro</span> <span class='ocrx_word' id='word_1_676' title='bbox 1703 584 1861 620; x_wconf 78' lang='lat' dir='ltr'>sacrisso-</span> 
     </span>
     <span class='ocr_line' id='line_1_76' title="bbox 1104 633 1860 676; baseline 0.001 -9"><span class='ocrx_word' id='word_1_677' title='bbox 1104 634 1277 676; x_wconf 88' lang='lat' dir='ltr'>lennibus,</span> <span class='ocrx_word' id='word_1_678' title='bbox 1304 639 1336 670; x_wconf 93' lang='lat'>&amp;</span> <span class='ocrx_word' id='word_1_679' title='bbox 1353 633 1525 670; x_wconf 84' lang='lat' dir='ltr'>altioribus</span> <span class='ocrx_word' id='word_1_680' title='bbox 1539 633 1644 667; x_wconf 72' lang='lat' dir='ltr'>usibus</span> <span class='ocrx_word' id='word_1_681' title='bbox 1665 633 1860 668; x_wconf 53' lang='lat' dir='ltr'>distinctus&amp;</span> 
     </span>
     <span class='ocr_line' id='line_1_77' title="bbox 1105 682 1860 733; baseline 0.001 -17"><span class='ocrx_word' id='word_1_682' title='bbox 1105 686 1209 731; x_wconf 82' lang='lat' dir='ltr'>magis</span> <span class='ocrx_word' id='word_1_683' title='bbox 1227 685 1352 733; x_wconf 84' lang='lat' dir='ltr'>vulgari</span> <span class='ocrx_word' id='word_1_684' title='bbox 1374 688 1407 719; x_wconf 87' lang='lat'>&amp;</span> <span class='ocrx_word' id='word_1_685' title='bbox 1430 682 1624 732; x_wconf 83' lang='lat' dir='ltr'>quotidiano</span> <span class='ocrx_word' id='word_1_686' title='bbox 1637 707 1648 722; x_wconf 84' lang='lat'>‚</span> <span class='ocrx_word' id='word_1_687' title='bbox 1667 682 1739 717; x_wconf 81' lang='lat' dir='ltr'>istas</span> <span class='ocrx_word' id='word_1_688' title='bbox 1749 684 1860 718; x_wconf 85' lang='lat' dir='ltr'>literas</span> 
     </span>
     <span class='ocr_line' id='line_1_78' title="bbox 1103 732 1863 769; baseline 0.001 -2"><span class='ocrx_word' id='word_1_689' title='bbox 1103 744 1234 768; x_wconf 81' lang='lat' dir='ltr'>vocatas</span> <span class='ocrx_word' id='word_1_690' title='bbox 1248 734 1401 769; x_wconf 85' lang='lat' dir='ltr'>Hebraeas</span> <span class='ocrx_word' id='word_1_691' title='bbox 1416 732 1615 768; x_wconf 72' lang='lat' dir='ltr'>acommuni</span> <span class='ocrx_word' id='word_1_692' title='bbox 1628 734 1778 766; x_wconf 77' lang='lat' dir='ltr'>omnium</span> <span class='ocrx_word' id='word_1_693' title='bbox 1788 734 1863 768; x_wconf 85' lang='lat' dir='ltr'>He-</span> 
     </span>
     <span class='ocr_line' id='line_1_79' title="bbox 1104 781 1860 829; baseline 0 -13"><span class='ocrx_word' id='word_1_694' title='bbox 1104 781 1267 817; x_wconf 88' lang='lat' dir='ltr'>braeorum</span> <span class='ocrx_word' id='word_1_695' title='bbox 1279 783 1358 823; x_wconf 90' lang='lat' dir='ltr'>usu,</span> <span class='ocrx_word' id='word_1_696' title='bbox 1376 783 1432 817; x_wconf 86' lang='lat' dir='ltr'>has</span> <span class='ocrx_word' id='word_1_697' title='bbox 1450 781 1640 829; x_wconf 46' lang='lat' dir='ltr'>Assyriam&amp;</span> <span class='ocrx_word' id='word_1_698' title='bbox 1664 783 1714 816; x_wconf 87' lang='lat' dir='ltr'>vel</span> <span class='ocrx_word' id='word_1_699' title='bbox 1729 781 1860 829; x_wconf 88' lang='lat' dir='ltr'>quiaob</span> 
     </span>
     <span class='ocr_line' id='line_1_80' title="bbox 1105 830 1860 879; baseline 0.004 -16"><span class='ocrx_word' id='word_1_700' title='bbox 1105 832 1252 865; x_wconf 84' lang='lat' dir='ltr'>divinum</span> <span class='ocrx_word' id='word_1_701' title='bbox 1281 834 1385 879; x_wconf 82' lang='lat' dir='ltr'>magis</span> <span class='ocrx_word' id='word_1_702' title='bbox 1411 830 1503 866; x_wconf 87' lang='lat' dir='ltr'>usum</span> <span class='ocrx_word' id='word_1_703' title='bbox 1527 831 1727 878; x_wconf 80' lang='lat' dir='ltr'>putabantur</span> <span class='ocrx_word' id='word_1_704' title='bbox 1747 831 1860 866; x_wconf 68' lang='lat' dir='ltr'>san&amp;ae</span> 
     </span>
     <span class='ocr_line' id='line_1_81' title="bbox 1106 879 1861 928; baseline 0.003 -16"><span class='ocrx_word' id='word_1_705' title='bbox 1106 891 1141 913; x_wconf 86' lang='lat' dir='ltr'>ac</span> <span class='ocrx_word' id='word_1_706' title='bbox 1156 879 1270 918; x_wconf 82' lang='lat' dir='ltr'>beatae3</span> <span class='ocrx_word' id='word_1_707' title='bbox 1281 882 1331 914; x_wconf 86' lang='lat' dir='ltr'>vel</span> <span class='ocrx_word' id='word_1_708' title='bbox 1343 883 1420 928; x_wconf 85' lang='lat' dir='ltr'>quia</span> <span class='ocrx_word' id='word_1_709' title='bbox 1429 881 1468 914; x_wconf 91' lang='lat' dir='ltr'>ab</span> <span class='ocrx_word' id='word_1_710' title='bbox 1480 882 1610 916; x_wconf 66' lang='lat' dir='ltr'>aurstore</span> <span class='ocrx_word' id='word_1_711' title='bbox 1620 884 1704 916; x_wconf 64' lang='lat' dir='ltr'>Eva</span> <span class='ocrx_word' id='word_1_712' title='bbox 1715 893 1752 914; x_wconf 86' lang='lat' dir='ltr'>ex</span> <span class='ocrx_word' id='word_1_713' title='bbox 1766 880 1861 927; x_wconf 80' lang='lat' dir='ltr'>Affy-</span> 
     </span>
     <span class='ocr_line' id='line_1_82' title="bbox 1104 927 1860 975; baseline 0.003 -13"><span class='ocrx_word' id='word_1_714' title='bbox 1104 927 1150 962; x_wconf 66' lang='lat' dir='ltr'>ria</span> <span class='ocrx_word' id='word_1_715' title='bbox 1171 928 1358 963; x_wconf 85' lang='lat' dir='ltr'>ascendente</span> <span class='ocrx_word' id='word_1_716' title='bbox 1374 927 1391 962; x_wconf 73' lang='lat' dir='ltr'>a</span> <span class='ocrx_word' id='word_1_717' title='bbox 1407 940 1482 962; x_wconf 88' lang='lat' dir='ltr'>toto</span> <span class='ocrx_word' id='word_1_718' title='bbox 1501 931 1624 975; x_wconf 88' lang='lat' dir='ltr'>populo</span> <span class='ocrx_word' id='word_1_719' title='bbox 1652 931 1686 963; x_wconf 88' lang='lat' dir='ltr'>iu</span> <span class='ocrx_word' id='word_1_720' title='bbox 1704 942 1860 964; x_wconf 81' lang='lat' dir='ltr'>commu·</span> 
     </span>
     <span class='ocr_line' id='line_1_83' title="bbox 1105 977 1857 1027; baseline 0.003 -15"><span class='ocrx_word' id='word_1_721' title='bbox 1105 991 1180 1013; x_wconf 89' lang='lat' dir='ltr'>nem</span> <span class='ocrx_word' id='word_1_722' title='bbox 1200 977 1293 1012; x_wconf 86' lang='lat' dir='ltr'>usum</span> <span class='ocrx_word' id='word_1_723' title='bbox 1306 988 1445 1025; x_wconf 86' lang='lat' dir='ltr'>acceptae</span> <span class='ocrx_word' id='word_1_724' title='bbox 1457 978 1529 1012; x_wconf 84' lang='lat' dir='ltr'>sunt</span> <span class='ocrx_word' id='word_1_725' title='bbox 1542 1001 1551 1018; x_wconf 88' lang='lat'><em>,</em></span> <span class='ocrx_word' id='word_1_726' title='bbox 1577 978 1701 1012; x_wconf 81' lang='lat' dir='ltr'>omissis</span> <span class='ocrx_word' id='word_1_727' title='bbox 1711 980 1857 1027; x_wconf 83' lang='lat' dir='ltr'>vulgari·</span> 
     </span>
     <span class='ocr_line' id='line_1_84' title="bbox 1105 1024 1858 1076; baseline 0.003 -15"><span class='ocrx_word' id='word_1_728' title='bbox 1105 1026 1166 1062; x_wconf 85' lang='lat' dir='ltr'>bus</span> <span class='ocrx_word' id='word_1_729' title='bbox 1188 1027 1337 1062; x_wconf 84' lang='lat' dir='ltr'>Hebraeis</span> <span class='ocrx_word' id='word_1_730' title='bbox 1358 1039 1430 1076; x_wconf 85' lang='lat' dir='ltr'>quae</span> <span class='ocrx_word' id='word_1_731' title='bbox 1451 1024 1539 1075; x_wconf 67' lang='lat' dir='ltr'>priris</span> <span class='ocrx_word' id='word_1_732' title='bbox 1561 1028 1594 1061; x_wconf 94' lang='lat' dir='ltr'>in</span> <span class='ocrx_word' id='word_1_733' title='bbox 1613 1031 1783 1061; x_wconf 88' lang='lat' dir='ltr'>communi</span> <span class='ocrx_word' id='word_1_734' title='bbox 1801 1027 1858 1064; x_wconf 87' lang='lat' dir='ltr'>usu</span> 
     </span>
     <span class='ocr_line' id='line_1_85' title="bbox 1102 1076 1861 1125; baseline 0.003 -15"><span class='ocrx_word' id='word_1_735' title='bbox 1102 1088 1202 1111; x_wconf 88' lang='lat' dir='ltr'>erant.</span> <span class='ocrx_word' id='word_1_736' title='bbox 1230 1078 1359 1112; x_wconf 88' lang='lat' dir='ltr'>Contra</span> <span class='ocrx_word' id='word_1_737' title='bbox 1382 1076 1462 1111; x_wconf 86' lang='lat' dir='ltr'>hanc</span> <span class='ocrx_word' id='word_1_738' title='bbox 1480 1076 1723 1112; x_wconf 64' lang='lat' dir='ltr'>distinctionem</span> <span class='ocrx_word' id='word_1_739' title='bbox 1742 1077 1861 1125; x_wconf 64' lang='lat' dir='ltr'>magnii</span> 
     </span>
     <span class='ocr_line' id='line_1_86' title="bbox 1101 1125 1857 1174; baseline 0 -14"><span class='ocrx_word' id='word_1_740' title='bbox 1101 1127 1218 1161; x_wconf 86' lang='lat' dir='ltr'>irarum</span> <span class='ocrx_word' id='word_1_741' title='bbox 1237 1127 1323 1161; x_wconf 88' lang='lat' dir='ltr'>mole</span> <span class='ocrx_word' id='word_1_742' title='bbox 1341 1137 1407 1161; x_wconf 86' lang='lat' dir='ltr'>tam</span> <span class='ocrx_word' id='word_1_743' title='bbox 1427 1129 1460 1160; x_wconf 94' lang='lat' dir='ltr'><em>V</em></span> <span class='ocrx_word' id='word_1_744' title='bbox 1458 1126 1601 1162; x_wconf 85' lang='lat' dir='ltr'>Valtonus</span> <span class='ocrx_word' id='word_1_745' title='bbox 1616 1125 1716 1174; x_wconf 75' lang='lat' dir='ltr'>quam</span> <span class='ocrx_word' id='word_1_746' title='bbox 1727 1126 1857 1173; x_wconf 84' lang='lat' dir='ltr'>Capellm</span> 
     </span>
     <span class='ocr_line' id='line_1_87' title="bbox 1100 1175 1855 1224; baseline 0 -15"><span class='ocrx_word' id='word_1_747' title='bbox 1100 1176 1285 1224; x_wconf 84' lang='lat' dir='ltr'>insurgunt.</span> <span class='ocrx_word' id='word_1_748' title='bbox 1310 1176 1388 1223; x_wconf 63' lang='lat' dir='ltr'>Quis</span> <span class='ocrx_word' id='word_1_749' title='bbox 1397 1178 1590 1224; x_wconf 80' lang='lat' dir='ltr'>(inquiunt)</span> <span class='ocrx_word' id='word_1_750' title='bbox 1606 1189 1663 1209; x_wconf 86' lang='lat' dir='ltr'>non</span> <span class='ocrx_word' id='word_1_751' title='bbox 1671 1175 1755 1210; x_wconf 77' lang='lat' dir='ltr'>videt</span> <span class='ocrx_word' id='word_1_752' title='bbox 1763 1189 1855 1209; x_wconf 74' lang='lat' dir='ltr'>meras</span> 
     </span>
     <span class='ocr_line' id='line_1_88' title="bbox 1100 1223 1855 1277; baseline 0 -19"><span class='ocrx_word' id='word_1_753' title='bbox 1100 1237 1190 1277; x_wconf 56' lang='lat' dir='ltr'>mggas</span> <span class='ocrx_word' id='word_1_754' title='bbox 1199 1250 1208 1266; x_wconf 88' lang='lat'>‚</span> <span class='ocrx_word' id='word_1_755' title='bbox 1220 1225 1258 1259; x_wconf 52' lang='grc' dir='ltr'>θ’</span> <span class='ocrx_word' id='word_1_756' title='bbox 1267 1239 1405 1259; x_wconf 79' lang='lat' dir='ltr'>vanorum</span> <span class='ocrx_word' id='word_1_757' title='bbox 1415 1223 1563 1259; x_wconf 73' lang='lat' dir='ltr'>hominum</span> <span class='ocrx_word' id='word_1_758' title='bbox 1577 1225 1729 1269; x_wconf 78' lang='lat' dir='ltr'>vamffima</span> <span class='ocrx_word' id='word_1_759' title='bbox 1739 1223 1793 1259; x_wconf 77' lang='lat' dir='ltr'>haec</span> <span class='ocrx_word' id='word_1_760' title='bbox 1803 1227 1855 1272; x_wconf 74' lang='lat' dir='ltr'>esse</span> 
     </span>
     <span class='ocr_line' id='line_1_89' title="bbox 1099 1271 1857 1325; baseline 0 -17"><span class='ocrx_word' id='word_1_761' title='bbox 1099 1285 1279 1312; x_wconf 80' lang='lat' dir='ltr'>commenta,</span> <span class='ocrx_word' id='word_1_762' title='bbox 1294 1288 1411 1322; x_wconf 80' lang='lat' dir='ltr'>quorum</span> <span class='ocrx_word' id='word_1_763' title='bbox 1433 1272 1608 1320; x_wconf 77' lang='lat' dir='ltr'>Christianos</span> <span class='ocrx_word' id='word_1_764' title='bbox 1629 1271 1857 1325; x_wconf 72' lang='lat' dir='ltr'>Theologospu-</span> 
     </span>
     <span class='ocr_line' id='line_1_90' title="bbox 1099 1322 1851 1372; baseline 0 -14"><span class='ocrx_word' id='word_1_765' title='bbox 1099 1324 1167 1358; x_wconf 73' lang='lat' dir='ltr'>dere</span> <span class='ocrx_word' id='word_1_766' title='bbox 1175 1322 1276 1365; x_wconf 81' lang='lat' dir='ltr'>debet,</span> <span class='ocrx_word' id='word_1_767' title='bbox 1296 1327 1385 1372; x_wconf 76' lang='lat' dir='ltr'>nescio</span> <span class='ocrx_word' id='word_1_768' title='bbox 1396 1324 1466 1370; x_wconf 59' lang='lat' dir='ltr'>sime*</span> <span class='ocrx_word' id='word_1_769' title='bbox 1475 1324 1548 1372; x_wconf 78' lang='lat' dir='ltr'>quid</span> <span class='ocrx_word' id='word_1_770' title='bbox 1546 1326 1587 1365; x_wconf 79' lang='lat' dir='ltr'>fit</span> <span class='ocrx_word' id='word_1_771' title='bbox 1598 1324 1740 1372; x_wconf 80' lang='lat' dir='ltr'>ineptire,</span> <span class='ocrx_word' id='word_1_772' title='bbox 1758 1322 1851 1368; x_wconf 82' lang='lat' dir='ltr'>fihoc</span> 
     </span>
     <span class='ocr_line' id='line_1_91' title="bbox 1097 1373 1852 1424; baseline 0 -16"><span class='ocrx_word' id='word_1_773' title='bbox 1097 1377 1209 1417; x_wconf 83' lang='lat' dir='ltr'>nonfit,</span> <span class='ocrx_word' id='word_1_774' title='bbox 1227 1385 1315 1424; x_wconf 69' lang='lat' dir='ltr'>apage</span> <span class='ocrx_word' id='word_1_775' title='bbox 1324 1373 1584 1422; x_wconf 73' lang='lat' dir='ltr'>istiusmodinugas,</span> <span class='ocrx_word' id='word_1_776' title='bbox 1598 1373 1635 1407; x_wconf 61' lang='lat'>(5⁹</span> <span class='ocrx_word' id='word_1_777' title='bbox 1647 1373 1757 1408; x_wconf 54' lang='lat' dir='ltr'>delirtai</span> <span class='ocrx_word' id='word_1_778' title='bbox 1786 1374 1852 1408; x_wconf 80' lang='lat' dir='ltr'>Re-</span> 
     </span>
     <span class='ocr_line' id='line_1_92' title="bbox 1315 1420 1324 1432; baseline 0 0"><span class='ocrx_word' id='word_1_779' title='bbox 1315 1420 1324 1432; x_wconf 60' lang='grc' dir='ltr'>Χ</span> 
     </span>
    </p>
   </div>
   <div class='ocr_carea' id='block_1_10' title="bbox 1097 1422 1849 1467">
    <p class='ocr_par' dir='ltr' id='par_1_12' title="bbox 1097 1422 1849 1467">
     <span class='ocr_line' id='line_1_93' title="bbox 1097 1422 1849 1467; baseline 0 -10"><span class='ocrx_word' id='word_1_780' title='bbox 1097 1424 1189 1467; x_wconf 83' lang='lat' dir='ltr'>plica.</span> <span class='ocrx_word' id='word_1_781' title='bbox 1216 1423 1407 1458; x_wconf 84' lang='lat' dir='ltr'>Parciusista</span> <span class='ocrx_word' id='word_1_782' title='bbox 1418 1424 1505 1462; x_wconf 89' lang='lat' dir='ltr'>viris,</span> <span class='ocrx_word' id='word_1_783' title='bbox 1516 1425 1643 1457; x_wconf 86' lang='lat' dir='ltr'>duriora</span> <span class='ocrx_word' id='word_1_784' title='bbox 1656 1422 1763 1457; x_wconf 78' lang='lat' dir='ltr'>multo</span> <span class='ocrx_word' id='word_1_785' title='bbox 1776 1422 1849 1457; x_wconf 88' lang='lat' dir='ltr'>sunt</span> 
     </span>
    </p>
   </div>
   <div class='ocr_carea' id='block_1_11' title="bbox 1747 3242 1831 3274">
    <p class='ocr_par' dir='ltr' id='par_1_13' title="bbox 1747 3242 1831 3274">
     <span class='ocr_line' id='line_1_94' title="bbox 1747 3242 1831 3274; baseline 0 0"><span class='ocrx_word' id='word_1_786' title='bbox 1747 3242 1831 3274; x_wconf 87' lang='lat' dir='ltr'>tium</span> 
     </span>
    </p>
   </div>
   <div class='ocr_carea' id='block_1_12' title="bbox 2007 495 2048 3169">
    <p class='ocr_par' dir='ltr' id='par_1_14' title="bbox 2007 495 2048 3169">
     <span class='ocr_line' id='line_1_95' title="bbox 2007 495 2048 3169; baseline 0 0"><span class='ocrx_word' id='word_1_787' title='bbox 2007 495 2048 3169; x_wconf 95' lang='lat' dir='ltr'> </span> 
     </span>
    </p>
   </div>
  </div>
 </body>
</html>
