2048 3343
28 1242 139 1280 Scaliger

26 1285 133 1313 omnibus

20 1325 49 1362 se
56 1325 153 1362 opponit

20 1368 109 1407 gratis.

11 1805 13 1827 ²
25 1810 67 1838 Λ
75 1807 150 1846 Ιὲἱρίὸ

11 1849 13 1887 ᾗ
26 1847 131 1887 Ᾱξβιάεε.

11 1917 14 1946 i

11 1958 13 1968 A

12 1975 13 1990 l

11 1996 13 2012 l

11 2107 15 2192 ³

12 2341 14 2392 ἓ

12 2403 13 2418 i

12 2445 15 2472 l
29 2437 155 2476 Mag-nam

12 2475 14 2509 ¹,
24 2479 130 2515 suumin

12 2528 15 2544 ι
30 2519 106 2547 medio
115 2529 143 2546 u-

11 2551 15 2587 l
29 2562 85 2588 nim
91 2559 145 2586 bia-

12 2609 15 2617 ·
32 2609 82 2628 tum
91 2611 139 2628 non

422 101 488 128 ετ
544 90 1231 128 CHRoNotoc1c1

184 176 226 209 ita
243 181 279 207 ut
295 179 356 204 una
373 166 503 202 tantum
526 178 564 200 ex
585 163 781 212 septuaginta
799 160 836 195 sit
857 161 934 195 reli-

183 233 266 272 qua;
290 231 361 266 quat
373 215 447 252 cum
461 215 497 251 sit
509 213 580 262 post
595 224 721 248 caeteras
735 221 849 245 omnes
860 232 868 245 ‚
880 221 932 242 ne-

181 267 312 306 cessario
336 266 400 314 ipsa
428 265 471 301 est
487 266 611 299 ultima.
644 257 762 295 Tetti&
787 258 875 292 idem
895 269 932 290 ex

182 317 262 355 vers.
277 322 332 352 26.
346 313 556 365 apparet,ubi
573 309 684 356 Messiae
694 319 798 344 mors,
810 308 932 355 prima-

181 370 247 405 rius
265 368 367 402 totius
380 360 616 411 septuagesimae
637 369 772 393 eventus
791 356 861 404 post
881 368 934 390 eas

180 418 346 465 sexaginta
365 413 440 447 duas
464 422 533 458 qnae
544 408 665 457 septem
677 404 932 455 sequuntur‚sa-

179 468 230 502 &a
241 466 356 500 dicitur
377 475 386 496 t
414 460 588 505 evaditque
607 457 658 493 hic
671 467 806 492 eventus
817 455 933 490 chara-

179 517 247 550 fier'
263 513 435 562 primarius
456 511 551 544 unius
565 506 682 542 nostra?
705 504 936 541 hebdomadae‚

180 574 279 614 quam
302 574 376 597 cum
397 559 454 594 suo
476 558 654 593 charaGtere
675 555 766 590 simul
783 554 936 594 existere,

182 627 244 650 nec
276 624 350 647 eum
385 607 577 644 antecedere
611 615 763 654 oportet.v
785 606 936 651 Denique

182 662 260 699 vers.
272 674 327 708 27.
345 658 519 695 affirmatur
530 659 564 692 in
585 656 636 691 illi}
649 654 713 690 unii.
725 654 934 702 praedicatum

181 711 410 759 Enangelhrm,
421 706 650 744 confirmatum
663 704 783 740 foedus,
799 707 833 738 δε
846 701 937 736 cassa—

182 774 214 797 ta
233 759 383 795 sacrificia
404 784 414 800 ,
445 770 480 793 ac
508 767 635 791 caeteras
669 754 936 789 caeremoniarum

183 811 317 846 umbras
329 807 404 844 cum
415 803 587 842 advenisset
601 802 703 851 ipsum
715 800 938 849 corpus‚quod

185 861 248 897 fuit
260 857 395 895 chrislus
411 855 580 892 crucifixus
591 877 599 890 ‚
610 864 757 887 mortuus
766 879 773 890 ‚
783 850 940 898 sepultus,

184 909 370 958 resurgens,
397 911 428 941 ἃ
449 905 621 940 ascendens
639 904 673 936 in
691 902 824 936 coelum.
861 899 935 944 Jam

185 958 261 996 vcro
275 961 308 993 in
328 956 411 993 nulls
431 954 489 988 alifi
502 964 615 1000 praeter
626 952 727 986 solam
737 951 886 985 ultimam
898 960 936 982 ex

185 1008 389 1056 septuaginta
404 1005 469 1040 liaec
478 1003 547 1038 sunt
559 1002 694 1050 peraeta.
779 1046 786 1053 .

233 1059 297 1092 His
325 1060 358 1091 &
384 1055 452 1089 aliis
478 1048 676 1100 argumentis
702 1057 788 1082 moti
815 1058 936 1093 magno

185 1104 364 1145 consensu,
391 1103 412 1137 si
433 1114 534 1136 unum
556 1098 755 1133 autaltcrum
767 1096 907 1143 excipias
927 1119 937 1135 ‚

182 1168 250 1191 tarn
260 1165 382 1191 veteres
392 1149 490 1198 quam
502 1147 695 1184 recentiores
706 1171 716 1187 ,
738 1157 834 1180 unam
843 1145 932 1178 illam

183 1201 432 1240 hebdomadum
466 1195 730 1244 septuagesimam
757 1193 936 1229 constitue-

183 1263 258 1289 runt
271 1277 280 1292 ,
303 1251 408 1285 donec
419 1245 548 1297 Ioftphm
557 1245 683 1297 Scaliger
699 1254 709 1289 ζ
725 1246 775 1279 cui
787 1243 868 1291 saepe
879 1242 936 1278 ad-

182 1302 319 1338 modum
339 1300 407 1333 leve
427 1298 470 1332 est
490 1307 603 1332 contra
624 1307 738 1330 omnes
765 1295 936 1334 mortales,

182 1365 243 1401 pro
260 1363 298 1386 eo
315 1348 406 1398 quod
425 1359 535 1383 verum
555 1345 734 1383 arbitratur,
750 1343 937 1391 insurgere)

182 1402 304 1443 multos
321 1397 479 1446 nobisque
500 1394 723 1431 dileetiffimos
740 1407 778 1428 ex
796 1390 934 1428 Ecclesia

181 1448 358 1488 reformata
376 1450 410 1482 in
431 1444 589 1482 diversam
611 1445 805 1480 sententiam
827 1442 936 1478 secum

181 1501 336 1535 traduxit.
362 1499 507 1545 Magnus
527 1495 582 1529 hic
601 1494 838 1540 Chronologiae
864 1493 937 1526 Ma-

182 1548 280 1598 gister
302 1546 547 1582 hebdomadum
572 1546 706 1579 initium
733 1546 766 1588 in
798 1540 936 1576 secundo

183 1598 278 1633 Darii
287 1594 384 1632 Nothi
395 1621 405 1636 ‚
423 1600 454 1631 &
468 1594 570 1630 finem
583 1597 617 1630 in
629 1589 935 1639 Hierosolymorum

182 1648 311 1685 excidio
322 1646 497 1685 collocans,
517 1645 552 1678 in
571 1646 655 1679 varia
673 1642 860 1684 εἷτα-πήματα
879 1642 934 1676 de-

184 1699 300 1735 viavit:
322 1699 356 1731 in
368 1695 499 1744 quaesito
515 1705 621 1729 autem
635 1706 696 1741 prae
707 1691 857 1727 manibus
870 1690 934 1726 tam

181 1760 283 1796 quam
304 1747 336 1781 in
348 1747 413 1780 alio
436 1757 602 1793 quoquam
625 1741 694 1777 tota
704 1741 757 1777 via
769 1739 877 1776 eri-affe
887 1743 938 1777 vi—

183 1800 287 1833 detur.
314 1796 466 1830 Editione
487 1793 734 1828 Emendationis
749 1802 935 1839 temporum

179 1847 280 1894 priori
302 1857 400 1879 unam
429 1842 570 1877 nostram
598 1840 833 1877 hebdomadam
854 1841 938 1876 reete

180 1894 281 1931 secuit
291 1895 323 1928 in
335 1893 402 1928 duo
414 1893 548 1928 dimidia
572 1891 586 1936 (
601 1903 696 1940 prout
707 1890 786 1925 facit
802 1893 935 1938 Spiritus

182 1945 344 1985 Sanetus)
367 1942 419 1978 sed
436 1954 551 1978 contra
563 1955 698 1977 omnem
711 1942 870 1976 rationem
883 1942 936 1976 in-

182 2006 229 2030 ter
251 1993 310 2028 ista
327 1993 458 2028 dimidia
470 1994 632 2038 interjecit
644 2003 801 2039 magnum
812 1990 937 2026 hiatum

179 2055 344 2079 annorum
369 2041 434 2077 fere
462 2041 677 2090 quadraginta
699 2054 707 2075 :
738 2042 825 2088 prius
850 2040 938 2076 istius

180 2092 401 2128 hebdomadis
423 2091 598 2126 dimidium
618 2088 700 2126 ῐεᾶἐ
717 2090 886 2125 constituit
902 2092 937 2126 in

179 2142 283 2177 tribus
303 2142 366 2176 illis
382 2143 474 2176 annis
490 2144 524 2175 δε
546 2140 666 2175 semisse
681 2139 799 2186 quibus
811 2138 938 2186 Christus

180 2191 364 2239 baptizatus
379 2190 423 2225 est
435 2215 444 2231 ,
465 2189 648 2238 praedicavit
658 2190 889 2236 Euangelium‚
907 2194 940 2223 &

183 2240 352 2275 crucifixus
371 2240 438 2278 est3
463 2240 516 2275 sed
536 2239 671 2274 alterum
693 2237 863 2272 dimidium
883 2238 939 2272 ad-

184 2291 323 2324 modum
349 2288 458 2336 inepte
476 2289 618 2323 extendit
639 2287 679 2323 ad
697 2299 761 2322 tres
780 2300 884 2322 annos
901 2291 935 2322 &

185 2337 361 2378 semissem,
385 2338 501 2385 quibus
512 2350 600 2371 arma
609 2338 765 2371 Romana
780 2336 939 2371 Hieroso-

185 2385 307 2432 lymam
324 2386 629 2433 circumstrepebant
649 2385 687 2420 ad
706 2386 939 2431 ultimamejus

185 2435 414 2471 vastationem.
442 2431 529 2468 Cum
551 2446 778 2469 commentum
799 2434 863 2469 hoc
881 2437 938 2469 viri

1287 88 1465 133 L113.I,
1659 101 1737 143 ¹79

982 174 1047 196 non
1060 161 1094 196 in
1105 174 1144 196 eo
1155 185 1166 202 ,
1181 162 1269 209 quod
1287 163 1332 197 cst
1351 163 1535 212 argumenti
1554 166 1711 212 punStum
1724 187 1735 204 ‚

983 211 1096 245 mensis
1107 213 1158 246 ille
1169 210 1310 262 Scaligeri
1319 212 1361 245 est
1373 215 1513 249 omnino
1525 226 1623 248 unus„
1640 222 1737 262 prout
1749 249 1755 255 ,

981 257 1161 295 hebdomas
1186 259 1322 295 Danielis
1349 260 1393 294 est
1414 273 1479 296 una
1499 287 1508 301 ‚
1534 277 1606 298 nam
1634 266 1666 297 in
1687 264 1736 298 sc-

979 318 1068 354 ptem
1086 313 1155 355 ejus
1168 308 1333 344 mensibus
1345 311 1440 357 primi
1460 311 1630 348 dimidium
1648 314 1735 360 prius

980 369 1054 390 curn
1070 360 1177 392 ultimi
1195 359 1334 393 dimidio
1353 358 1517 405 posteriori
1530 374 1735 410 nequaquam

982 404 1105 441 faciunt
1117 420 1220 441 unum
1240 411 1271 441 &
1284 408 1421 443 eundem
1435 407 1578 443 mensem
1593 434 1603 450 ‚
1628 424 1735 459 neque

982 456 1148 494 ultimum,
1160 468 1219 490 nec
1231 457 1372 504 aliquem
1383 470 1485 492 unum
1495 459 1735 494 intermedium.

986 503 1082 540 Cert&
1099 517 1164 540 tam
1176 506 1255 545 dura
1266 505 1328 540 fuit
1339 506 1404 541 haec
1422 507 1561 556 Scaligeri
1571 508 1735 546 sententia,
1754 509 1859 539 Tandem

983 566 1018 589 ut
1029 567 1097 589 non
1112 552 1238 590 tantum
1259 568 1372 590 omnes
1389 559 1457 601 ejus
1473 548 1550 592 aiibi
1563 557 1713 607 sequaces
1725 584 1734 598 ‚
1754 561 1886 598 camunam

985 603 1036 638 sed
1052 602 1114 651 ipse
1127 605 1224 638 etiam
1237 618 1306 640 cam
1327 607 1512 652 reliquerit:
1538 621 1611 643 nam
1626 612 1659 643 in
1671 607 1737 643 cdi-

986 655 1079 688 tione
1092 653 1143 687 sud
1161 653 1331 700 posteriori
1346 668 1443 690 unam
1457 656 1599 692 nostram
1611 657 1738 692 hebdo-

984 703 1112 738 madam
1126 701 1203 737 facit
1213 705 1417 741 continuam,
1431 718 1568 755 eamque
1581 720 1654 742 cum
1667 708 1740 743 vul-

983 766 1029 800 go
1044 751 1217 787 doetorum
1236 755 1269 788 in
1287 757 1377 797 cujus
1400 756 1510 791 medio
1531 753 1634 799 Christi
1650 769 1741 792 mors

985 801 1099 836 accidit
1114 817 1121 837 :
1149 801 1216 836 hoc
1236 801 1364 837 tantum
1387 817 1491 841 errans
1504 807 1592 852 quod
1605 805 1639 840 cai
1656 808 1742 841 nolit

985 849 1246 898 septuagesimam
1269 852 1391 894 claudi,
1415 858 1447 889 δε
1470 855 1642 890 dimidium
1661 856 1742 891 heb-

985 899 1131 934 domadae
1151 900 1235 934 nolit
1253 900 1343 934 istius
1360 904 1457 937 unius
1478 905 1576 939 ullam
1592 916 1741 954 partem;

984 947 1036 982 sed
1063 958 1191 982 tantum
1212 947 1253 981 ab
1274 947 1308 983 ea
1330 949 1394 983 unsi
1413 951 1584 988 dimidium
1607 955 1740 990 distare,

983 1008 1147 1046 quantum
1182 996 1492 1046 Hierosolymorum
1527 1003 1690 1038 excidium
1723 1004 1741 1038 ἆ

984 1058 1090 1082 morte
1102 1045 1220 1094 Christi.

1031 1097 1154 1132 Verum
1164 1097 1201 1131 de
1212 1096 1351 1132 dimidio
1362 1109 1440 1133 mox
1449 1121 1458 1138 ‚
1477 1097 1607 1133 tantum
1620 1099 1653 1133 in
1665 1110 1742 1145 prce-

986 1145 1087 1180 sentili
1106 1147 1282 1194 accipimus
1305 1147 1397 1194 quod
1418 1147 1556 1181 secunda
1575 1151 1642 1190 ejus
1666 1159 1743 1181 cura

985 1195 1082 1230 nobis
1095 1193 1228 1244 largitur
1242 1220 1252 1235 ‚
1278 1208 1378 1230 unam
1391 1195 1509 1231 scilicet
1520 1196 1601 1231 hanc
1614 1196 1745 1231 hebdo-

986 1246 1115 1279 madam
1125 1245 1184 1280 effe
1192 1245 1397 1282 continuam,
1409 1250 1440 1280 &
1449 1259 1520 1281 eam
1534 1247 1632 1294 ipsam
1643 1258 1742 1294 quam

984 1291 1098 1330 Christi
1108 1296 1223 1329 mortis
1237 1295 1503 1342 incomparabilis
1515 1295 1676 1331 charafter
1687 1309 1746 1330 ex-

983 1343 1205 1379 cellentiffime
1223 1344 1392 1394 insignivit
1411 1360 1420 1381 τ
1446 1345 1511 1380 hoc
1523 1343 1630 1393 posito
1650 1359 1744 1380 cver-

985 1394 1173 1442 tituripfius
1190 1397 1222 1428 &
1241 1393 1432 1442 sequacium
1454 1395 1609 1430 sententia
1622 1395 1659 1429 de
1677 1394 1743 1429 sine

984 1443 1229 1479 hebdomadum
1239 1445 1272 1478 in
1286 1443 1596 1492 Hierosolymorum
1608 1444 1743 1480 excisio-

1746 597 1814 630 Jatrt
1822 603 1877 621 von·

1755 637 1857 663 sinnam,

982 1507 1034 1529 ne.
1045 1495 1134 1528 Dato
1145 1494 1230 1528 enim
1244 1495 1352 1543 (quod
1365 1505 1475 1529 tamen
1484 1495 1527 1530 est
1539 1506 1650 1530 contra
1661 1499 1743 1529 Pro-
1761 1497 1837 1527 Mali=
1847 1512 1876 1528 u-

984 1544 1087 1591 phetae
1102 1544 1275 1586 ordinem)
1301 1543 1525 1579 hebdomadas
1535 1543 1666 1592 septem,
1680 1546 1741 1591 pri·
1760 1542 1894 1619 Zuznjljwfss

1777 1593 1792 1608 η
1806 1593 1817 1607 e
1834 1593 1859 1610 e-

1758 1630 1830 1661 ptem.

983 1606 1074 1629 mum
1101 1593 1289 1628 membrum
1309 1592 1590 1629 hebdomadarum
1616 1594 1740 1641 septua-

982 1645 1094 1693 ginta,
1120 1643 1197 1678 stare
1221 1643 1292 1690 post
1311 1643 1473 1691 sexaginta
1492 1644 1569 1678 duas
1591 1648 1622 1679 &
1643 1656 1742 1679 unam

982 1692 1100 1742 (quod
1119 1691 1187 1741 ipse
1206 1691 1332 1741 Scaliger
1354 1706 1422 1728 non
1445 1692 1544 1729 audet
1564 1691 1742 1734 affirmare,

983 1739 1141 1791 professus
1163 1739 1296 1778 tandcrfi
1317 1742 1436 1778 nescire
1457 1743 1485 1778 se
1503 1756 1617 1780 verum
1628 1745 1742 1778 locum

982 1798 1012 1828 &
1026 1792 1175 1827 ordinem
1190 1793 1324 1827 istorum
1343 1793 1596 1837 membrorum)
1624 1803 1744 1828 utcun-

982 1856 1046 1891 que
1059 1841 1205 1877 concesso
1218 1841 1288 1877 istas
1299 1841 1420 1889 septem
1433 1842 1511 1878 stare
1530 1843 1603 1891 post
1622 1855 1722 1890 unam
1733 1867 1745 1884 ‚

984 1902 1080 1940 prout
1101 1902 1188 1926 extra
1215 1905 1316 1927 omne
1335 1892 1472 1927 dubium
1499 1892 1545 1927 est
1578 1892 1746 1941 sexaginta

985 1941 1062 1976 duas
1075 1941 1263 1976 antecedere
1275 1941 1360 1976 hanc
1373 1954 1471 1976 unam
1486 1956 1494 1976 τ
1516 1944 1663 1989 sequetur
1675 1941 1746 1989 post

986 2003 1127 2026 mortem
1150 1987 1300 2037 christiin
1311 1991 1421 2025 medio
1432 1990 1624 2038 sexagesimae
1642 1993 1745 2025 tertia:

986 2040 1205 2076 hebdomadis
1220 2039 1258 2074 ad
1277 2039 1367 2074 urbis
1376 2039 1543 2074 excidium
1562 2038 1745 2088 superfuisse

984 2091 1104 2138 septem
1123 2089 1343 2128 hebdomadas
1355 2092 1387 2124 &
1406 2089 1547 2124 mediam
1561 2116 1570 2130 ,
1595 2090 1659 2124 hoc
1677 2088 1722 2124 est
1734 2113 1744 2128 ,

985 2154 1087 2175 annos
1102 2141 1345 2188 quinquaginta
1354 2139 1436 2173 duos
1449 2142 1482 2172 δε
1494 2139 1655 2175 medium:
1665 2140 1746 2172 nulli

985 2201 1095 2225 autem
1108 2189 1125 2223 a
1138 2201 1244 2223 morte
1257 2187 1367 2222 Christi
1385 2189 1487 2224 decim
1494 2189 1641 2222 oostavo
1653 2186 1749 2223 TJbe-

983 2239 1020 2274 rii
1036 2239 1075 2273 ad
1096 2237 1405 2283 Hierosolymorum
1420 2238 1583 2273 excidium
1604 2236 1749 2272 secundo·

984 2286 1168 2336 Vespffiani,
1196 2285 1407 2321 numerarunt
1424 2285 1516 2334 supra
1535 2299 1639 2324 annos
1669 2298 1751 2335 qua-

986 2338 1132 2385 draginta
1145 2361 1153 2375 ,
1172 2340 1205 2371 &
1229 2335 1418 2383 Scaligeriani
1436 2347 1607 2371 numerant
1618 2335 1747 2370 tantum

986 2389 1122 2435 triginta
1134 2385 1204 2426 sex,
1221 2385 1302 2420 adeo
1320 2396 1356 2420 ut
1375 2384 1521 2432 ipsorum
1542 2385 1594 2418 hic
1607 2383 1749 2418 calculus

985 2438 1080 2470 annis
1090 2437 1169 2470 totis
1179 2433 1316 2469 sedecim
1328 2439 1361 2469 &
1372 2433 1485 2469 medio
1497 2433 1514 2468 ἃ
1529 2433 1585 2468 suo
1597 2430 1744 2480 ipsorum

155 2640 164 2648 ⁸
188 2632 330 2668 litudine
344 2629 479 2667 conatur
498 2631 537 2665 ab
556 2630 783 2677 omnijoco&
801 2630 938 2666 absurdo

191 2487 328 2519 maximi
347 2483 519 2519 ridiculum
542 2484 732 2526 &joculare
749 2482 845 2517 muln
863 2498 938 2530 pro-

187 2533 386 2570 nunciz'iffent
397 2560 406 2573 ‚
423 2533 566 2567 editione
579 2531 631 2568 sust
644 2532 822 2580 posteriore
833 2533 940 2567 noluit

187 2582 321 2630 quidem
332 2583 412 2618 illud
424 2581 615 2622 defendere,
627 2592 771 2616 attamen
784 2581 842 2616 hac
855 2581 940 2617 simi-

987 2495 1147 2531 computo
1157 2484 1276 2518 deviet.
1730 2524 1737 2530 ·

1034 2537 1082 2567 Ita
1096 2532 1222 2566 fortasse
1242 2533 1292 2565 vel
1312 2531 1369 2565 alia
1386 2531 1480 2575 hujus
1492 2530 1620 2578 generis
1640 2541 1741 2578 argu-
1762 2544 1890 2578 Iunim&

987 2593 1097 2616 menta
1115 2583 1229 2614 lunium
1254 2579 1495 2615 absterruerunt
1511 2580 1551 2614 ab
1574 2579 1623 2614 his
1642 2582 1739 2615 etiam
1762 2591 1893 2616 «sanota-

986 2631 1131 2666 secundis
1144 2628 1282 2679 Scaligeri
1298 2629 1423 2664 distatis
1442 2643 1450 2662 ι
1476 2629 1526 2663 sed
1539 2631 1629 2664 tertia
1641 2642 1738 2677 quam
1759 2634 1902 2677 ²⁰¹ss⁶⁵=A117

987 2680 1084 2715 lunius
1096 2679 1185 2714 cudit
1197 2679 1350 2713 sententia
1362 2679 1468 2714 nihilo
1478 2679 1522 2714 est
1539 2678 1675 2729 scaligeri
1694 2678 1738 2714 sa-
1754 2670 1901 2737 glzcamfln

986 2731 1069 2765 nior.
1096 2726 1177 2763 Vult
1195 2729 1249 2762 ille
1270 2730 1304 2762 in
1317 2727 1377 2763 suis
1400 2729 1436 2763 ad
1462 2731 1570 2763 locum
1584 2731 1742 2764 annotatis
1761 2719 1897 2781 Ξζζέζίεζῆ,

987 2792 1082 2813 unam
1097 2777 1179 2812 hanc
1196 2778 1254 2812 effe
1267 2779 1399 2826 quidem
1414 2779 1560 2813 ultimam
1572 2777 1739 2827 septuage-
1761 2803 1834 2820 unam
1886 2780 1888 2782 ’

988 2828 1072 2862 fimae
1086 2850 1096 2867 ‚
1117 2826 1169 2861 sed
1180 2839 1248 2874 quae
1261 2827 1374 2862 desinit
1393 2829 1425 2862 in
1437 2826 1740 2876 Hierosolymorum
1761 2833 1794 2860 aa'
1802 2833 1865 2861 urbss

986 2876 1115 2911 excidio
1129 2901 1138 2916 ‚
1157 2880 1232 2911 ante
1252 2879 1343 2925 quod
1365 2874 1478 2911 Chnfh
1497 2891 1587 2912 mors
1605 2879 1742 2925 triginta
1758 2875 1879 2904 2²⁴¹d1⁶2⁶

988 2926 1036 2961 sex
1047 2927 1137 2960 annis
1154 2927 1281 2974 pera&a
1292 2926 1354 2961 estz
1383 2929 1417 2960 In
1437 2926 1502 2961 hoc
1515 2931 1739 2962 Annotatores
1759 2924 1846 2984 ‘ix‘ffl'

989 2977 1192 3022 Anglicanos
1201 2975 1349 3022 sequaces
1361 2975 1468 3011 habet.
1757 2967 1828 2988 ‘¹⁰¹²'

192 3024 299 3074 potest
317 3024 378 3059 diei
388 3026 567 3062 hebdomas
585 3039 745 3062 annorum
757 3051 766 3065 ‚
785 3027 860 3061 licet
871 3038 942 3060 eam
1036 3026 1184 3059 Multum
1198 3024 1251 3059 hic
1263 3027 1344 3060 lima
1353 3025 1482 3059 detrivit
1495 3047 1505 3061 2
1521 3028 1552 3059 ὃ(
1565 3022 1740 3061 hominum

189 3074 324 3124 plurimi
335 3077 409 3108 anni
422 3076 559 3110 mediam
571 3076 731 3111 dividant.
987 3076 1084 3108 ctiam
1105 3075 1194 3114 σοφῶν
1203 3077 1337 3119 &ed-seqq
1347 3072 1501 3119 φξοντὶε-Γες
1511 3072 1640 3109 fuerunt
1656 3082 1738 3117 φαμ-

239 3123 527 3159 Verumenimvero
548 3124 648 3160 simile
666 3126 730 3160 hoc
742 3123 940 3172 torpedibus
984 3126 1111 3169 λᾶτεςεᾳ.
1134 3126 1220 3158 Tam
1232 3127 1331 3157 [amm
1347 3122 1446 3169 quarn
1458 3125 1658 3159 Annotatores
1672 3130 1743 3159 An-

192 3171 348 3209 claudicat
361 3183 396 3207 ut
408 3173 460 3211 vix
472 3185 538 3215 uno
551 3174 678 3210 incedat
691 3176 812 3211 reftum
826 3200 837 3218 ‚
853 3174 939 3210 certe
958 3201 963 3256 l
976 3173 1089 3227 gltcam'
1104 3174 1137 3209 in
1152 3173 1316 3221 prioribus
1327 3172 1390 3208 suis
1400 3174 1595 3212 editionibus
1614 3174 1741 3209 hebdo-

1351 3226 1378 3260 Z
1402 3237 1424 3262 2
1610 3222 1738 3258 madam

187 2683 344 2718 excusare.
363 2681 653 2727 Qemadmodum
666 2682 805 2729 (inquit)
815 2683 869 2729 qui
882 2682 941 2715 iter

189 2731 270 2767 facit
285 2731 407 2766 Parisiis
420 2729 574 2764 Tolosam
586 2755 596 2770 ‚
617 2734 648 2764 &
661 2732 795 2777 negotia
803 2730 856 2764 sua
867 2731 941 2764 To-

189 2780 259 2816 losae
278 2782 399 2828 peragit
420 2778 583 2814 mensibus
600 2778 718 2825 septem
742 2805 750 2816 ‚
776 2778 858 2813 reete
879 2780 941 2813 dici

191 2830 293 2876 potest
310 2842 411 2865 unum
425 2829 567 2864 mensem
581 2825 775 2875 insumpsisse
788 2828 819 2861 in
840 2829 942 2861 itine-

194 2891 226 2912 re
238 2879 330 2917 ,licet
340 2879 512 2914 dimidium
533 2878 619 2912 istius
634 2877 748 2912 mensis
768 2876 944 2911 antecesse-

194 2927 236 2962 rit
248 2927 298 2960 sex
308 2928 426 2963 menses
438 2928 690 2975 negotiationis,
700 2930 732 2960 &
746 2927 882 2961 alterum
894 2925 943 2960 di-

194 2976 332 3010 midium
350 2977 380 3011 id
399 2977 542 3012 semestre
560 2976 707 3011 secutum
728 2975 764 3011 sit
785 3000 794 3013 ‚
814 2978 856 3010 ita
878 2988 943 3010 una
