2048 3343
259 124 313 150 ῃ»,
615 106 654 143 D
686 119 698 142 1
729 119 755 143 A
788 116 812 142 T
845 118 873 142 R
903 119 917 142 1
947 117 968 141 Β
999 116 1026 141 A

262 164 440 212 gabuntque
459 161 616 195 decretum
636 161 702 194 Dei
719 172 787 193 non
809 158 867 192 effe
885 160 995 192 Deum
1011 182 1020 197 ‚

263 225 437 260 quanquam
445 211 587 258 aliquade
595 208 937 248 decretisaffirmentur,
951 220 1019 255 quae

264 264 301 296 dc
316 263 391 295 Deo
405 261 541 308 neganda
554 258 633 294 sunt.

103 327 210 351 Decreta
229 322 255 347 in
313 311 372 345 Sed
391 310 518 358 lingulas
534 309 757 356 probationum
772 319 870 355 partes
891 305 1019 354 propius

103 362 254 399 Deostmtin
266 358 463 407 inspiciamus.
500 361 636 394 Decreta
666 360 680 404 (
695 360 794 405 inquit
812 359 1018 405 Opponens)

98 403 228 463 s³¹⁴⁷¹¹¹’⁷¹;
267 409 332 443 sunt
346 410 438 443 multa
456 413 487 443 &
502 410 665 443 contraria.
691 406 784 455 Resp.
815 411 1021 454 Qaecunque

102 443 251 511 5252?ssss
266 461 297 493 in
312 461 386 493 Deo
399 459 445 493 vel
463 459 529 493 sunt
540 484 549 498 ‚
562 459 607 492 vel
621 456 678 492 effe
692 458 927 504 concipiuntur,
941 456 1020 489 duo-

104 521 254 559 apamia&
269 509 326 542 bus
346 509 447 543 modis
469 508 703 543 considerantur.
724 521 749 542 1.
767 510 801 540 In
814 505 842 541 se
855 530 865 545 ‚
890 510 921 540 &
941 515 973 537 ut
991 504 1022 536 in

56 567 58 569 ’
104 562 255 599 respec‘z‘uob-
270 561 346 592 Deo
359 557 435 592 sunt.
455 571 481 592 ι.
490 570 582 605 prout
595 557 633 591 ab
646 557 827 590 hominibus
839 553 1023 599 concipiun-

99 604 222 639 jefforum
268 620 334 648 tur,
355 609 402 641 vel
422 619 455 641 ut
469 606 535 641 sunt
548 607 675 651 objeCha
689 606 816 639 humani
830 601 1001 649 conceptfis
1014 625 1023 640 a

105 641 252 717 ffgjn‘fffffi
269 663 299 692 ἃ.
316 656 462 692 sermonis
479 655 642 691 secundum
657 655 747 688 istum
759 664 962 700 conceptum3
977 663 1025 685 ar-

105 722 205 753 multa,
223 723 257 754 ὠ,
271 718 451 755 gumentum
471 707 609 751 loquitur
631 705 669 738 de
689 704 820 737 decretis
840 703 872 736 in
891 702 1025 735 notione

105 764 243 790 contraria.
271 758 384 804 priori,
409 767 501 802 prout
515 754 579 788 sunt
595 755 624 787 in
639 755 734 792 Deo,
751 756 782 787 &
796 750 960 786 secundum
975 748 1003 784 se
1016 774 1026 789 ,

270 806 340 840 alias
352 818 417 839 non
429 806 590 850 attingeret
603 801 737 849 scopum.
752 805 857 848 ltaque
871 801 934 834 hoc
945 797 1026 833 sensu

269 867 417 902 negamus
431 852 671 887 decretavelesle
687 853 856 887 contraria,
875 850 921 885 vel
934 850 1028 897 plura.

269 906 347 939 Non
360 903 529 942 contraria3
551 903 621 949 quia
634 902 776 935 viliffirnae
790 911 933 935 creaturae
945 924 952 936 ‚
973 911 1027 932 ne-

270 955 344 987 dum
354 954 417 987 Dei
431 954 507 1000 Opt.
518 955 604 987 Max.
617 952 810 998 privilegium
825 950 879 990 est,
889 962 953 983 non
961 947 1030 982 sub-

269 1005 322 1049 jici
336 1004 448 1037 eodem
462 1014 606 1048 tempore
619 1002 792 1040 contrariis3
803 1000 867 1034 haec
876 1000 959 1033 enim
967 997 1033 1032 sunt

270 1052 377 1084 ἁλὰνῖλων
391 1051 521 1091 409222721192,
530 1064 594 1084 non
607 1051 761 1097 patiuntur
769 1047 796 1083 se
810 1048 920 1083 mutuo
934 1049 964 1081 in
978 1060 1032 1081 eo-

271 1101 343 1134 dem
358 1098 510 1146 subjecto.
525 1100 670 1134 Praetcrea
681 1101 711 1133 in
722 1100 877 1133 electione
885 1103 916 1134 &
926 1110 1033 1145 repro-

271 1151 397 1184 batione
411 1149 562 1183 diverfitas
574 1150 695 1194 objecti
708 1150 837 1196 impedit
846 1149 967 1195 plenam
975 1160 1033 1193 op-

273 1199 544 1246 pofitionem‚non
558 1198 623 1233 sunt
637 1201 673 1232 ad
686 1200 780 1237 idem,
792 1199 885 1232 iidem
901 1210 966 1231 non
980 1198 1034 1230 eli—

272 1261 401 1296 guntur,
416 1253 445 1282 &
457 1248 681 1294 reprobantur:
708 1250 845 1281 Decreta
859 1248 950 1281 etiarn
964 1247 995 1279 in
1009 1244 1036 1279 se

273 1311 337 1332 non
353 1295 419 1331 sunt
432 1299 527 1330 multa
541 1322 550 1336 ,
571 1310 641 1330 narn
658 1296 678 1330 fi
695 1297 967 1343 multiplicarentur
979 1307 1038 1340 pro

274 1360 405 1382 numero
414 1343 1035 1392 objefikorummiultomajorcompofitio

277 1399 307 1431 in
320 1399 396 1430 Deo
410 1396 567 1435 existeret,
588 1395 679 1443 quam
693 1397 739 1429 vel
754 1394 893 1440 Vorstms,
907 1395 952 1428 vel
965 1394 1038 1427 alius

277 1445 436 1493 quisquam
452 1444 612 1479 somniavit
625 1470 635 1485 ‚
660 1445 844 1479 inhaererent
862 1446 940 1479 Deo
960 1444 1041 1478 acci-

276 1496 391 1534 dentia,
405 1494 425 1528 fi
441 1508 505 1528 non
519 1495 649 1534 infinita,
660 1492 730 1528 salte
743 1496 918 1528 innumera:
934 1495 1039 1528 decre-

275 1557 319 1581 ta,
334 1549 365 1578 δι
379 1544 546 1578 volitiones
560 1546 625 1578 Dei
639 1545 852 1580 circaomnes‚
868 1548 899 1578 &
913 1543 1040 1590 singulas

275 1605 426 1629 creaturas
439 1605 637 1634 exercentur,
658 1594 779 1640 itaque,
798 1593 820 1627 si
833 1594 1038 1640 multiplicen-

275 1656 324 1679 tur
340 1656 398 1691 pro
412 1643 609 1678 multitudine
622 1643 843 1689 objectorum,
864 1655 915 1678 tot
930 1647 961 1679 &
977 1654 1038 1677 tam

275 1695 353 1729 varia
362 1693 417 1727 sint
430 1703 573 1741 oportet,
588 1707 654 1728 non
665 1692 784 1728 tantum
791 1705 871 1742 quot
882 1691 948 1728 sunt
956 1706 1037 1727 crea-

277 1754 314 1778 tae
328 1742 496 1778 substantiae
511 1768 521 1782 ,
547 1742 596 1778 sed
609 1755 658 1778 tot
672 1744 764 1779 etiam
777 1755 857 1792 quot
871 1743 1039 1778 accidentia

277 1793 400 1842 singulis
414 1791 585 1828 substantiis
599 1818 607 1830 ‚
634 1792 800 1828 secundum
816 1794 881 1827 Dei
897 1794 1039 1829 volunta-

279 1854 342 1877 tem
353 1867 360 1879 ,
375 1843 423 1877 vel
437 1841 556 1882 adsunt,
571 1843 617 1877 vel
630 1842 746 1877 absunt.
777 1846 948 1878 Statuamus
964 1855 1039 1891 ergo

279 1905 350 1926 cum
374 1893 475 1926 doecis
497 1904 558 1924 tam
581 1894 712 1939 antiquis
731 1893 824 1939 quam
842 1892 1038 1929 recentibus,

280 1942 406 1985 objecta
424 1946 454 1976 &
468 1940 596 1975 effeetus
611 1943 774 1977 voluntatis
790 1943 896 1977 divinae
912 1943 942 1976 in
956 1955 1039 1977 crea-

280 1993 355 2025 turis
368 1991 537 2038 quamlibet
551 1992 644 2024 multa
659 1996 689 2026 &
705 1993 874 2033 contraria;
899 1990 948 2026 sed
963 1992 1038 2026 voli-

282 2042 383 2074 tiones
397 2064 405 2076 ,
431 2044 462 2075 δε
478 2041 564 2074 astus
579 2041 744 2075 voluntatis
759 2043 789 2075 in
806 2042 882 2075 Deo
896 2055 961 2075 non
974 2042 1040 2089 plu-

282 2103 330 2123 res
344 2089 435 2135 quam
452 2103 547 2123 unum
560 2094 591 2124 &
606 2091 737 2124 eundem
747 2115 756 2130 ‚
777 2092 863 2138 quod
877 2091 940 2125 hoc
953 2091 1040 2125 simili

283 2138 409 2172 illustrat
429 2140 577 2185 Aquinas.
604 2141 658 2173 Sol
681 2138 799 2185 semper
814 2153 891 2174 unus
911 2145 941 2175 δι
957 2141 1041 2174 idern

284 2187 344 2226 est,
365 2187 485 2233 ejusque
499 2190 655 2221 radiorum
671 2190 828 2222 emanatio
841 2189 884 2223 cst
900 2203 960 2223 una
973 2202 1039 2223 tan-

285 2248 351 2270 tum
366 2235 468 2268 solaris
482 2237 623 2280 corporis
638 2238 739 2270 affitio:
757 2237 880 2280 hujusce
895 2250 998 2272 tamen
1008 2251 1040 2271 u-

284 2286 354 2318 nius
367 2285 498 2318 aetionis
509 2285 633 2329 objctfba
641 2296 689 2318 tot
703 2283 768 2317 sunt
777 2309 786 2323 ,
801 2295 880 2331 quot
888 2296 1040 2318 creatum,

285 2347 353 2380 quae
367 2335 414 2367 vel
428 2335 527 2367 lucem
544 2358 552 2370 ,
575 2334 623 2366 vel
642 2334 777 2366 calorem
789 2358 798 2372 ‚
826 2333 872 2367 vel
892 2332 1042 2367 influxum

287 2384 368 2418 Solis
381 2383 552 2430 patiuntur,
576 2386 608 2416 &
625 2380 734 2416 effcflxi
747 2393 809 2415 tam
826 2383 906 2415 varia
920 2392 1041 2415 contra-

287 2434 410 2479 riaque,
430 2432 522 2479 quam
536 2432 737 2471 illuminatio,
757 2432 936 2470 excaecatio,
957 2431 1042 2464 indu-

287 2483 380 2518 ratio,
395 2479 592 2528 liquefa&io‚
606 2482 679 2520 vita,
694 2481 952 2515 &mors:velaliae
960 2493 1042 2528 quae-

286 2533 330 2566 vis
345 2531 559 2578 operationes,
574 2543 640 2578 quat
654 2530 811 2564 radiorum
826 2528 895 2564 solis
907 2531 940 2563 in
953 2542 1041 2564 mun-

288 2581 331 2615 do
343 2581 405 2614 hoc
420 2579 559 2615 inferiori
578 2578 766 2626 praesentiam
781 2604 790 2619 ‚
815 2580 862 2614 vel
881 2577 1044 2613 absentiam

288 2629 463 2678 sequuntur.
490 2629 666 2663 Distinfflo
683 2654 692 2668 ,
718 2633 749 2663 &
764 2628 921 2675 oppositio
934 2642 1001 2677 quae
1014 2629 1044 2662 in

289 2680 369 2713 hisce
383 2680 530 2718 cernitur,
554 2679 667 2712 nullam
682 2677 787 2724 inipso
800 2677 878 2714 sole,
899 2683 929 2713 δέ
943 2677 1045 2712 radio-

291 2741 357 2762 rum
379 2731 443 2773 ejus
463 2729 620 2762 emisiionc
641 2726 872 2761 distindfionem
890 2751 898 2764 ‚
930 2728 1045 2760 nedum

291 2779 579 2824 multiplicationem
593 2801 603 2816 ‚
623 2776 749 2811 minime
764 2777 907 2810 omnium
919 2776 1044 2823 opposi-

291 2828 410 2861 tionem
423 2838 473 2860 aut
488 2827 734 2860 contrarietatem
748 2827 901 2872 producit.
927 2827 1044 2860 Eadem

292 2878 322 2910 in
343 2879 418 2910 Deo
432 2874 557 2921 ejusque
572 2876 725 2910 voluntate
739 2876 817 2909 ratio
829 2875 873 2910 est
886 2900 895 2915 ,
919 2877 993 2909 dum
1009 2876 1044 2909 ad

292 2926 416 2970 objecta
431 2930 460 2960 &
476 2924 585 2959 effoeta
599 2925 629 2958 in
642 2925 785 2958 creaturis
797 2936 1020 2971 comparantur.

133 2994 212 3020 Ac‘ffm
224 2997 263 3017 Μ,
340 2976 444 3008 Altera
452 2975 645 3021 probationis
659 2987 741 3020 pars,
759 2973 845 3021 quod
854 2975 973 3007 decreta
982 2974 1045 3007 Dei

131 3030 279 3063 teneam&
296 3020 349 3055 sint
362 3024 455 3056 libera
467 3028 497 3058 δε
506 3024 729 3070 contingentia,
744 3036 810 3070 quae
819 3023 975 3070 potuerint
982 3035 1045 3056 non

133 3073 275 3117 volantum
296 3068 394 3110 fuisse,
413 3086 481 3106 vera
495 3086 558 3106 non
569 3071 612 3105 est
625 3073 662 3106 de
673 3072 802 3106 decretis
813 3097 820 3108 ‚
836 3084 928 3119 prout
941 3071 1046 3106 suntin

134 3112 225 3137 Alvum
242 3121 269 3137 ²⁷¹
296 3117 340 3157 se,
355 3124 384 3153 &
402 3121 430 3153 in
447 3123 538 3154 Deo:
554 3134 622 3154 nam
636 3134 745 3155 omnes
763 3122 871 3157 divinae
884 3122 1047 3156 voluntatis

130 3152 236 3222 {22:ss
245 3160 286 3216 nti:-
297 3169 380 3202 aestus
394 3170 425 3202 in
439 3171 514 3202 Deo
528 3168 593 3203 sunt
607 3183 683 3203 unus
697 3176 727 3205 δι
746 3171 827 3204 idem
839 3197 847 3210 ,
873 3184 1046 3218 quanquam

135 3229 261 3266 ceffimum
272 3249 280 3258 ,
297 3231 354 3252 nos
368 3231 425 3265 pro
441 3217 549 3252 nostro
564 3220 758 3266 concipiendi
772 3221 919 3261 modulo,
938 3234 994 3255 eos
1002 3220 1045 3254 di-

1089 103 1113 141 S
1146 115 1167 141 Ε
1197 117 1218 141 c
1248 117 1273 141 u
1304 116 1331 141 N
1361 117 1389 152 *D
1420 118 1462 143 A.

1055 159 1193 193 vidamus
1208 163 1239 193 &
1252 159 1496 205 multiplicemus
1510 172 1520 199 ;
1542 171 1606 194 non
1619 161 1705 195 aliter
1716 162 1817 197 valen--
1829 173 1903 204 prout
1914 167 1980 204 effen>

1057 220 1103 242 tes
1122 221 1177 242 eos
1197 209 1363 254 concipere
1376 231 1383 243 ,
1414 208 1508 254 quam
1525 209 1562 242 ad
1581 209 1819 244 nostrarummet
1835 215 1873 233 ¹¹2
1890 216 1966 234 5⁸⁶³„

1057 258 1249 292 voluntatum
1264 257 1496 291 similitudinem
1516 271 1524 291 2
1548 261 1610 302 jam
1621 258 1698 292 vero
1711 259 1819 294 huma·
1830 247 1968 314 flammise-ax

1059 321 1104 342 nae
1123 307 1287 342 voluntatis
1309 307 1394 341 aetus
1414 306 1481 341 sunt
1495 307 1598 342 reverti
1618 309 1650 341 in
1663 306 1691 342 se
1709 309 1821 347 multi,
1855 287 1963 322 orsam».

1057 370 1230 404 eorumque
1244 357 1369 404 quidam
1379 358 1612 404 contingenteS‚
1632 357 1758 405 quidam
1768 370 1824 391 ne-

1058 404 1190 440 cessarii:
1203 405 1252 439 sed
1264 406 1301 439 ad
1309 404 1423 440 miserae
1431 418 1574 441 creaturae
1587 405 1749 455 angustias,
1758 419 1824 440 non

1059 456 1152 489 debet
1179 455 1340 488 Creatoris
1366 455 1534 490 infinitudo
1558 454 1800 491 commensurari
1817 480 1827 496 ,

1059 502 1172 550 absque
1186 502 1313 538 infinitae
1329 503 1576 539 diffimilitudinis
1586 529 1596 545 ,
1611 504 1828 554 &dispropor-

1060 553 1154 586 tionis
1163 553 1332 600 agnitione.
1357 555 1473 601 Neque
1489 555 1613 594 oculus,
1631 568 1732 603 neque
1740 568 1829 589 mens

1061 602 1202 636 hominis
1215 602 1299 648 plura
1312 602 1400 637 simul
1410 603 1554 638 distincte
1563 604 1641 640 valet
1654 605 1829 652 apprehen-

1063 653 1132 686 dere
1143 665 1153 692 ;
1166 650 1390 699 conspicimus,
1406 654 1644 702 &intelligimus
1651 667 1746 689 unum
1756 653 1829 701 post

1062 701 1142 735 aliud
1155 725 1164 740 ,
1184 702 1278 748 idque
1292 701 1461 742 distineris,
1475 707 1507 738 δε
1520 701 1687 738 succeffivis
1701 715 1827 751 tempo-

1064 753 1104 784 ris
1119 749 1239 795 (saltem
1251 752 1502 799 cogitationum)
1517 753 1700 788 intervallis:
1721 755 1830 788 eadem

1064 800 1229 834 voluntatis
1237 802 1379 835 conditio
1388 826 1399 841 ,
1412 802 1536 836 diversis
1550 803 1671 838 astibus
1685 804 1717 837 in
1729 803 1828 838 diver-

1067 849 1094 883 sa
1108 849 1205 883 tendit
1225 850 1366 894 objeffita:
1384 851 1488 896 primo
1506 851 1600 886 finem
1614 877 1625 892 ‚
1644 852 1716 900 post
1730 852 1831 886 media

1066 900 1198 946 appetit;
1216 903 1247 934 &
1262 900 1294 932 in
1309 900 1418 934 mediis
1435 901 1535 937 modo
1548 902 1580 935 in
1595 914 1708 939 unum,
1729 902 1830 937 modo

1066 950 1097 983 in
1110 949 1190 982 aliud
1198 949 1378 989 inclinatur,
1392 962 1449 994 pro
1458 951 1569 994 majori
1577 952 1624 986 vel
1635 953 1751 985 minori
1762 964 1830 985 me-

1068 999 1193 1032 diorum
1206 998 1244 1032 ab
1256 999 1367 1033 ultimo
1380 998 1443 1033 fine
1458 999 1607 1034 distantia.
1642 1001 1754 1035 Nativa
1766 1000 1831 1034 haec

1068 1048 1206 1081 hominis
1221 1048 1381 1082 infirmitas
1388 1073 1399 1088 ‚
1422 1053 1452 1084 δι
1466 1048 1653 1096 ἰηρεῐῑεᾶὶο
1667 1050 1830 1085 creationis

1069 1099 1135 1145 lege
1144 1097 1362 1144 ipsiimpo'fita,
1377 1097 1472 1132 efficit
1480 1110 1513 1133 ut
1525 1098 1664 1134 humanae
1672 1110 1734 1133 tam
1742 1111 1831 1133 men-

1069 1148 1107 1181 tis
1121 1148 1213 1194 quarn
1226 1148 1390 1181 voluntatis
1403 1149 1488 1182 aetus
1500 1172 1510 1188 ,
1536 1162 1594 1196 pro
1607 1150 1803 1184 multitudine
1816 1172 1826 1188 ‚

1072 1200 1102 1231 &
1116 1197 1256 1231 varietate
1276 1197 1477 1241 objectorum
1500 1198 1666 1233 necessario
1687 1199 1833 1245 multipli-

1072 1256 1178 1280 centur
1187 1258 1196 1285 ;
1211 1244 1258 1279 sed
1273 1244 1388 1280 summa
1397 1248 1557 1282 creatoris
1565 1246 1720 1296 perfecffio
1729 1249 1766 1282 ab
1773 1248 1833 1282 hac

1073 1306 1179 1329 creatae
1195 1294 1379 1329 infirmitatis
1394 1298 1462 1344 lege
1475 1295 1571 1344 ipsum
1585 1297 1704 1344 praestat
1719 1299 1833 1332 immu-

1075 1357 1146 1378 nem
1162 1357 1170 1378 :
1196 1357 1261 1378 uno
1280 1349 1311 1379 &
1334 1346 1448 1380 eodem
1464 1347 1639 1381 intelleeffis
1659 1349 1730 1382 aCtu
1749 1345 1834 1381 suam

1075 1393 1164 1441 ipsius
1178 1393 1331 1428 essentiam
1345 1419 1355 1434 ‚
1375 1399 1407 1429 &
1420 1406 1570 1430 creaturas
1583 1409 1692 1430 omnes
1706 1395 1835 1444 praesen-

1075 1456 1135 1479 tes,
1151 1444 1333 1490 praeteritam,
1348 1447 1379 1478 &
1394 1441 1619 1485 futurassimul,
1638 1447 1709 1480 &in
1718 1446 1834 1480 eodem

1075 1491 1425 1527 instantidistincfftiffime
1433 1494 1686 1540 comprehendit3
1699 1494 1835 1529 similiter

1075 1556 1138 1577 uno
1155 1546 1185 1577 &
1199 1541 1313 1575 eodem
1326 1542 1491 1577 voluntatis
1504 1543 1592 1583 actu,
1603 1541 1701 1578 fertur
1713 1538 1746 1578 in
1754 1541 1838 1591 seip-

1051 1620 1053 1627 s
1075 1591 1138 1626 sum
1153 1602 1185 1625 ut
1197 1589 1349 1625 summum
1362 1592 1502 1633 bonum,
1514 1597 1546 1628 &
1559 1594 1703 1629 ultimum
1718 1592 1814 1628 finem
1824 1618 1837 1633 ,

1076 1654 1166 1690 atque
1182 1641 1213 1674 in
1234 1652 1383 1676 creaturas
1399 1653 1433 1676 ut
1453 1643 1554 1678 media
1571 1643 1608 1684 ad
1625 1642 1717 1678 istum
1730 1642 1838 1677 finem.

1076 1691 1132 1726 Ista
1146 1691 1162 1726 a
1175 1690 1354 1739 Theologis
1369 1689 1561 1727 fundamenti
1572 1694 1647 1727 loco
1661 1692 1760 1728 solent
1777 1705 1837 1741 po-

1076 1743 1118 1777 ni.
1143 1740 1225 1777 Vide
1239 1744 1456 1789 viquinatem.
1470 1755 1490 1777 1.
1505 1755 1568 1790 par.
1582 1741 1671 1791 quaes.
1684 1755 1731 1785 19.
1745 1754 1800 1777 art.
1808 1754 1834 1788 5.

1076 1794 1107 1826 in
1118 1792 1218 1838 Corp.
1237 1792 1323 1826 Hinc
1337 1793 1494 1827 concludo
1508 1793 1629 1828 decreta
1642 1794 1708 1827 Dei
1721 1793 1753 1826 in
1767 1791 1795 1827 se
1804 1806 1839 1827 u-

1077 1855 1151 1876 num
1172 1840 1290 1875 tantum
1311 1841 1369 1875 esse
1394 1843 1501 1877 divinae
1520 1842 1684 1878 voluntatis
1706 1843 1810 1876 :ustum
1824 1864 1836 1880 ‚

1077 1904 1140 1925 non
1162 1892 1258 1939 magis
1274 1889 1402 1925 divisum
1417 1892 1447 1925 in
1467 1890 1495 1925 se
1508 1916 1518 1932 ‚
1545 1893 1593 1926 vel
1606 1892 1737 1926 liberum
1752 1891 1768 1925 εὶ
1781 1904 1838 1925 ne-

1077 1941 1224 1980 cessitate,
1239 1952 1288 1975 aut
1296 1942 1547 1990 contingentem,
1563 1942 1658 1990 quam
1668 1940 1761 1989 ipsam
1770 1940 1838 1975 Dei

1078 1991 1245 2025 essentiam.

1125 2041 1286 2074 Hactenus
1300 2037 1461 2074 nobiscum
1470 2065 1479 2080 ‚
1499 2043 1530 2075 &
1542 2053 1613 2076 cum
1623 2041 1748 2074 veritate
1760 2052 1837 2074 con-
1851 2051 1955 2077 Divina

1078 2089 1260 2124 sentientem
1282 2089 1431 2124 habemus
1448 2087 1546 2137 ipsum
1567 2089 1729 2134 Vestiam,
1748 2087 1835 2135 quod
1849 2090 1993 2133 voluntaris

1080 2141 1204 2173 Divinae
1226 2140 1389 2173 voluntatis
1410 2140 1496 2174 aetus
1514 2140 1594 2173 circa
1611 2139 1743 2184 primum
1761 2161 1769 2173 ‚
1803 2140 1834 2171 &
1848 2132 1919 2157 adius
1934 2137 2003 2175 ‘²⁷⁶5‘

1080 2189 1243 2236 principale
1256 2189 1434 2232 objectum,
1448 2188 1579 2221 divinam
1593 2185 1834 2221 scilicetbonita-
1849 2174 2003 2237 32:22³?

1079 2250 1141 2270 tem
1152 2261 1160 2274 ‚
1182 2238 1397 2281 contingentes
1413 2249 1477 2269 non
1491 2235 1547 2269 fint
1559 2260 1568 2275 ‚
1594 2235 1644 2269 sed
1659 2235 1812 2270 neceffarii
1826 2259 1835 2272 ,
1849 2250 1966 2286 insesm„
1973 2258 2004 2275 u·

1078 2283 1145 2316 imo
1159 2280 1279 2329 prorsus
1296 2284 1392 2317 iidem
1407 2297 1478 2317 cum
1498 2286 1564 2317 Dei
1578 2284 1701 2320 essentia
1713 2310 1723 2325 ,
1750 2284 1837 2319 istam
1852 2302 1921 2320 num.

1080 2344 1237 2377 nunquam
1250 2330 1334 2365 ausus
1348 2331 1392 2366 est
1402 2333 1559 2367 veritatem
1572 2331 1738 2374 solicitare,
1753 2335 1839 2369 litem

1081 2380 1200 2414 tantum
1221 2381 1352 2415 intendit
1374 2382 1412 2416 de
1432 2382 1554 2417 a8ribus
1573 2384 1741 2418 voluntatis
1760 2385 1840 2418 circa

1082 2441 1248 2469 creaturas,
1267 2443 1380 2478 nempe
1392 2432 1430 2465 de
1443 2433 1582 2467 decretis.
1616 2434 1716 2482 Qod
1729 2432 1750 2466 si
1765 2434 1839 2468 vero

1081 2492 1191 2514 omnes
1204 2481 1312 2515 divinae
1326 2481 1491 2516 voluntatis
1504 2483 1603 2521 aetus,
1619 2482 1840 2517 realiteriidem

1082 2529 1154 2569 sint,
1177 2534 1208 2564 &
1221 2530 1403 2571 volitiones,
1425 2529 1474 2565 seu
1487 2531 1608 2566 decreta
1622 2533 1687 2566 Dei
1700 2533 1738 2566 de
1755 2545 1840 2566 crea-

1082 2580 1175 2620 turis,
1191 2580 1221 2613 in
1235 2579 1263 2613 se
1277 2581 1388 2614 &utin
1396 2594 1436 2614 eo
1450 2580 1598 2621 existunt,
1612 2582 1838 2616 unum&idem

1082 2628 1139 2663 sint
1151 2642 1220 2663 cum
1234 2630 1298 2663 Dei
1314 2630 1463 2664 volitione
1479 2629 1520 2664 sui
1533 2630 1638 2677 ipsius,
1652 2629 1702 2665 seu
1713 2630 1838 2665 infinitae

1083 2676 1138 2712 suae
1152 2679 1298 2712 bonitatis
1319 2679 1335 2713 a
1354 2677 1449 2726 seipso
1463 2680 1599 2715 fruendae
1611 2705 1619 2717 ‚
1644 2685 1676 2716 &
1693 2681 1838 2716 creaturis

1082 2740 1140 2775 pro
1153 2727 1241 2774 ipsius
1255 2728 1382 2762 arbitrio
1395 2728 1636 2770 manifestandae,
1651 2735 1683 2766 δε
1696 2741 1837 2765 commu-

1083 2778 1227 2811 nicandae.
1252 2779 1329 2812 Haec
1343 2778 1363 2811 si
1377 2777 1416 2812 fic
1429 2776 1457 2813 se
1471 2779 1602 2819 habent,
1619 2793 1683 2813 non
1695 2777 1796 2826 potest
1803 2791 1836 2812 u-

1084 2828 1152 2860 nius
1171 2826 1301 2861 istorum
1320 2828 1446 2862 actuum
1465 2829 1618 2863 necessitas
1631 2828 1713 2861 afferi
1726 2852 1734 2863 ‚
1761 2829 1836 2873 quin

1083 2888 1264 2910 caeterorum
1273 2902 1282 2916 ‚
1297 2879 1475 2925 quircaliter
1485 2878 1578 2912 iidem
1586 2876 1666 2916 sunt,
1681 2877 1836 2911 necessitas

1082 2926 1278 2959 concedatur.

1130 2974 1293 3013 Praeterea,
1307 2976 1419 3008 nullam
1427 2976 1515 3022 ponit
1528 2974 1652 3020 Wrstius
1659 2974 1835 3009 distinetio-

1084 3036 1155 3057 nem
1169 3024 1247 3057 inter
1259 3024 1353 3057 multa
1366 3049 1375 3063 ‚
1403 3037 1470 3071 quae
1487 3024 1624 3058 humano
1639 3025 1836 3072 concipiendi

1085 3073 1183 3107 modo
1197 3074 1263 3119 plus
1277 3074 1355 3106 inter
1369 3073 1396 3107 se
1407 3073 1569 3113 differunt,
1583 3074 1675 3121 quam
1689 3074 1752 3108 duo
1761 3072 1837 3119 ejus-

1084 3123 1154 3156 dcm
1171 3122 1331 3156 voluntatis
1342 3123 1429 3157 aestus
1438 3148 1446 3163 ‚
1458 3137 1534 3157 unus
1548 3124 1750 3163 circamedia,
1763 3126 1837 3157 alter

1084 3173 1163 3206 circa
1175 3171 1278 3205 finem.
1302 3173 1439 3207 Decreta
1452 3174 1489 3207 de
1501 3173 1660 3209 creaturis,
1678 3178 1708 3208 &
1723 3173 1837 3206 volitio

1084 3221 1174 3269 ipsius
1187 3222 1252 3256 Dei
1267 3246 1278 3261 ,
1296 3219 1418 3257 essentia
1431 3227 1461 3258 &
1475 3221 1631 3257 existentia
1644 3223 1751 3257 divinae
1767 3220 1839 3255 sub-

1721 3270 1835 3306 stantiae
