2048 3343
38 585 164 625 ⁸anglica·

37 630 66 657 ω’
73 630 159 658 ,Anno
164 641 171 646 -

0 690 1 699 i
37 667 174 704 utor-essibi

34 716 173 750 repugnant.

431 71 497 100 ET
555 63 1484 105 CHRONOL00101·L113.I.

191 139 321 177 tributi,
334 135 386 173 sed
398 141 495 173 tertio
507 141 596 186 regni
609 136 740 179 Ioakimi,
753 141 786 171 &
799 138 873 170 licet
884 137 939 171 da-

189 201 296 226 remus
323 186 440 228 loaknm
470 193 503 223 δι
538 188 654 222 Ieconiae
680 187 882 234 captivitates
908 187 940 218 in

188 251 289 273 unum
303 251 423 271 annum
444 236 607 276 incidisse,
634 248 700 269 non
713 245 940 281 proptereata-

185 300 260 322 rnen
273 287 508 321 distinetiffima
520 286 592 320 sunt
604 282 835 318 confundenda
847 297 856 323 3
869 286 941 317 Da.

188 337 413 372 niellicetnon
436 346 508 369 ante
530 332 649 373 Ioakimi
660 332 867 367 undecimum
879 335 942 366 Ba-

190 388 346 432 bylonem
358 381 461 418 fuisset
475 381 637 430 profeehis
652 407 660 421 ,
679 394 750 416 non
761 394 868 417 tamen
880 381 943 417 unii

191 448 266 470 cum
286 430 429 473 Ezekiele
450 433 491 467 eo
511 431 768 479 commigi·3ss'et,-
796 431 944 479 quando-

190 483 322 532 quidem
335 483 465 517 hicnon
484 493 558 516 ante
576 493 726 530 quartum
741 481 849 516 saltem
865 484 943 515 Ieco-

188 534 240 568 niae
252 531 396 567 mensem
416 531 456 566 eo
467 533 528 566 iter
539 531 723 566 intenderit.

240 583 302 617 Sed
317 581 407 629 quod
429 581 609 616 notandum
629 582 719 614 volui
736 579 778 613 de
796 591 941 627 quorun-

195 631 268 666 dam
285 632 318 664 in
331 631 388 665 liae
403 632 459 665 lite
468 629 486 664 a
497 629 600 678 scipsis
611 629 737 664 dissidio
748 651 755 664 ‚
768 639 946 663 annotato-

193 694 241 716 res
259 682 462 728 Anglicanos
474 679 652 728 tangebat,
673 680 729 725 qui
749 679 782 711 in
802 678 944 712 editione

191 729 245 765 sua
265 730 398 777 utrfique
417 729 548 776 sibiipsis
565 728 778 775 repugnantia
796 728 924 762 tradunt
936 750 945 759 .

196 779 248 814 Ad
262 780 410 814 Danielis
424 791 490 826 cap.
506 791 534 812 1.
547 791 577 812 v.
590 790 624 822 4.
637 781 666 810 ὅ(
681 789 748 821 cap.
761 790 793 819 9.
805 790 834 811 v.
847 788 874 810 2.
884 787 945 810 vo-

193 830 266 863 lunt
279 828 483 876 septuaginta
493 839 596 861 annos
607 827 801 872 captivitatis
814 826 944 859 initium

174 888 177 891 ’
194 877 368 925 sumpsisse,
384 890 450 911 non
464 877 479 910 :i
494 877 680 922 captivitate
690 874 804 908 Ieconiae
815 878 847 908 δέ
862 877 942 910 Eze-

194 926 274 967 kielis
286 925 561 962 Nehuchadnezaris
574 925 693 958 ocoravo
702 947 710 958 ,
729 919 782 955 sed
795 923 812 954 :i
828 924 945 955 Dame-

196 976 230 1009 lis
243 973 360 1015 Ivakimt'
371 987 485 1022 quarto
496 979 526 1008 δέ
536 969 813 1012 Νςόιιτῶαιίηεζανὴ
824 972 945 1016 primo:

197 1025 294 1073 idque
307 1024 442 1072 probant
453 1024 546 1057 variis
565 1021 764 1067 argumentis
780 1043 789 1058 ‚
816 1019 947 1066 respon-

195 1074 272 1110 dent
283 1076 378 1109 etiarn
395 1072 540 1117 objectis·
567 1065 790 1103 Nihilominus
804 1069 841 1102 ad
858 1069 946 1115 Jere-

194 1127 267 1158 rniae
282 1120 419 1157 vicefimi
439 1121 546 1167 quinti
566 1117 798 1151 duodecimum
817 1141 827 1157 ‚
851 1121 884 1151 &
907 1117 946 1151 ad

192 1184 212 1205 2
227 1170 354 1204 Cliton.
380 1167 532 1203 tricesimi
558 1165 639 1201 sexti
666 1166 854 1200 vicesimum
878 1169 946 1213 pri-

192 1232 304 1258 mum,
333 1229 496 1252 annotant
513 1218 732 1264 captivitatem
760 1215 946 1250 inchoatam

192 1281 262 1304 non
280 1265 397 1308 Ioakt'mi
415 1278 529 1314 quarto
547 1266 598 1300 sed
618 1265 734 1299 lemnia
745 1267 868 1311 primo,
896 1266 946 1300 id-

191 1331 255 1366 que
275 1318 382 1350 multis
404 1316 582 1350 rationibus
610 1326 771 1349 conantur
791 1314 924 1349 astruere
938 1338 948 1354 ,

190 1371 222 1401 &
235 1365 364 1413 aseipsis
385 1366 417 1399 in
438 1363 602 1398 ‘Danielem
621 1375 775 1398 annotata
787 1363 944 1399 refellere.

189 1418 312 1451 Verum
323 1416 365 1450 est
377 1417 604 1449 annotationes
617 1427 666 1447 eas
683 1414 792 1448 doctas
807 1417 840 1447 ἃ.
853 1415 947 1448 utiles

190 1478 260 1499 non
273 1465 313 1500 ab
326 1467 419 1498 unius
439 1464 490 1498 sed
502 1466 665 1499 variorum
678 1463 827 1497 manibus
838 1460 957 1510 profe-'

192 1516 277 1552 totas3
306 1514 415 1548 decuit
432 1525 539 1548 tamen
565 1515 597 1547 in
625 1525 722 1559 opere
749 1514 832 1546 tanti
855 1513 948 1560 pretii

193 1574 355 1610 tantaeque
376 1565 609 1609 expc&ationis
627 1573 692 1596 tam
705 1563 848 1596 exactam
860 1562 949 1596 adhi-

195 1612 292 1647 buiss'c
310 1615 420 1646 limam
434 1636 442 1650 ,
465 1624 500 1646 ut
510 1612 707 1660 singulorum
720 1611 886 1646 laboribus
905 1611 945 1646 ab

194 1661 356 1696 omnibus
381 1661 487 1696 revisis
511 1687 520 1700 ‚
553 1662 723 1695 communi
750 1660 948 1709 collegarum

195 1709 335 1746 coniilio
348 1709 509 1758 provisum
521 1709 643 1750 fuiffet,
663 1723 703 1744 ne
717 1720 829 1756 apertae
842 1710 949 1757 prodi-

196 1773 268 1795 rent
280 1761 513 1807 repugnantiae,
528 1761 559 1794 in
573 1761 684 1807 primis
705 1761 738 1794 in
749 1758 880 1794 secunda
892 1773 951 1794 cti-

196 1809 228 1843 rz‘i
240 1833 248 1846 ,
267 1809 321 1842 ubi
335 1811 447 1855 prioris
464 1809 615 1843 editionis
630 1807 776 1843 defeetus
789 1807 947 1858 supplere,

197 1862 232 1893 δε
245 1870 358 1892 naevos
369 1859 475 1892 eluere
489 1857 737 1905 profitebantur.

243 1907 348 1952 Qod
361 1908 399 1941 ad
419 1909 586 1955 quaesitum
610 1921 670 1955 prae
686 1907 854 1948 manibus,
882 1921 951 1943 non

197 1957 285 1990 aliud
296 1954 347 1991 liic
367 1957 567 1991 intendimus
579 1970 675 2006 quam
688 1960 816 1992 tertiam
827 1957 952 1993 senten-

197 2008 278 2040 tiam
296 2007 475 2041 rationibus
500 2008 628 2055 aliquot
648 2007 808 2047 stabilire,
835 2012 866 2042 &
885 2020 955 2055 quae

199 2068 259 2102 pro
277 2054 377 2101 primz'i
400 2054 577 2091 afferuntur
598 2057 718 2091 diluere
743 2081 752 2093 ,
788 2057 955 2093 brevitatis

200 2102 292 2139 causa
303 2106 580 2150 praetermittentes
591 2105 770 2140 secundam.

48 2159 153 2200 55⁶¹st
182 2194 186 2200 ,
233 2156 460 2202 ‚Septuaginta
479 2156 670 2202 captivitatis
689 2168 791 2189 annos
810 2154 827 2189 a
846 2151 955 2189 Nebu-

43 2202 115 2240 ἔω,
127 2205 186 2239 “W'‘
203 2200 390 2241 cbadnezaris
401 2206 507 2251 primo
524 2204 577 2238 seu
593 2204 714 2245 loakimt
725 2215 860 2253 quarto,
886 2215 956 2237 non

49 2242 180 2302 {JKz-‘⁴'
206 2263 311 2286 autem
324 2252 342 2287 d
354 2251 510 2287 Zedechtae
521 2253 698 2288 undecimo
712 2252 764 2288 seu
774 2250 956 2289 Nebuchad-

47 2317 181 2353 pamm„
208 2303 318 2336 nezaris
335 2302 561 2337 decimonono
571 2302 773 2337 inchoandos
784 2313 883 2349 patet,
894 2303 958 2349 pri-

52 2355 84 2382 ah
91 2355 154 2383 urbis
209 2347 266 2382 mi)
283 2361 320 2381 ex
337 2362 377 2382 eo
391 2351 480 2395 quod
490 2353 682 2398 captivitatis
693 2353 829 2386 ultimus
840 2351 959 2384 statua-

51 2396 149 2423 ‘xssdi‘’
209 2408 262 2431 tur
274 2396 354 2443 pene
365 2397 404 2431 ab
414 2400 569 2434 omnibus
576 2401 694 2446 absque
704 2398 959 2435 controversiain

52 2437 142 2504 Ῑγειῖ·
209 2447 318 2492 primo
333 2447 401 2490 (syri
418 2461 426 2480 .-
450 2445 524 2492 Jam
548 2447 622 2482 vero
645 2449 662 2482 a
681 2446 960 2485 Nebuchadnezaris

51 2487 180 2554 {gr-1¹⁰¹}
211 2495 432 2529 decimonono
445 2498 495 2530 vel
514 2499 609 2531 etiam
622 2498 739 2531 οξὶανο
752 2497 789 2530 ad
800 2495 959 2530 Persicum

46 2558 176 2596 stan-m„
211 2544 278 2587 Cyri
289 2545 456 2590 imperium
470 2545 629 2580 fluxerunt
641 2549 716 2580 anni
730 2548 782 2580 vix
801 2547 960 2593 quinqua—

55 2599 144 2628 Nelm-
211 2595 301 2636 ginta
320 2593 404 2634 duo,
425 2596 535 2629 saltem
556 2609 622 2630 non
640 2593 850 2642 septuaginta.
876 2596 962 2628 Nam

55 2640 158 2687 chaalne-
210 2640 396 2687 Judaeorum
418 2646 513 2677 multi
526 2646 714 2692 quifundari
727 2643 962 2691 conspexerunt

57 2683 125 2718 Zm'
210 2693 372 2738 templum
386 2692 541 2738 posterius
557 2719 567 2734 ‚
593 2695 722 2741 quando
735 2695 819 2739 prius
834 2692 961 2727 destru-

209 2741 297 2774 ‹stum
310 2739 370 2775 fuit
386 2739 662 2779 Ncbuchadnezaris
674 2743 908 2782 decimonono,
929 2740 963 2775 ea

211 2801 298 2824 erant
312 2802 403 2824 atate
415 2805 485 2838 quse
496 2794 591 2837 priori
603 2792 661 2826 aedi
679 2790 833 2829 videndae,
845 2795 876 2824 ὃ(
886 2802 961 2823 cum

211 2839 377 2883 posteriori
392 2839 594 2875 conferendae
613 2851 677 2875 crat
696 2841 829 2878 idoiiea;
847 2838 912 2873 liaec
923 2851 963 2871 ae-

213 2896 277 2922 tas,
298 2899 332 2922 ut
353 2890 524 2924 ininimiim
540 2914 547 2926 ‚
564 2902 628 2925 erat
649 2902 809 2924 annorum
829 2889 964 2923 oetode-

213 2936 297 2970 cim:
323 2939 355 2971 Si
373 2951 449 2987 crgo
472 2939 488 2972 a
500 2941 608 2987 primo
621 2936 896 2976 Nehuchadnezaris
910 2951 960 2971 ca-

216 2984 348 3029 ptivitas
367 2999 433 3021 non
454 2987 490 3022 sit
509 2990 708 3023 numeranda
735 2993 765 3022 &
791 2988 831 3021 ab
858 2987 963 3021 exciso

165 3063 168 3066 ,
213 3032 340 3086 templo
356 3035 392 3068 ad
406 3037 544 3081 primum
560 3040 628 3082 Cym·
641 3039 699 3072 sint
710 3039 783 3072 anni
797 3049 962 3083 70.opor-

215 3091 400 3116 tuitomnes
413 3085 486 3119 istos
498 3099 565 3121 non
577 3087 704 3122 tantum
724 3087 829 3121 vixiffe
845 3087 883 3120 ad
900 3099 962 3120 no-

1665 75 1735 115 145

988 137 1198 173 fundamenta
1211 137 1373 174 deflebant
1387 152 1548 175 memores
1564 140 1709 188 priorum
1724 164 1736 181 ,

990 188 1041 222 sed
1057 190 1151 222 etiam
1173 190 1206 221 in
1222 186 1275 222 suti
1289 187 1339 220 illssi
1354 199 1421 221 tani
1439 191 1549 236 grandi
1566 200 1674 229 aetate,
1699 198 1740 223 eo

989 235 1078 271 fuifle
1089 238 1236 285 oportuit
1247 238 1394 282 corporis
1414 239 1544 278 robore,
1564 239 1652 286 quod
1665 241 1743 272 lon-

989 287 1110 332 ginquo
1123 285 1213 320 valde
1225 285 1390 331 Babylone
1403 286 1665 334 Hierosolymam
1687 288 1743 321 iti-

990 335 1056 368 neri
1068 333 1267 380 perficicndo
1283 332 1457 368 sufficiebat
1466 358 1475 370 ‚
1487 334 1583 382 idque
1594 335 1744 383 pedibus,

991 395 1064 418 nani
1078 382 1115 417 ad
1133 384 1346 430 equitandum
1365 381 1442 417 asini
1460 383 1580 418 nedum
1604 386 1740 430 cquiaut

992 433 1112 470 cameli,
1124 430 1214 467 sextae
1226 433 1341 479 populi
1353 433 1432 479 parti
1442 445 1511 467 non
1522 432 1743 479 suppetebant.

991 483 1067 516 Hoc
1084 480 1106 516 si
1123 480 1292 516 absurdum
1312 494 1380 515 non
1399 481 1464 522 est,
1492 480 1577 516 certe
1599 482 1745 516 miraculi

993 544 1061 566 non
1073 529 1231 566 necessarii
1241 544 1364 566 nomen
1376 543 1444 565 non
1455 529 1599 579 effugiet.

1039 578 1188 615 Praeterea
1203 578 1225 613 si
1235 579 1288 616 vel
1299 581 1397 615 sacras
1413 581 1462 615 vel
1476 579 1628 615 seculares
1639 581 1744 615 literas

993 628 1091 676 quam
1105 628 1266 676 possumus
1277 629 1421 664 accurate
1433 629 1633 664 revolvamus
1642 654 1652 670 ,
1664 628 1747 663 ade-

993 680 1175 713 cimonono
1187 675 1463 716 Nebttchadnezaris
1473 679 1510 713 ad
1528 680 1669 726 primum
1681 686 1746 727 Cy—

994 728 1019 760 ri
1038 752 1047 767 ‚
1075 741 1176 763 annos
1197 727 1395 776 septuaginta
1414 741 1581 776 nunquam
1608 728 1746 762 excude-

995 788 1080 811 mus.
1107 778 1138 811 Si
1154 790 1226 812 cum
1239 777 1433 825 quibusdam
1445 802 1454 814 ,
1471 777 1537 820 Cyri
1553 778 1694 824 primum
1707 777 1746 811 de

995 838 1095 872 regno
1115 830 1182 870 ejus
1204 825 1329 860 Persico
1340 851 1350 867 ,
1378 839 1445 861 non
1457 826 1649 861 Monarcliifi
1663 828 1749 861 acci-

995 886 1119 919 piamus
1130 897 1139 912 ,
1160 884 1243 907 inter
1254 885 1443 909 nominatos
1453 887 1610 910 terminos
1628 888 1681 910 vix
1692 887 1751 910 an-

995 933 1053 955 nos
1065 923 1200 969 triginta
1217 923 1250 956 iii
1269 921 1328 956 ulla
1346 922 1474 957 historifi
1485 923 1603 958 fluxiss‘e
1612 937 1748 972 compe-

995 972 1125 1005 riemus.
1146 972 1323 1017 Imperavit
1343 975 1432 1015 Cyrm
1460 972 1559 1005 Persis
1579 986 1681 1007 annos
1699 975 1750 1008 vi-

995 1021 1081 1066 ginti
1093 1020 1183 1065 ⁵duos
1195 1032 1369 1069 antequam
1382 1019 1586 1066 Babylonios
1604 1019 1746 1068 subegit:

995 1069 1111 1103 demus
1129 1082 1185 1103 eos
1197 1082 1315 1104 omnes
1327 1066 1512 1104 coincidisse
1523 1082 1595 1103 cum
1612 1070 1751 1116 Regum

997 1117 1227 1152 Chaldaeorum
1246 1132 1284 1153 ex
1298 1116 1582 1155 Nehuchadnezaris
1602 1118 1753 1166 prosapia.

994 1165 1196 1214 temporibus
1205 1195 1213 1207 ‚
1226 1169 1373 1215 adeoque
1382 1171 1466 1203 intra
1475 1168 1618 1203 nostram
1628 1167 1757 1216 septua-

995 1216 1147 1264 gesimam
1158 1217 1318 1252 inclusos:
1347 1218 1520 1264 quomodo
1532 1229 1642 1252 tamen
1654 1220 1753 1252 etiam

995 1266 1059 1300 lioc
1082 1265 1231 1301 concesso
1265 1267 1307 1301 ad
1344 1265 1507 1302 sumniam
1540 1267 1753 1302 desideratam

997 1314 1205 1350 ascendemus
1219 1319 1231 1351 ὲ
1255 1317 1365 1350 Nemo
1385 1316 1557 1365 quisquam
1566 1314 1755 1350 Nebuchad-

996 1362 1096 1402 nez'ari
1112 1365 1226 1400 tribuit
1245 1365 1338 1411 supra
1358 1365 1574 1415 quadraginta
1602 1367 1755 1413 quinque

994 1427 1109 1457 annos,
1125 1418 1158 1449 &
1171 1417 1263 1462 pauci
1275 1413 1369 1463 supra
1380 1416 1588 1464 quadraginta
1597 1426 1674 1449 tres.
1687 1418 1754 1449 Ita·-

998 1477 1061 1512 que
1078 1463 1118 1498 ab
1139 1468 1207 1508 ejus
1234 1464 1364 1500 decimo
1388 1478 1480 1499 nono
1499 1465 1537 1499 ad
1550 1463 1754 1513 quadragesi-

1000 1526 1090 1548 mum
1103 1515 1235 1547 tertium
1248 1516 1409 1549 numerari
1423 1512 1551 1561 poffunt
1567 1524 1692 1548 tantum
1704 1515 1754 1549 vi-

999 1565 1083 1611 ginti
1095 1575 1238 1609 quatuor
1252 1577 1259 1597 ε
1287 1560 1575 1598 Nebuchadnezaris
1585 1561 1655 1597 filio
1666 1561 1756 1596 Evil-

997 1609 1166 1646 merodacho
1175 1613 1293 1646 dantur
1302 1612 1438 1647 &multis
1447 1611 1576 1648 tantum
1587 1613 1664 1646 anni
1676 1612 1756 1652 duo,

1000 1666 1033 1697 &
1061 1659 1341 1698 Nebuchadnezam
1371 1664 1486 1709 nepoti
1512 1661 1654 1708 Baltafiiri
1687 1672 1758 1696 tan-

1000 1723 1070 1746 tum
1083 1710 1156 1751 sex;
1182 1724 1300 1747 omnes
1318 1711 1351 1746 hi
1363 1724 1432 1746 uon
1451 1711 1610 1747 excedunt
1622 1712 1757 1758 triginta.

1001 1762 1099 1797 duos.

1049 1814 1172 1845 Canon
1194 1809 1443 1845 Mathematicus
1465 1809 1612 1845 Ptolemaei
1633 1810 1760 1844 catalo-

1003 1872 1060 1907 gus
1077 1859 1120 1894 est
1143 1862 1378 1906 Imperatorum
1401 1861 1553 1894 omnium
1583 1858 1760 1894 Chaldaeo-

1003 1921 1090 1949 rum,
1105 1908 1267 1943 Persarum
1281 1933 1290 1949 ,
1301 1909 1496 1944 Graecorum
1509 1933 1520 1950 ,
1539 1913 1569 1943 &
1580 1909 1759 1942 Romano-

1004 1971 1074 1993 rum
1094 1956 1111 1991 ὲ
1130 1956 1327 2001 Nabonaffitro
1343 1957 1382 1991 ad
1395 1959 1584 1992 Antoninum
1595 1981 1603 1996 ,
1631 1970 1758 2004 magnae

1004 2006 1087 2056 apud
1097 2019 1211 2041 omnes
1223 2006 1460 2054 Chronologos
1468 2008 1667 2042 audoritatis
1680 2019 1687 2039 :
1700 2007 1759 2053 qui

1004 2056 1132 2093 sifalsus
1150 2056 1206 2096 sit,
1234 2056 1317 2096 ruit,
1336 2058 1519 2092 multorum
1539 2052 1761 2094 confessione,

1003 2108 1184 2142 maximum
1197 2104 1437 2153 Chronologiae
1450 2104 1700 2140 fundamentum
1716 2103 1757 2146 (si

1005 2156 1103 2192 sacras
1112 2156 1214 2190 literas
1224 2155 1379 2201 excipias)
1390 2154 1629 2189 observationes
1640 2154 1760 2187 scilicet

1005 2205 1153 2252 syderum
1177 2203 1330 2238 Ptolemaei.
1365 2204 1548 2239 Secundum
1570 2202 1666 2237 istum
1694 2203 1763 2237 Ca-

1005 2267 1127 2290 nonem
1158 2253 1229 2301 post
1254 2250 1557 2290 Nebuchadnezarem
1587 2261 1762 2300 regnarunt

1006 2303 1176 2350 Babylone
1200 2301 1397 2337 Ilvarodamm
1426 2302 1478 2337 seu
1504 2298 1762 2337 Evilmerodachus

1005 2355 1096 2387 annis
1106 2351 1235 2386 duobus
1249 2376 1259 2392 s
1275 2352 1532 2396 Nericaffilafflrus
1545 2350 1593 2384 seu
1610 2348 1765 2398 NeriglosL

999 2404 1082 2450 sirus
1106 2411 1248 2448 quatuor
1271 2423 1279 2436 ‚
1313 2405 1345 2435 &
1369 2400 1541 2434 Nabom'dus
1566 2401 1580 2441 (
1601 2399 1668 2432 aliis
1692 2400 1763 2431 Da-

1007 2454 1063 2484 rim
1084 2450 1194 2485 M'edm
1212 2473 1222 2488 ‚
1249 2450 1316 2483 aliis
1337 2449 1496 2493 Baltaffiir)
1517 2446 1761 2493 septemdecim.

1012 2501 1141 2532 Omnes
1152 2499 1183 2530 hi
1199 2510 1266 2530 non
1281 2496 1461 2530 conficiunt
1474 2497 1588 2541 viginti
1600 2506 1741 2542 quatuor
1751 2520 1762 2537 ‚

1009 2548 1065 2594 qui
1076 2547 1174 2580 additi
1190 2545 1228 2578 ad
1240 2540 1521 2581 Nebuchadnezarbs
1534 2543 1624 2589 supr&
1636 2544 1739 2579 di&0s
1750 2567 1761 2581 ,

1011 2595 1078 2630 non
1092 2593 1320 2629 transcendunt
1331 2594 1541 2641 quadraginta
1557 2606 1704 2639 quatuor.

1060 2643 1121 2678 Sed
1134 2642 1343 2677 extendamus
1353 2644 1515 2677 calculum
1528 2653 1688 2690 quantum
1702 2642 1762 2676 ulli

1012 2694 1109 2728 ullius
1117 2694 1316 2728 auctoritatis
1331 2691 1497 2738 scriptores
1510 2693 1690 2738 praelucent.
1709 2694 1766 2725 Se-

1012 2743 1156 2778 cundum
1176 2752 1329 2776 annotata
1354 2743 1536 2789 Anglicana
1562 2743 1593 2775 in
1619 2741 1765 2775 Danielis

1014 2794 1109 2839 primi
1123 2789 1213 2825 vicesi
1222 2803 1310 2825 mum
1322 2791 1401 2837 prim
1408 2805 1462 2825 tini
1475 2815 1484 2829 ‚
1497 2787 1765 2826 Nebuchadnezari

1015 2841 1084 2887 post
1119 2840 1412 2874 decimumnonum
1449 2839 1613 2873 dabuntur
1645 2840 1766 2887 viginti

1015 2889 1063 2924 sex
1075 2914 1085 2930 ,
1106 2889 1346 2923 Evilmerodacho
1363 2890 1428 2923 duo
1440 2914 1448 2928 ‚
1472 2887 1664 2939 Nertgloffizro
1684 2901 1768 2934 qua-

1015 2937 1393 2987 tuor,.Laborosb-ardoclm
1407 2951 1525 2972 novem
1540 2938 1678 2975 menses,
1692 2940 1767 2971 Bal-

1012 2991 1112 3033 taffiwo
1129 2986 1355 3034 septemdecim
1369 2990 1458 3022 anni,
1482 2988 1571 3021 Dario
1584 2986 1677 3021 Medo
1689 2987 1766 3026 duo;

1013 3051 1128 3072 omnes
1152 3037 1183 3071 hi
1203 3037 1347 3072 efficiunt
1374 3033 1504 3071 tantum
1531 3038 1768 3085 quinquaginta

987 3124 989 3131 ,
1013 3087 1106 3126 duos,
1117 3088 1162 3120 ita
1173 3099 1208 3121 ut
1220 3111 1229 3124 ,
1240 3089 1273 3121 iii
1287 3088 1434 3120 maximo
1445 3089 1598 3121 omnium
1610 3096 1765 3123 numero,

215 3130 414 3178 nagesimum
433 3135 582 3173 octavum
598 3161 609 3178 ,
641 3150 708 3186 quo
725 3136 866 3172 secunda:
890 3136 963 3172 aedis
985 3135 989 3215 1

1010 3137 1048 3172 ad
1061 3135 1261 3185 septuaginta
1271 3136 1372 3172 desint
1384 3135 1488 3220 asshuc
1505 3135 1709 3217 oetodecixi.

1688 3195 1764 3230 rgu-
