2048 3343
305 117 351 151 92
667 95 1064 136 Opzssst

304 174 366 206 alii.
380 174 553 219 Sequuntur
567 168 850 218 hiEpiphaniumin
858 170 1056 202 numeroPa-

304 220 455 260 schatum,
480 218 529 254 sed
546 232 611 253 non
623 221 654 253 in
666 218 838 253 rationibus
848 217 932 252 istius
946 230 1055 252 nume—

303 272 339 304 ri.
352 270 522 304 Concludit
532 268 582 303 hic
590 282 625 304 ex
633 268 683 304 Isa.
696 274 743 304 61.
755 282 776 303 1.
785 266 954 315 praedicasse
962 267 1056 302 Chri-

303 319 383 353 stum
396 321 474 353 duos
487 331 594 357 annos,
608 320 735 353 alterum
748 317 978 364 acceptabilem,
991 329 1057 364 quo

304 369 450 404 omnibus
462 380 584 416 accepta
594 373 625 404 &
636 379 718 416 grata
731 378 793 401 erat
806 365 923 402 Christi
936 367 1056 401 deotri-

303 432 358 459 na3
376 419 504 453 alterum
522 417 792 456 contr-adietionis,
818 429 883 463 quo
898 415 1026 450 Christo
1039 416 1056 450 εὶ
1073 433 1074 440 1

299 468 413 516 Judaeis
427 467 471 502 est
489 468 727 502 contradiditum.
765 466 872 517 Qam
892 464 1003 499 frivola
1021 464 1055 498 sit

302 518 366 551 haec
380 517 544 565 Epiplmm'i
565 517 788 565 argumentatio
814 518 968 548 ‘Petamus
981 514 1055 546 loco

302 566 387 614 supra
400 568 493 601 citato
505 566 639 601 ostendit
645 590 655 607 ,
680 566 734 600 ubi
747 566 838 599 etiam
854 562 1055 610 Epiphaniam

301 616 387 650 recle
398 617 542 663 corrigit,
568 618 640 651 dum
665 614 742 650 male
755 613 816 647 vult
833 612 978 659 colligere
992 611 1055 645 duo

301 665 443 700 Paschata
456 680 490 700 ex
499 668 631 713 Joan.7.
640 677 685 698 ιο.
696 676 743 708 37.
761 662 805 695 ibi
815 661 898 695 enim
911 662 1009 708 agitur
1016 661 1054 695 de

301 728 365 748 uno
378 726 494 748 tanturn
511 713 589 749 festo
602 727 666 747 non
681 710 804 746 duobus
814 734 823 750 ‚
842 723 944 758 neque
957 711 987 744 id
1001 714 1055 745 Pa-

300 764 368 798 scha
379 762 436 798 fuit
445 763 494 798 scd
511 763 686 801 mabsamylx3
699 759 813 794 rechins
826 759 926 793 mult&
934 762 1054 793 Irenaeus

300 815 355 847 tria
366 811 505 846 Paschata
518 810 691 858 superstruit
703 809 801 844 tribus
814 809 878 842 aliis
891 809 1054 856 Evangeli-

299 862 349 896 stae
363 862 454 900 locis,
474 872 536 895 tam
550 860 688 907 expreslis
702 870 734 894 ut
746 860 781 893 iis
794 871 859 892 non
872 859 962 905 poffit
975 870 1053 893 con—

298 911 402 945 tradici
415 935 424 949 ,
449 911 595 944 nimirum
609 922 673 956 cap.
684 922 711 944 2.
724 921 765 956 13.
784 921 849 956 cap.
861 913 932 955 6.4.
944 912 975 943 &
988 921 1053 955 cap.

297 972 337 1004 13.
351 971 372 994 1.
393 959 442 993 h‘ic
457 959 478 993 li
496 958 618 994 stetilset
632 962 768 997 lrenaem,
795 970 851 992 nec
865 971 918 1005 per
931 959 1052 1005 apocri-

295 1009 388 1056 pham
406 1009 603 1043 traditionem
623 1010 737 1043 multos
757 1008 833 1042 alios
858 1006 930 1055 post
949 1008 1052 1055 bapti-

296 1059 394 1093 smum
407 1071 504 1093 annos
511 1057 680 1098 addidisset,
689 1058 726 1092 de
739 1057 851 1105 quibus
859 1057 935 1091 nihil
949 1058 1053 1092 Evan-

296 1109 429 1156 gelium,
449 1108 464 1142 a
477 1121 592 1156 magno
605 1106 632 1142 se
645 1120 734 1141 naevo
746 1106 923 1154 praestitisset
937 1107 1052 1141 immu-
1070 1102 1071 1142 l

296 1171 378 1192 nem.
422 1161 456 1192 In
478 1157 534 1192 hac
552 1159 639 1192 tertia
658 1155 804 1192 sententia
817 1155 936 1190 tantum
949 1157 1052 1203 culpa-

296 1221 365 1241 mus
383 1207 469 1255 quod
493 1210 652 1253 pauciores
676 1219 773 1240 annos
793 1211 824 1242 &
838 1206 980 1253 pauciora
998 1210 1053 1239 Pa·

297 1255 395 1290 scham
406 1257 537 1291 Christo
550 1257 691 1291 attribuat
708 1280 717 1294 ‚
743 1268 837 1302 quarn
855 1268 922 1302 quae
935 1267 971 1289 ex
984 1252 1050 1289 scri-

296 1308 392 1354 pturis
407 1306 484 1341 clare
500 1310 530 1341 δέ
544 1304 707 1339 necellhric‘)
719 1305 890 1338 eliciuntur.

347 1359 430 1404 an
437 1367 465 1390 ta
473 1368 548 1399 crgo
557 1356 700 1389 sententia
708 1365 813 1388 contra
821 1354 968 1401 priorem,
977 1366 1051 1401 qua-

133 1371 239 1397 Quarta
253 1372 282 1399 ,c'e
507 1394 520 1404 ι

131 1396 164 1409 λ
299 1417 371 1440 tuor
386 1404 524 1440 Paschata
536 1404 664 1440 affirmat
673 1431 682 1444 ‚
694 1417 757 1439 non
772 1403 964 1444 triatants1m3
974 1403 1052 1438 hanc

131 1420 241 1448 qlfflltlllr

249 1502 278 1518 ‘⁵‘
301 1508 421 1538 Grotius
433 1530 442 1544 ‚
467 1507 679 1539 Annotatores
691 1505 793 1551 Belga:
810 1504 990 1551 (Anglicani
1002 1502 1052 1537 hic

297 1552 362 1588 sunt
375 1555 531 1601 ambigui,
557 1554 674 1589 tantum
694 1555 776 1587 enim
793 1564 973 1600 proponunt
987 1551 1052 1587 sen-

296 1605 422 1638 tentiam
439 1604 515 1639 hauc
529 1617 598 1638 cum
614 1604 727 1649 priori,
751 1602 826 1636 nihil
840 1602 893 1650 ipfi
906 1603 1050 1637 determi-

296 1656 418 1699 nantes)
434 1657 591 1693 Baream,
604 1653 752 1697 lanftnim
763 1677 772 1692 ‚
786 1652 803 1686 a
817 1652 949 1701 Lapide,
967 1655 1050 1686 Hen-

295 1703 524 1753 rtclzs‘Ploilippi
537 1728 546 1743 ,
570 1704 751 1737 Emmanuel
760 1705 816 1742 Sa,
844 1703 975 1742 Toletus,
998 1706 1068 1735 Fe-¹

294 1767 362 1793 rus,
382 1758 413 1788 δε
428 1755 479 1787 alii
491 1754 579 1788 multi
591 1754 627 1787 ad
635 1754 730 1801 Joan.
745 1765 771 1798 ς.
783 1766 811 1788 ν.
824 1764 847 1787 1.
868 1753 971 1797 Hujus
984 1749 1049 1786 sen-

294 1804 396 1838 tentia:
415 1804 593 1851 primarium
608 1801 842 1838 fundamentum
856 1801 916 1842 est,
942 1813 1050 1850 praeter

295 1854 351 1887 tria
364 1854 394 1886 in
410 1853 564 1900 prioribus
573 1857 689 1886 loannis
698 1852 775 1887 locis
788 1851 919 1900 expressa
932 1851 1050 1899 pascha-

293 1912 323 1937 ta
332 1927 341 1942 ‚
361 1913 503 1950 quartum
516 1904 607 1937 etiam
620 1903 710 1936 firma
722 1901 942 1949 consequentia
953 1902 1051 1938 evinci

293 1964 330 1986 ex
344 1953 440 2000 capite
448 1965 473 1999 5.
482 1965 541 1986 ver.
553 1965 578 1988 1.
597 1953 673 1987 Hoc
680 1952 805 2000 quidem
814 1951 910 1986 asserit
917 1955 1048 1992 Irmaeus,

292 2000 361 2041 sed,
382 2013 415 2036 ut
432 2002 517 2039 recte
531 2012 618 2036 notat
632 2004 805 2042 Petamus,
827 2014 891 2036 non
905 2013 1047 2050 propter-

291 2064 326 2084 ea
339 2050 440 2086 statuit
452 2052 537 2099 plura
551 2064 642 2099 quam
658 2052 713 2085 tria
727 2050 864 2101 paschata
875 2077 884 2091 ‚
911 2065 950 2086 eo
962 2052 1048 2100 quod

290 2098 402 2135 festum
416 2115 477 2148 cap.
493 2114 519 2148 ς.
546 2100 714 2136 confundat
726 2114 796 2136 cum
812 2100 954 2136 Paschate
964 2102 1045 2149 capi-

291 2151 329 2183 tis
343 2149 425 2184 sexti.
450 2154 484 2184 In
497 2152 559 2185 hoc
572 2151 653 2186 certe
667 2162 744 2185 errat
756 2154 893 2188 Irenaeus,
907 2164 977 2186 nam
991 2164 1046 2185 ne-

291 2210 347 2231 mo
360 2199 477 2232 dubitat
495 2201 570 2245 quin
588 2200 652 2234 haec
672 2201 732 2234 fint-
748 2202 811 2235 duo
825 2200 900 2234 festa
916 2199 1043 2237 diversa,

291 2246 340 2279 sed
354 2249 455 2280 omnis
469 2247 630 2281 difficultas
645 2250 689 2282 est
701 2250 911 2283 demonstrare
931 2248 1043 2281 festum

289 2297 395 2342 capitis
408 2297 506 2343 quinti
521 2295 605 2330 fuisse
619 2295 724 2343 pascha
740 2310 805 2330 non
818 2297 913 2330 aliud:
934 2296 1044 2343 prioris

287 2347 371 2379 enim
387 2343 539 2380 sententiae
551 2346 694 2380 aiitstores
710 2346 816 2380 volunt
834 2343 918 2378 fuiffe
934 2348 1043 2379 Pente·

287 2393 411 2434 costen,
432 2407 471 2428 eo
487 2393 573 2442 quod
586 2393 725 2441 sequatur
737 2394 914 2428 immediate
934 2392 1041 2428 Pascha

285 2444 394 2490 capitis
411 2441 540 2478 secundi.
585 2445 867 2478 Verumenimvero
880 2443 943 2477 hoc
955 2442 999 2478 est
1012 2455 1040 2477 a·

284 2493 370 2539 perte
382 2492 504 2533 falsum;
518 2505 586 2526 nam
601 2493 670 2540 post
684 2492 789 2540 pascha
806 2505 871 2540 cap.
881 2505 908 2527 2.
929 2505 990 2528 ver.
1005 2504 1042 2538 13.

285 2543 470 2576 nominatim
490 2541 620 2576 affirmat
644 2541 787 2577 Christus
808 2540 892 2576 versu
904 2555 944 2588 35.
968 2554 1040 2589 qua-

285 2602 357 2625 tuor
368 2592 466 2626 adhuc
480 2590 564 2625 fuifl'e
581 2590 698 2626 menses
715 2593 751 2626 ad
772 2591 910 2626 messem:
936 2592 1042 2625 ultima

285 2641 377 2675 tritici
396 2641 493 2676 meffis
513 2653 610 2688 prope
630 2641 824 2675 claudebatur
840 2642 872 2674 in
887 2644 1040 2675 Penteco-

284 2688 342 2726 ste,
361 2689 431 2724 cnm
447 2703 536 2737 panes
547 2689 647 2724 similae
662 2692 738 2724 Deo
752 2688 962 2723 offerebantur
974 2690 1039 2724 die·
1057 2707 1060 2733 ς

285 2738 341 2771 bus
358 2740 578 2787 quinquaginta
599 2738 670 2785 post
690 2738 829 2772 oblatum
850 2739 1039 2785 manipulum
1058 2736 1059 2751 ¹

284 2789 485 2834 primitiarum
500 2791 531 2822 in
539 2786 697 2828 Paschate;
712 2787 728 2821 a
741 2786 881 2822 Paschate
893 2800 995 2823 autern
1003 2788 1039 2821 ad

284 2838 412 2883 primam
428 2837 552 2871 messem
566 2850 631 2871 non
646 2848 708 2871 erat
721 2849 798 2870 unus
810 2837 920 2871 mensis
935 2862 943 2874 ,
972 2836 1039 2870 imo

283 2887 329 2920 vix
344 2899 419 2920 unns
432 2887 513 2926 dies,
534 2899 603 2920 nam
617 2886 749 2920 secundo
766 2887 814 2921 die
833 2886 904 2933 post
924 2885 1039 2921 Pascha

285 2934 470 2969 offerebatur
484 2936 655 2983 manipulus
669 2936 795 2974 hordei,
815 2948 885 2969 cum
898 2947 962 2981 quo
978 2935 1039 2980 pri-

286 2996 335 3016 ma
348 2986 444 3018 messis
463 2985 631 3018 hordeacea
650 2984 832 3031 incipiebat,
848 2988 878 3019 &
891 2983 908 3017 a
918 2982 1038 3017 Pascha-

288 3043 318 3065 te
332 3033 367 3065 ad
388 3032 547 3067 secundam
561 3035 654 3068 tritici
674 3033 800 3068 meffcm
814 3035 845 3066 in
859 3030 1041 3067 Pentecoste

289 3093 354 3113 non
368 3093 450 3116 erant
463 3083 525 3116 duo
536 3081 667 3122 menses,
680 3084 794 3117 nedum
808 3093 957 3129 quatuor,
971 3094 1040 3115 narn

290 3130 321 3162 in
341 3131 560 3177 quinquaginta
574 3132 769 3166 Pentecostes
787 3132 913 3170 dicbus,
934 3131 1041 3165 decem
1058 3147 1060 3162 r

289 3177 393 3212 desunt
411 3180 446 3213 ad
460 3180 538 3213 duos
557 3179 672 3215 menses
684 3206 693 3218 ,
720 3194 795 3228 ergo
811 3180 996 3229 impossibile
1009 3189 1043 3214 ut

1058 3233 1061 3247 Ι

1069 1277 1071 1282 s
1085 1254 1163 1300 apud
1174 1253 1303 1300 Judaeos
1317 1255 1494 1292 immediate
1508 1256 1670 1307 sequutum
1689 1260 1733 1294 est
1743 1286 1753 1301 ‚
1776 1263 1845 1296 nul-

1067 1655 1068 1662 *
1084 1650 1145 1684 sem
1159 1652 1282 1684 tertiam
1294 1647 1447 1684 referendi
1460 1649 1526 1685 sunt
1539 1666 1549 1693 ;
1570 1665 1677 1689 contra
1693 1668 1773 1703 quos
1783 1669 1845 1706 pro

1094 109 1468 138 ISTORICI

1090 168 1153 203 hoc
1171 166 1283 203 festum
1305 167 1398 205 fuerit
1422 173 1605 208 Pentecoste
1627 173 1696 221 post
1715 175 1851 223 primurn

1091 217 1216 253 Pascha:
1230 223 1261 254 &
1274 218 1294 252 si
1308 219 1443 255 dicamus
1453 222 1673 269 (quodnolunt
1686 224 1775 269 hujus
1785 225 1851 260 sen-

1090 269 1192 302 tentiae
1207 269 1345 314 patroni)
1356 266 1441 304 fuisse
1455 271 1658 306 Pentecosten
1666 273 1735 319 post
1743 273 1849 309 secun-

1090 318 1164 352 dum
1177 316 1306 358 Pascha,
1330 331 1444 354 evertet
1460 320 1524 355 hoc
1541 322 1661 356 tertiam
1675 326 1706 356 δι
1719 322 1850 359 stabiliet

1090 378 1228 413 quartam
1248 365 1442 410 sententiam,
1462 383 1527 405 non
1547 370 1647 405 minus
1661 384 1754 418 quam
1768 372 1788 405 fi
1803 370 1849 407 fe-

1090 416 1169 449 stum
1178 415 1257 450 istud
1265 416 1402 463 expresse
1409 419 1629 454 concederetur
1636 418 1722 454 fuisse
1730 420 1848 456 Pascha.
2047 445 2048 466 3

1136 464 1215 497 Non
1233 465 1368 500 omnino
1387 468 1438 502 hic
1456 469 1545 516 capio
1567 473 1667 503 Grotii
1689 482 1824 505 mentem
1839 483 1974 510 :Notatur
2047 479 2048 512 ἶ

1090 512 1154 546 vult
1175 513 1225 546 ille
1243 511 1357 548 festum
1368 518 1463 564 Joan.
1476 531 1502 563 5.
1516 530 1538 553 1.
1563 519 1795 567 intelligendum
1810 521 1974 554 decrerim.

1090 559 1249 602 Paschate,
1267 574 1400 610 quatuor
1412 577 1515 601 tamen
1535 566 1848 616 mensesjoan.4.35.

1089 622 1281 645 memoratos
1291 636 1301 652 ‚
1315 614 1378 648 vult
1385 617 1590 652 numerandos
1598 618 1614 652 a
1623 620 1725 664 primo
1739 617 1848 660 Nisan3

1089 671 1172 716 certe
1180 658 1292 707 fest-um
1304 665 1391 710 quod
1403 677 1536 713 quatuor
1548 666 1701 701 mensibus
1713 666 1848 715 sequitur

1089 722 1223 756 primum
1236 710 1330 745 Nisan
1343 713 1400 749 effe
1412 729 1477 751 non
1491 715 1592 764 potest
1604 729 1705 765 neque
1718 716 1846 757 Pascha,

1089 771 1189 806 neque
1204 762 1398 799 Pentecoste.

1137 806 1390 858 Cartvvrightus‚
1413 817 1446 849 &
1463 815 1588 863 quidam
1607 815 1785 857 pontificii,
1815 827 1848 852 ut
1868 830 1954 856 Etiam

1088 868 1177 892 notat
1189 859 1437 903 maldonatus,
1454 863 1566 899 festum
1577 866 1664 912 Joan.
1674 877 1699 912 5.
1709 868 1846 901 1.nomi-
1861 870 2001 905 cartmrig-

1088 918 1193 942 natum
1208 908 1314 943 volunt
1328 911 1514 950 σκᾶμοπηγίκνς
1527 913 1697 948 hocautem
1704 916 1795 950 etiam
1803 916 1847 951 est
1860 916 1910 936 tm·

1087 957 1288 1004 impoffibile;
1310 970 1380 991 nam
1394 960 1552 996 mab-ommia
1564 963 1734 998 celebratur
1744 964 1847 1001 mense

1087 1007 1295 1054 Semptembri
1307 1031 1316 1044 ‚
1348 1017 1382 1041 ut
1399 1006 1548 1044 habemus
1561 1013 1661 1048 Levit.
1675 1025 1717 1059 23.
1729 1026 1768 1059 31.
1792 1018 1847 1050 Se-

1087 1056 1231 1102 ptember
1244 1068 1345 1091 autem
1359 1057 1559 1096 antecedebat
1575 1060 1699 1097 meffem
1714 1064 1846 1111 primam

1086 1106 1214 1146 hor-dei,
1241 1108 1407 1141 minimum
1429 1109 1583 1145 mensibus
1597 1112 1710 1158 septem
1720 1136 1728 1149 ,
1754 1117 1786 1148 &
1801 1111 1847 1148 se-

1086 1155 1216 1189 cundam
1236 1157 1328 1190 tritici
1349 1155 1503 1192 mensibus
1522 1174 1654 1201 novem,
1687 1162 1727 1196 ita
1739 1173 1772 1196 ut
1783 1164 1847 1208 pri-

1086 1217 1172 1238 mum
1188 1202 1299 1239 festum
1313 1206 1399 1252 quod
1408 1219 1518 1253 quarto
1530 1210 1632 1246 mense
1645 1222 1713 1245 ante
1721 1211 1846 1248 messem

1085 1303 1117 1337 lo
1130 1303 1230 1338 modo
1243 1306 1380 1352 potuerit
1399 1304 1457 1340 esse
1471 1309 1648 1344 σκῦοοπηγίοι,
1673 1310 1750 1344 inter
1769 1310 1847 1346 hanc

1085 1354 1167 1387 enim
1181 1357 1212 1388 δε
1223 1353 1441 1401 quadrimestre
1454 1365 1523 1388 ante
1535 1357 1661 1392 messem
1675 1360 1847 1395 intercede-

1085 1402 1158 1437 bant
1170 1403 1234 1438 duo
1247 1404 1302 1437 alia
1313 1400 1405 1444 festa,
1435 1404 1584 1441 nimirum
1597 1406 1706 1443 Pascha
1719 1415 1748 1445 δι
1765 1412 1847 1444 Pen-

1085 1451 1215 1487 tecoste.

1143 1504 1220 1535 Sunt
1243 1502 1297 1548 qui
1315 1500 1468 1535 affirmant
1488 1501 1554 1537 sciri
1572 1516 1637 1538 non
1656 1504 1742 1550 posse
1759 1507 1846 1555 quod
1858 1522 2002 1560 302qu-

1084 1548 1174 1584 fuerit
1193 1551 1267 1584 illud
1280 1548 1394 1585 festum
1402 1552 1485 1598 Joan
1501 1564 1527 1598 ς.
1535 1565 1555 1586 1.
1587 1556 1630 1587 Ita
1643 1552 1802 1603 [lzjetanus
1814 1561 1844 1592 &
1857 1572 1914 1591 nus.

1084 1601 1242 1648 §ualterns
1260 1600 1423 1640 inlocum,
1443 1602 1497 1648 qui
1511 1602 1550 1636 fic
1569 1600 1701 1639 sentiunt
1719 1606 1756 1640 ad
1774 1605 1846 1641 clas-

1083 1701 1191 1749 quarta
1203 1698 1347 1734 sententisi
1359 1703 1420 1746 jam
1432 1698 1627 1748 disputamus.

1131 1750 1275 1784 Alterum
1289 1763 1402 1798 quartae
1415 1750 1568 1786 sententiae
1577 1765 1791 1802 argumentum
1800 1755 1845 1791 est

1085 1801 1167 1834 Dan.
1177 1814 1209 1842 9.
1220 1813 1269 1847 27.
1283 1800 1337 1834 ubi
1350 1800 1465 1838 Messiae
1475 1811 1685 1838 antemortem
1699 1805 1845 1852 praedica-

1085 1851 1131 1884 tio
1139 1850 1298 1898 Evangelii
1310 1849 1444 1886 asseritur
1457 1848 1557 1886 futura
1571 1865 1626 1900 per
1638 1852 1844 1889 hebdomadae

1086 1900 1265 1940 dimidium,
1279 1899 1341 1934 hoc
1353 1900 1396 1935 est
1409 1912 1463 1948 per
1474 1913 1570 1935 annos
1578 1913 1637 1937 tres
1648 1901 1842 1944 &semestre‚

1085 1949 1140 1983 nisi
1153 1961 1253 1984 autem
1266 1949 1303 1983 ad
1315 1950 1481 1997 passionem
1496 1962 1627 1999 quatuor
1638 1950 1844 1987 Paschatanu-

1085 2012 1203 2040 meres,
1230 2009 1349 2034 tantum
1372 1999 1486 2036 Mcffiae
1507 2000 1679 2036 ministerio
1692 2002 1843 2050 temporis

1083 2062 1148 2084 non
1161 2049 1299 2090 dabitur3
1317 2050 1372 2083 tria
1385 2050 1466 2084 enim
1480 2050 1710 2086 Paschataduos
1722 2051 1840 2086 tantum

1083 2111 1179 2133 annos
1192 2097 1346 2139 efficiunt,
1368 2097 1418 2134 sed
1436 2111 1568 2147 quatuor
1580 2099 1716 2135 efficiunt
1729 2111 1788 2134 tres
1807 2104 1841 2134 &

1083 2160 1132 2184 tot
1147 2148 1281 2189 menses,
1310 2148 1398 2196 quod
1411 2149 1427 2183 a
1440 2147 1596 2196 Baptismo
1611 2149 1648 2182 ad
1660 2149 1839 2195 proximum

1085 2197 1194 2233 Pascha
1207 2198 1376 2237 fluxerunt,
1395 2199 1448 2244 qui
1460 2197 1544 2231 fuere
1557 2198 1720 2231 minimum
1727 2208 1787 2232 tres
1795 2196 1840 2233 se-

1081 2248 1216 2279 cundum
1242 2246 1391 2277 calculum
1413 2257 1614 2280 communem
1641 2260 1706 2293 quo
1733 2248 1840 2294 Bapti-

1081 2293 1160 2326 smus
1175 2294 1349 2339 adjanuarii
1360 2292 1488 2329 sextum,
1506 2298 1535 2328 ὅ(
1546 2294 1673 2341 sequens
1686 2294 1840 2330 Paschaad

1079 2343 1186 2376 Martii
1199 2340 1375 2375 vicesimum
1392 2343 1536 2388 quintum
1548 2367 1557 2382 ‚
1590 2345 1637 2378 vel
1651 2345 1766 2391 Aprilis
1777 2356 1840 2380 ter-

1079 2392 1157 2425 tium
1170 2388 1310 2430 refertur,
1325 2401 1385 2424 tres
1396 2391 1437 2424 illi
1450 2393 1522 2427 anni
1535 2405 1605 2427 cum
1619 2394 1715 2428 tribus
1728 2392 1840 2428 mensi-

1078 2441 1135 2475 bus
1147 2440 1309 2474 dimidium
1323 2440 1527 2476 hebdomadae
1539 2443 1726 2490 propheticae
1740 2456 1838 2477 anno-

1078 2503 1146 2524 rum
1160 2490 1273 2537 expleti
1287 2489 1340 2524 etsi
1353 2503 1419 2524 non
1433 2491 1648 2527 mathematice
1667 2496 1699 2527 &
1718 2491 1838 2539 praecise

1078 2541 1114 2575 ad
1128 2538 1279 2579 mensem,
1300 2540 1382 2574 diem
1392 2564 1402 2580 ,
1426 2539 1553 2581 horam,
1579 2545 1817 2576 &momentum
1826 2567 1836 2581 ,

1078 2590 1205 2625 civiliter
1218 2600 1319 2624 tamen
1333 2594 1364 2624 δι
1379 2590 1521 2636 politice,
1540 2589 1764 2625 ubisecundum
1773 2592 1837 2626 vul-

1077 2652 1181 2688 garem
1192 2638 1341 2686 loquendi
1354 2639 1485 2673 modum
1498 2640 1595 2673 laxior
1607 2640 1650 2674 est
1663 2641 1804 2675 calculus.

1126 2691 1246 2737 Qrta
1271 2685 1417 2722 sententia
1436 2687 1585 2723 ha&enus
1609 2691 1726 2725 videtur
1748 2702 1829 2728 vera,
1849 2707 1952 2735 &uinta

1077 2735 1125 2771 sed
1134 2739 1209 2771 ultra
1217 2737 1391 2783 inquiritur.
1418 2738 1504 2771 Num
1513 2750 1620 2785 praeter
1628 2751 1758 2787 quatuor
1764 2739 1829 2785 plu·
1838 2733 1966 2784 ‚atentia

1076 2799 1107 2820 ra
1120 2785 1236 2820 necesse
1252 2786 1285 2820 su:
1300 2785 1438 2821 Paschata
1450 2786 1613 2835 agnoscere
1625 2812 1634 2824 ,
1664 2787 1748 2834 quod
1761 2788 1829 2833 qui·
1845 2788 1881 2814 de.
1892 2798 1912 2823 5·
1924 2790 1981 2832 *Pa-

1076 2835 1148 2870 dem
1157 2835 1308 2870 affirmant
1315 2834 1467 2870 sententia:
1477 2838 1590 2884 quintae
1596 2837 1829 2871 auctoresMer-
1840 2825 1973 2873 firmabas

1075 2896 1170 2921 catur,
1182 2887 1329 2933 Scaliger,
1339 2883 1480 2930 Calvzfius
1489 2910 1499 2925 ,
1508 2883 1688 2930 (aasizbomts
1697 2910 1706 2925 ,
1715 2887 1830 2929 Declff-
1842 2867 2000 2943 ἔᾏῖἵῖἧῑβῑ,
2041 2914 2048 2932 ,

1075 2938 1154 2970 rius,
1170 2939 1201 2968 &
1215 2934 1279 2967 alii:
1294 2933 1371 2967 hanc
1384 2937 1547 2968 Suareztm
1559 2931 1671 2967 fatetur
1684 2947 1748 2968 non
1761 2934 1830 2982 pos-
1845 2957 1896 2974 ma,
2041 2933 2048 2943 ‘¹

1077 2981 1104 3017 se
1118 2982 1261 3016 convinci
1273 2979 1405 3016 falsitatis
1418 2995 1455 3016 ex
1467 2980 1552 3015 sacris
1567 2984 1677 3023 literis,
1700 2989 1731 3018 δε
1747 2988 1833 3018 Hem

1079 3035 1159 3065 ricus
1177 3031 1315 3079 ‘thlippi
1333 3031 1445 3065 nullam
1459 3032 1573 3066 invenit
1586 3034 1737 3067 rationem
1756 3035 1833 3068 ada:-

1076 3092 1198 3129 quatam
1206 3093 1259 3114 cut
1267 3081 1330 3113 haec
1339 3080 1493 3124 rejiciatur
1500 3105 1510 3120 ‚
1524 3095 1615 3128 quam
1625 3081 1689 3130 quo
1696 3084 1713 3116 d
1722 3082 1736 3116 ’.ἰ
1745 3095 1833 3116 com-

1076 3131 1163 3164 muni
1176 3130 1344 3164 doctorum
1358 3127 1438 3164 sensu
1448 3129 1587 3165 differat:
1620 3132 1680 3165 Sed
1696 3131 1750 3165 ista
1761 3132 1833 3165 nulli

1076 3180 1206 3216 cordato
1220 3176 1419 3220 satisfacient,
1433 3178 1454 3214 fi
1468 3180 1567 3215 modo
1578 3192 1613 3214 cx
1624 3179 1773 3228 scripturis
1783 3192 1834 3213 ve-

1749 3241 1780 3261 ra
1793 3229 1836 3262 ul-
