2048 3343
95 291 180 318 Etiam
195 298 225 314 tt-

96 338 179 355 osorcm
190 332 224 354 0-

97 369 218 395 bllzvmm.

256 125 292 147 10
622 102 917 139 Openrs

256 176 383 214 evasill'tt
397 201 407 216 ‚
422 179 452 210 δι
467 173 652 208 meritiffime
666 172 857 207 insidiantem
870 168 1009 210 necasset,

257 229 293 262 ad
306 227 411 261 omnia
425 226 479 259 alia
492 222 600 258 scelera
613 222 790 257 obfirmavit
805 221 952 255 animum.

305 280 436 323 Poppaea
448 285 555 322 urgere
568 285 632 307 non
648 271 773 307 destitit,
786 271 889 305 donec
902 269 1014 318 palatio

259 326 388 374 probam
403 324 643 359 &innocentem
653 322 818 356 chtaviam
832 322 967 365 ejiceret,
984 322 1015 354 δι

261 375 393 419 ejectam
407 374 437 407 in
451 371 574 407 insulam
588 372 758 419 ablegaret,
776 372 808 404 in
822 383 918 417 eaque
930 372 1015 404 Cen-

982 96 1426 134 HrsTOR1cr

1049 167 1145 203 veteri
1157 167 1336 215 angiportus
1350 165 1481 214 angusti,
1489 167 1686 208 circumflexi,
1697 169 1809 203 domus

1051 214 1184 253 confusae
1195 242 1203 257 ‚
1219 217 1359 264 praealtae‚
1373 221 1404 251 &
1417 216 1598 263 inaequales:
1622 218 1652 250 in
1668 230 1747 252 nova
1756 220 1808 252 vire

1052 269 1132 307 lmae,
1153 268 1331 314 angiportus
1344 266 1438 305 recti,
1458 266 1570 300 domus
1583 266 1762 300 humiliores
1778 273 1809 302 δε

1051 318 1211 353 ordinatae,
1232 317 1387 364 pleraeque
1401 317 1492 350 ctiam
1505 313 1561 349 suis
1575 316 1668 349 muris
1682 327 1715 349 ut
1729 316 1810 351 insu-

1053 367 1086 400 lae
1099 366 1329 401 claudebantur.

260 424 389 458 tuzionis
403 436 494 457 manu
506 419 689 457 confoderet
703 435 710 455 :
735 421 798 454 hoc
812 433 876 454 non
889 428 952 453 erat
964 431 1017 452 au-

260 473 288 507 sa
301 479 369 506 a'nte
379 475 520 506 Burrum
533 483 654 506 veneno
668 468 958 514 sublatum,ejusque
971 468 1017 500 10-

261 537 301 557 co
312 524 492 571 Tigellinum
504 522 602 556 virum
615 518 866 554 sceleratissimum
880 528 951 551 cum
964 519 1019 548 Fe-

1101 416 1189 448 Dum
1203 415 1234 447 in
1250 414 1297 448 his
1311 414 1371 454 est,
1385 425 1496 462 praeter
1507 414 1575 448 alias
1588 413 1809 461 magnaaCajo
1824 426 1977 463 Pisoniscon-

1055 462 1163 498 Pisone
1182 462 1319 498 Consule
1350 463 1537 511 conspiratio
1557 475 1665 498 exorta
1684 462 1750 503 est,
1777 465 1809 498 in
1822 474 1915 500 Jurano
1937 475 1975 492 re-

1054 526 1146 561 quam
1166 514 1310 560 permulti
1323 514 1465 547 omnium
1486 514 1632 547 ordinum
1652 510 1737 547 suum
1750 526 1810 547 no-
1824 506 1935 534 velatur.

98 625 196 662 Deserit
203 635 251 652 au·-

98 667 150 693 lam
158 670 228 692 Sem:-

98 716 136 732 ca.
264 733 330 754 cam
343 719 528 766 disciplinam
543 716 626 752 valde
638 718 730 749 lauta,
746 726 888 761 magnam
903 713 1019 746 multo-
1055 712 1189 758 partibus
1217 722 1319 745 crant:
1354 711 1468 745 mirum
1481 720 1544 745 erat
1562 711 1704 745 omnium
1729 710 1766 744 ad
1784 711 1812 744 i-

262 782 331 803 rum
345 770 375 802 in
389 767 485 814 ipsum
498 766 642 800 invidiam
658 764 853 798 concitarunt
869 786 878 801 ,
905 765 1020 810 Ἇζςνο-
1056 759 1141 806 psum
1161 759 1352 795 executionis
1366 760 1448 794 diem
1467 760 1638 794 silentium:
1665 760 1762 806 pridie
1775 761 1813 794 il-

264 819 363 864 m'sqm‘
375 821 434 861 jam
447 818 478 849 in
490 826 593 849 totum
607 813 717 861 perditi
731 825 817 848 mens
830 811 868 845 ab
882 813 946 856 ejus
960 811 1020 845 vir-
1056 811 1111 843 lius
1123 810 1184 843 diei
1195 808 1315 843 senator
1327 813 1472 843 Scevinus
1485 810 1538 857 qui
1551 811 1681 857 primam
1699 807 1813 844 inferre

263 867 380 901 tutibus
393 865 595 904 abhorrebat,
615 862 668 897 etsi
682 873 823 910 pergeret
836 860 974 895 simulare
989 873 1019 893 a-
1056 871 1180 892 manum
1203 859 1235 891 in
1252 857 1279 892 se
1292 856 1456 905 susceperat
1468 883 1478 898 ‚
1504 860 1673 906 pugionem
1687 860 1814 896 fissili.

263 916 409 950 micitiam
422 929 430 954 3
444 914 610 948 fibitamen
622 916 738 949 Seneca
746 922 883 946 metuens
892 935 902 951 ,
911 923 1021 944 omnes
1056 913 1107 941 cho
1121 906 1174 942 suo
1188 905 1272 942 servo
1287 907 1370 941 dedit
1383 908 1604 953 exacuendum,
1613 907 1767 944 servorum
1780 922 1815 943 a-

265 968 395 1013 Qrom'
412 962 474 998 suas
493 977 570 1011 opes
589 963 726 1002 obtulit,
753 974 828 1010 quas
846 961 897 994 ille
911 961 1023 1007 magna
1057 960 1116 992 lios
1135 958 1274 991 libertate
1287 981 1298 996 ,
1323 957 1398 990 alios
1412 957 1540 1004 pecunia
1552 956 1698 994 donavit,
1722 958 1815 993 testa-

265 1027 338 1049 cum
351 1014 524 1048 adulatione
542 1014 558 1058 ζ
566 1023 786 1060 praeceptorem
807 1010 907 1045 multo
921 1011 1022 1056 plures
1058 1019 1196 1042 mentum
1212 1006 1394 1054 obsignavit,
1411 1008 1442 1040 in
1455 1006 1614 1054 splendido
1622 1019 1693 1041 cum
1706 1007 1816 1041 dome-

266 1064 304 1099 de
318 1062 345 1097 se
363 1064 507 1097 meritum
527 1061 704 1107 affirmans)
726 1060 890 1101 recusavit3
914 1071 1021 1093 utcun-
1057 1057 1138 1091 sticis
1153 1057 1301 1091 convivio
1314 1056 1539 1104 cogitabundus
1553 1055 1731 1104 tristiorque
1745 1054 1816 1090 soli-

268 1127 327 1160 que
341 1112 527 1160 postulatum
541 1113 578 1148 ad
591 1110 871 1158 quietem&studia
883 1108 1024 1143 secessum
1058 1118 1092 1141 to
1108 1106 1310 1141 meditabatur
1321 1130 1331 1145 ,
1359 1106 1556 1153 comparabat
1575 1119 1703 1154 quoque
1717 1107 1817 1141 medi-

191 1202 194 1206 Δ
213 1201 225 1206 η
269 1164 299 1196 in
320 1162 498 1197 cultiffimos
517 1161 586 1196 suos
606 1162 716 1195 hortos
736 1159 926 1194 suburbanos
947 1171 1023 1192 con-
1060 1166 1197 1190 camenta
1216 1157 1252 1190 ad
1271 1154 1446 1203 sanguinem
1466 1155 1628 1190 sistendum
1641 1160 1672 1191 &
1686 1156 1817 1191 curanda

103 1201 236 1257 ''fa—2¹¹¹?
270 1212 362 1246 cessit.
398 1213 517 1246 Exinde
531 1208 655 1245 relictus
668 1211 758 1244 Nero
771 1210 825 1244 uni
839 1209 981 1257 ngellin‘o
994 1211 1025 1242 δι
1059 1206 1182 1240 vulnera
1197 1229 1206 1242 ‚
1232 1206 1404 1253 longosque
1417 1218 1489 1240 cum
1503 1206 1605 1239 amico
1620 1207 1745 1253 Natali
1757 1204 1817 1240 ser-

104 1247 237 1308 22¹⁰?sp
269 1265 392 1310 ‘Poppae
406 1262 435 1294 in
449 1262 555 1294 omnia
569 1261 684 1294 corruit
698 1259 823 1298 scelera,
843 1271 921 1292 curae
937 1258 965 1291 ei
981 1256 1024 1290 su·
1059 1268 1170 1290 moues
1190 1253 1360 1289 conseruit:
1387 1268 1423 1289 ex
1442 1254 1490 1289 his
1508 1256 1691 1291 Milichus
1709 1258 1818 1300 conje-

103 1303 116 1317 ὁ
269 1323 320 1358 pra
334 1311 438 1344 omnia
452 1308 509 1343 fuit
528 1310 564 1343 ad
577 1310 723 1343 citharam
737 1320 844 1342 canere
862 1311 895 1349 ¹&
908 1307 1025 1353 auriga-
1063 1306 1147 1338 &ans
1162 1304 1191 1338 id
1200 1304 1285 1351 quod
1298 1315 1371 1341 erat,
1386 1302 1434 1351 spe
1448 1306 1647 1352 praemiorum
1659 1304 1695 1338 ad
1705 1307 1819 1352 Nero-

268 1374 301 1394 re
315 1385 322 1396 ‚
354 1362 449 1406 inque
468 1358 609 1393 Theatro
625 1372 695 1392 cum
713 1357 821 1392 harum
839 1358 948 1390 artium
962 1368 1026 1389 ma·
1061 1367 1128 1388 nem
1136 1354 1309 1393 decurrens,
1324 1355 1545 1398 conjurationis
1559 1355 1590 1387 in
1601 1354 1820 1388 dominoindi-

259 1407 369 1457 ¹gistris
389 1410 426 1442 de
445 1412 564 1445 corona
583 1420 706 1442 certare.
744 1410 778 1441 In
797 1405 976 1440 libidinibus
989 1418 1026 1439 o-
1062 1405 1106 1438 cia
1119 1404 1268 1437 narravit:
1294 1406 1438 1437 Scew'mos
1457 1408 1488 1438 &
1500 1404 1621 1437 Natali}¹
1633 1402 1733 1437 statim
1748 1415 1820 1437 cor-

270 1460 389 1493 nmium
402 1458 566 1492 hominum
579 1458 670 1492 evafit
683 1455 898 1503 spurciffimus,
918 1453 1026 1502 spadoss
1061 1454 1139 1501 repti
1148 1455 1216 1488 &in
1225 1453 1488 1496 vinculaconjecffi
1500 1453 1673 1499 aliquandiu
1686 1452 1820 1486 diffimu-

270 1521 341 1542 nem
353 1511 482 1556 Sporum
495 1506 710 1554 duxitpublice
723 1509 756 1540 in
767 1519 910 1544 uxorem,
929 1509 960 1540 δε
972 1508 1028 1554 Py·
1063 1505 1123 1538 lare
1134 1527 1144 1542 ,
1172 1501 1221 1536 sed
1234 1513 1318 1536 metu
1332 1512 1564 1535 tormentorum
1579 1501 1684 1534 omnia
1696 1500 1820 1535 tandem

270 1558 390 1605 thagora:
404 1568 436 1591 ut
449 1558 559 1591 mulier
571 1556 686 1603 nupsit3
701 1568 811 1589 omnes
820 1555 942 1602 Imperii
951 1568 1027 1602 opes
1063 1552 1123 1587 faffi
1136 1563 1262 1586 caeteros
1276 1551 1469 1585 detulerunt:
1495 1549 1568 1584 hinc
1578 1548 1712 1584 summus
1724 1551 1822 1583 Nero-

269 1609 301 1641 in
312 1607 462 1646 convivia,
476 1607 583 1646 ludos,
603 1619 637 1639 ac
651 1606 801 1652 lupanaria
813 1605 967 1652 prodegit.
993 1607 1028 1638 In
1062 1616 1128 1637 nem
1141 1613 1240 1636 metus
1253 1600 1384 1640 incessit,
1412 1606 1443 1637 δε
1457 1613 1568 1648 magna
1580 1601 1758 1644 conjuratos
1771 1599 1821 1633 in-

271 1659 414 1703 eraecz'azm
426 1669 496 1690 cum
510 1668 625 1703 magno
635 1656 797 1690 ludionum
806 1656 940 1689 exercitu
953 1667 1025 1701 pro·
1064 1652 1135 1687 vasit
1159 1650 1371 1686 consternatio
1385 1664 1394 1691 ;
1421 1649 1491 1685 alias
1517 1648 1583 1684 latis
1602 1647 1700 1684 fuisset
1717 1647 1820 1684 Pisoni

269 1702 369 1740 feetus
382 1705 442 1745 est,
457 1717 489 1739 ut
502 1708 533 1739 in
547 1705 755 1740 celeberrimis
770 1704 915 1744 urbibus,
930 1704 984 1738 ubi
996 1716 1026 1737 a·
1064 1702 1199 1749 proclive
1209 1700 1315 1748 (quod
1324 1698 1599 1746 amicisuadebant)
1609 1701 1757 1735 Neronem
1765 1710 1822 1746 pu*¹

271 1768 367 1803 gones
381 1755 622 1795 celebrabantur,
636 1754 804 1790 citharaedis
813 1755 962 1802 &aurigis
975 1766 1027 1787 co-
1064 1753 1134 1787 blici
1148 1751 1214 1785 odii
1225 1751 1399 1791 victimam,
1413 1762 1589 1799 quanquam
1601 1749 1729 1785 revelata
1742 1760 1821 1783 con-

271 1818 361 1839 ronas
379 1806 552 1852 praeriperet
567 1819 574 1839 :
600 1805 722 1839 istarum
742 1816 840 1851 prope
856 1804 919 1838 duo
935 1804 1028 1837 millia
1064 1802 1226 1848 juratione,
1240 1801 1286 1836 vel
1299 1801 1330 1834 in
1343 1800 1410 1848 ipso
1422 1799 1496 1835 foro
1509 1798 1662 1834 maeiaffe.

272 1856 303 1888 in
318 1854 425 1888 urbem
439 1856 580 1888 retulitin
588 1853 871 1901 currutriumpbali,
885 1853 968 1901 quasi
983 1854 1028 1886 in-
1121 1850 1354 1899 Languentibus
1380 1848 1529 1898 plerisque
1550 1849 1658 1896 singuli
1681 1847 1816 1894 correpti
1832 1852 1920 1895 Seneca
1939 1850 1983 1876 dv-

273 1904 402 1952 fignium
412 1904 608 1937 victoriarum
623 1904 768 1950 trophaea.
793 1905 882 1937 Dum
895 1904 1030 1949 aliquan-
1064 1900 1146 1941 sunt,
1166 1906 1197 1936 Sc
1211 1913 1324 1949 magno
1337 1912 1469 1934 numero
1482 1900 1540 1933 viri
1553 1898 1674 1933 nobiles
1688 1898 1818 1946 perditi,
1833 1897 1934 1925 ἯΦΟΜ·

273 1956 315 1986 do
329 1953 366 1986 ab
379 1954 568 2000 aurigatione
578 1953 643 1987 sero
657 1955 687 1986 in
702 1954 844 2000 palatium
859 1952 1000 1991 rediisset,
1013 1952 1030 1986 εἰ
1066 1953 1144 1986 inter
1155 1952 1231 1985 alios
1243 1944 1385 1985 Lucanus
1397 1952 1497 1983 ‘Poeta
1509 1951 1682 1984 &Annaeus
1695 1949 1820 1981 Seneca.

111 2002 228 2034 Poppaeam
274 2005 411 2050 Poppaea
432 2014 603 2049 praegnante
622 2003 799 2037 durioribus
822 2002 922 2038 verbis
942 2014 1029 2037 acce-
1065 2003 1185 2037 Contra
1198 2001 1279 2035 hunc
1292 1995 1683 2046 nihilfuitprobatum,sed
1695 2009 1731 2030 ex
1745 2009 1822 2030 con-

112 2046 205 2064 ”M'ffl'
276 2063 360 2099 ptus,
386 2051 518 2086 calcibus
533 2065 599 2086 eam
612 2054 740 2087 necavit.
1063 2052 1166 2096 juratis
1178 2051 1272 2098 aliqui
1290 2050 1472 2096 putabantur
1485 2047 1630 2086 statuisse,
1657 2045 1821 2093 postquam

112 2102 219 2170 Imbenss'lt
327 2101 443 2134 Libido
461 2103 551 2135 etiam
567 2101 739 2135 monstrum
752 2102 833 2149 cepit
846 2101 1029 2136 incendendi
1043 2103 1045 2111 '
1064 2103 1215 2135 Neronem
1235 2098 1391 2134 occidisset
1409 2098 1482 2142 Piso
1496 2122 1506 2137 ‚
1535 2096 1646 2139 ‘Pifime
1663 2095 1753 2127 etiam
1767 2106 1821 2126 ne-

113 2154 142 2169 ns
161 2153 206 2170 cm.

261 577 309 606 mo
321 573 398 615 Rufo
411 568 588 618 praefec'tum
601 571 755 616 prasstorio.

320 621 409 655 Nihil
422 632 488 654 tum
501 621 532 653 in
545 621 609 653 aula
623 619 681 651 sani
695 627 801 663 praeter
814 627 909 648 unum
924 615 1018 648 Sene-

263 684 341 710 cam,
358 672 496 718 ingentes
509 669 598 714 hujus
611 680 686 714 opes
700 670 730 700 δι
744 665 804 698 vita
817 675 925 698 contra
938 663 1017 697 Stoi-

276 2150 384 2183 urbem
395 2174 404 2188 ,
430 2151 515 2196 quod
528 2155 558 2185 δι
571 2150 723 2198 praestitit,
742 2151 877 2185 immiffis
892 2153 922 2185 in
936 2152 1030 2186 varias

276 2200 418 2246 regiones
431 2198 548 2232 facibus
560 2223 570 2238 ,
593 2201 705 2245 quibus
719 2201 795 2233 totis
816 2199 862 2233 sex
877 2201 984 2234 diebus
997 2213 1031 2234 ac

275 2248 423 2291 noctibus
438 2249 543 2281 Roma
556 2248 773 2295 conflagravit,
794 2249 981 2292 impediente
993 2260 1031 2280 ne

276 2295 433 2343 quisquam
448 2298 638 2344 extingueret
659 2298 756 2343 rapaci
768 2296 881 2330 milite:
915 2293 975 2342 ipse
987 2295 1032 2328 in-

1055 575 1126 596 men
1139 563 1296 599 dederunt,
1313 563 1481 596 innumeris
1494 563 1550 596 viri
1563 561 1724 596 sceleribus
1737 575 1811 609 pro-

1054 613 1164 646 vocati.
1207 613 1255 646 Ex
1274 612 1466 647 Praetorianis
1484 612 1556 646 varii
1575 612 1785 646 Centuriones
1799 636 1809 652 ,

1054 661 1209 701 Tribuni,
1222 665 1253 696 &
1265 659 1327 707 ipse
1343 659 1507 696 Praefetfhls
1525 664 1631 693 Penius
1650 661 1761 706 Rufi&
1778 662 1812 695 in

1066 2163 1136 2185 cato
1150 2175 1160 2190 ,
1192 2150 1356 2196 imperium
1381 2150 1503 2181 Senecae
1520 2157 1554 2178 ut
1572 2142 1746 2190 dignissimo
1764 2153 1821 2176 tra·

1066 2201 1148 2233 dere.
1160 2198 1242 2231 <um
1256 2198 1292 2230 ad
1306 2199 1452 2229 Senecam
1460 2195 1550 2228 Nero
1564 2193 1737 2227 mandatum
1750 2205 1821 2225 mo-

1066 2246 1163 2279 riendi
1182 2243 1303 2278 misisset
1316 2269 1325 2283 ,
1351 2242 1412 2290 ipse
1433 2241 1536 2277 solutis
1550 2243 1632 2278 venis
1646 2243 1676 2275 in
1689 2241 1821 2276 balneo,

1066 2293 1221 2328 sermones
1234 2294 1363 2327 eximios
1372 2293 1563 2339 proloquens
1577 2291 1736 2336 expiravit.

275 2347 366 2379 terim
380 2346 417 2379 tle
430 2345 551 2392 fastigio
566 2346 670 2379 Palatii
683 2347 793 2392 magna
806 2358 876 2378 cum
891 2345 1030 2391 volupta-

275 2406 304 2428 te
318 2395 445 2428 canebat
458 2395 496 2428 ad
507 2394 652 2429 citharam
665 2395 841 2428 incendium
849 2395 967 2439 Trojae.
985 2394 1032 2428 Ex

275 2444 511 2491 quatuordecim
536 2444 621 2478 urbis
644 2444 826 2492 regionibus
850 2445 958 2478 decem
978 2444 1032 2477 ab-

1124 2343 1268 2377 Periculo
1287 2342 1386 2376 hocce
1410 2340 1573 2376 defunctus
1591 2342 1681 2374 Nero
1705 2352 1821 2387 nequa·
1835 2353 1954 2381 Corbulo-

1067 2405 1158 2439 quam
1172 2393 1203 2426 in
1217 2392 1324 2426 melius
1340 2402 1473 2426 mutatus
1491 2391 1535 2425 est
1551 2406 1559 2426 :
1585 2390 1731 2424 omnibus
1745 2402 1820 2438 ergo
1835 2394 1967 2438 nemindi-¹

1066 2442 1158 2476 bonis
1172 2440 1279 2476 exosus
1292 2454 1402 2476 omnes
1415 2442 1498 2476 viros
1511 2453 1641 2488 magnos
1654 2440 1820 2478 metuebat,
1830 2434 1879 2471 8⁷³3
1895 2433 1982 2472 perdet.
1997 2456 1999 2458 >

277 2498 400 2541 lumptae
418 2491 484 2527 sunt
503 2508 511 2528 ε
538 2506 649 2541 magna
669 2494 776 2541 populi
794 2493 908 2541 strages
929 2498 961 2528 &
980 2494 1031 2527 da—

277 2557 382 2578 mnum
396 2542 601 2584 immensum3
628 2543 776 2590 quicquid
790 2543 827 2576 ab
846 2544 977 2591 antiquis
1001 2543 1032 2577 in

277 2593 352 2627 urbe
366 2594 540 2627 ornamenti
558 2606 595 2627 ex
608 2593 756 2626 omnibus
773 2593 938 2640 triumphis
951 2592 1033 2640 posi-

277 2653 342 2675 tum
355 2647 454 2676 erat&
464 2655 499 2676 ex
518 2642 596 2676 orbe
610 2643 731 2688 reliquo
746 2653 865 2687 raptum
879 2666 887 2678 ‚
903 2643 934 2675 in
949 2643 1032 2676 cine-

280 2704 326 2724 res
344 2690 458 2726 versum
472 2691 526 2726 est.
568 2694 612 2725 Ut
625 2691 701 2724 hanc
715 2691 731 2724 a
745 2689 773 2724 se
787 2691 929 2725 invidiam
943 2704 1031 2724 amo-

280 2741 383 2774 liretur
395 2766 404 2779 ,
436 2740 631 2775 Christianos
651 2752 766 2787 magno
783 2751 916 2774 numero
934 2750 968 2774 ut
985 2741 1032 2774 in-

280 2790 448 2824 cendiarios
467 2790 695 2824 vivicomburio
709 2814 719 2829 ,
750 2789 948 2837 maximisque
966 2801 1031 2824 tor-

280 2841 396 2887 mentis*
409 2840 534 2873 extinxit
547 2864 556 2880 ,
589 2841 706 2884 majore
719 2839 825 2885 populi
839 2837 1033 2873 miseratione

280 2888 369 2933 quam
384 2889 506 2935 gaudio,
516 2889 602 2936 quod
615 2888 699 2922 suum
713 2889 801 2923 unius
814 2889 931 2923 crimen
944 2890 974 2922 in
987 2890 1032 2923 vi-

281 2948 331 2969 ros
346 2940 479 2971 omnino
501 2937 635 2973 insontes
649 2939 784 2972 derivare
798 2936 1032 2985 cognoscerent.

281 2986 325 3017 Ut
339 2986 479 3021 damnum
494 2987 646 3022 resarciret
660 3011 668 3024 ‚
692 2987 731 3021 ab
744 2988 890 3022 omnibus
903 2989 1031 3022 Provin-

282 3034 335 3066 ciis
345 3057 354 3071 ,
373 3048 517 3080 quantum
531 3039 634 3083 potuit
647 3050 744 3084 opum
757 3037 899 3077 extorsit,
925 3048 1032 3085 praeter

1066 2493 1204 2539 inprimis
1212 2491 1443 2527 Corbulonem.
1456 2492 1647 2525 DuGcaverat
1660 2489 1710 2523 hic
1722 2489 1823 2536 legio-

1068 2555 1121 2576 nes
1135 2543 1276 2576 Orientis
1291 2553 1399 2575 contra
1412 2541 1542 2575 Parthos
1559 2551 1668 2586 magna
1680 2551 1751 2572 cum
1764 2538 1824 2572 vir-

1069 2592 1141 2626 tutis
1154 2596 1185 2626 Sc
1199 2589 1330 2625 fortuna:
1342 2589 1421 2624 fama
1435 2605 1442 2625 :
1467 2590 1606 2624 lubentes
1619 2587 1672 2635 ipsi
1685 2588 1824 2636 legiones

1070 2640 1258 2675 tradidissent
1276 2641 1442 2686 Imperium
1456 2664 1465 2678 ‚
1491 2643 1523 2674 δι
1536 2640 1574 2673 ab
1589 2651 1628 2673 eo
1641 2638 1823 2684 expectaba-

1066 2702 1114 2724 tur
1121 2691 1293 2724 Neroniani
1307 2688 1437 2723 monstri
1450 2688 1604 2736 depulsio:
1629 2688 1678 2722 sed
1686 2689 1710 2721 is
1722 2687 1757 2720 ad
1770 2698 1823 2719 ex-

1067 2750 1200 2773 tremum
1212 2740 1334 2773 Neroni
1347 2739 1480 2785 perstitit
1493 2738 1648 2773 fidiffimus
1661 2751 1668 2771 :
1682 2736 1770 2779 hujus
1783 2733 1822 2767 fi-

1066 2789 1115 2823 dei
1128 2790 1292 2836 praemium
1306 2800 1368 2823 erat
1377 2813 1386 2828 ‚
1414 2799 1447 2822 ut
1460 2788 1476 2823 ὲ
1487 2788 1617 2823 Nerone
1628 2795 1750 2820 vocatus
1764 2796 1821 2817 nec

1065 2839 1096 2872 in
1112 2837 1312 2886 conspeetum
1326 2837 1484 2877 admissus,
1503 2836 1591 2870 nullo
1604 2833 1732 2868 crimine
1745 2846 1821 2880 prae-

1065 2899 1156 2922 tento
1167 2888 1257 2933 jussus
1266 2887 1389 2922 sitmori
1403 2890 1548 2932 :accepto
1557 2883 1711 2919 mandato,
1725 2881 1779 2917 suo
1793 2881 1821 2917 se

1066 2938 1168 2985 gladio
1180 2937 1326 2984 jugulavit
1339 2949 1409 2970 cum
1423 2948 1480 2969 una
1493 2947 1572 2970 voce
1584 2957 1591 2969 ‚
1613 2933 1718 2981 dignm
1733 2947 1742 2973 ;
1768 2933 1822 2980 qui

1066 2987 1177 3022 scilicet
1191 2983 1299 3020 misere
1318 2995 1512 3024 moreretur,
1541 2983 1581 3017 eo
1595 2982 1682 3031 quod
1695 2982 1821 3016 humani

1066 3036 1186 3087 generis
1199 3034 1315 3083 pestem
1328 3033 1535 3082 tempestivius
1544 3046 1608 3067 non
1617 3031 1782 3066 sustulisset.

282 3082 424 3128 publicos
438 3087 562 3122 reditus,
571 3091 601 3121 δι
611 3099 642 3121 ut
653 3087 779 3135 aliquod
791 3100 827 3121 ex
840 3101 955 3135 magno
967 3100 1033 3121 ma-

282 3132 315 3164 lo
328 3134 530 3167 commodum
545 3147 677 3182 carperet
690 3161 700 3176 ,
724 3149 837 3171 novam
858 3138 967 3172 urbem
981 3149 1030 3173 ve-

283 3181 340 3214 teri
359 3180 592 3228 splendidiorem
610 3185 757 3220 aedificare
771 3197 896 3222 conatus
909 3185 963 3222 est.
998 3189 1033 3222 In

1113 3085 1279 3131 Corbulonis
1292 3081 1372 3118 casus
1386 3095 1514 3118 caeteros
1527 3083 1715 3117 exercituum
1729 3083 1820 3116 duces
1832 3101 1941 3129 RebeHat

1066 3139 1102 3173 ad
1115 3135 1287 3171 audendum
1300 3135 1440 3169 excitavit
1453 3148 1461 3168 :
1482 3134 1582 3181 Julius
1591 3133 1712 3169 Vindex
1722 3132 1819 3179 legio·
1835 3141 1984 3178 mndcx‚sed

1063 3200 1117 3224 nes
1129 3185 1264 3221 Gallicas
1278 3185 1309 3219 in
1322 3181 1504 3220 seditionem
1515 3183 1622 3224 traxit,
1641 3192 1751 3216 utnon
1765 3179 1821 3213 fibi
1834 3183 1979 3221 opprimitur

1773 3227 1822 3262 sed
