2048 3343
49 708 173 747 ,Ᾰηιῐρα-

47 761 85 781 xer
95 753 187 780 Hirta-

49 803 108 821 num
117 802 172 819 cim-

47 843 86 864 tra
96 835 174 864 „Ari-

43 874 170 913 stabulum

52 918 167 955 instigat·

59 1749 190 1785 Pompejus

59 1790 158 1824 ,Aristo
163 1805 172 1810 -

59 1830 143 1858 bulum
151 1831 178 1857 in

59 1872 167 1900 vinculis

490 92 555 120 ET
618 83 957 122 Cflnono

203 154 274 189 lant
293 167 302 194 3
329 153 492 190 abstinere
510 154 809 201 pollicitiab-omni
823 150 959 200 publico

203 216 352 240 munere.
387 206 467 238 Hoc
479 206 658 251 impetrato
669 204 837 250 aristobulus
849 200 892 234 ad
903 211 960 233 eos

201 252 361 288 dilabitur
376 279 386 293 ,
407 258 441 288 &
455 252 552 299 quam
567 255 677 300 potuit
688 248 858 285 celerrime
872 260 960 299 eiter-

201 304 303 337 citum
316 315 421 350 parat,
434 302 576 336 Pharisaei
589 299 812 346 tempestatem
825 298 961 345 praelen-

200 353 319 387 tientes
347 351 366 386 zi
392 352 521 398 Regina
540 354 604 395 jam
633 347 837 383 moribunda.
857 348 961 381 totius

200 402 310 449 Regni
322 402 403 434 vires
414 412 451 433 ac
464 412 544 447 opes
556 400 743 447 accipiunt,
762 397 882 443 quibus
901 395 958 430 snb

201 452 324 487 Hircani
336 448 506 483 pontificis
520 450 658 483 nomine
679 448 830 493 Aristobulo
841 458 960 479 occur-

203 510 281 534 runt
292 524 301 533 .
342 498 515 533 Concursu
541 497 633 532 facto
664 498 831 541 Aristobulus
858 496 963 529 vietor

202 550 358 597 Regnum
371 547 465 582 fimul
476 552 509 582 &
521 545 758 582 Pontificatum
768 544 965 593 adipiscitur,

205 598 448 646 persuadetque
465 600 591 634 Hircano
607 594 698 631 fratri
714 597 791 630 utin
805 606 883 642 pace
895 595 961 641 pti-

205 659 302 683 vatus
313 660 434 696 ageret.
985 661 993 682 t

257 699 334 732 Hoc
347 697 482 743 quidem
495 693 546 728 ille
562 693 712 729 lubenter
724 691 766 726 ad
778 693 850 727 vita:
861 690 963 725 finem

208 746 394 793 praestitill‘ct
415 770 424 783 ,
453 744 505 780 scd
527 746 676 791 Antipater
702 744 833 778 Idumam
851 740 965 776 Herodis

208 794 369 842 Ascalonita
381 794 466 830 filius
479 795 537 840 qui
557 793 573 828 a
595 805 696 841 puero
707 793 853 838 captivus
868 789 965 824 Asca—

207 844 286 880 lone
297 846 453 892 abreptns
465 843 506 881 ab
519 841 729 881 ldumaeis‚ad
741 852 872 887 magnas
885 850 966 886 opes

207 895 293 930 inter
305 907 359 930 eos
377 895 524 941 pervenit
547 917 557 931 ‚
586 896 621 926 &
638 890 679 924 ab
694 892 856 925 Alexandro
868 890 963 935 Rege

207 947 274 979 toti
288 946 437 979 Idumaeae
450 940 619 990 prazfecfflus
631 939 705 974 fuit:
717 952 840 986 magna:
853 940 898 972 vir
909 937 963 970 hic
987 949 989 960 >

207 994 402 1028 ambitionis
415 997 448 1027 &
461 991 602 1025 audaciae
613 991 653 1023 ab
666 989 817 1026 Aristobulo
828 986 888 1022 fibi
897 999 966 1021 mc-

205 1055 301 1079 tnens
314 1068 323 1083 ‚
345 1043 473 1077 Hircano
485 1038 604 1073 assidue
617 1036 835 1071 insusurrabat
849 1048 883 1071 ut
895 1038 967 1071 vitae
988 1054 990 1063 π

208 1091 271 1127 sua:
292 1103 423 1127 caveret
442 1118 452 1132 ‚
477 1091 528 1123 cui
552 1086 785 1136 proculdubio
800 1086 968 1134 aristobulus

209 1141 432 1177 insidiaretur:
453 1137 635 1186 populique
646 1135 850 1183 primoribus
861 1136 893 1167 in
906 1146 968 1168 au—

208 1203 280 1226 tem
291 1187 468 1223 occinebat
480 1211 488 1224 ‚
506 1185 743 1230 iniquissimum
754 1184 850 1231 quod
867 1183 969 1230 Aristo-

209 1242 288 1275 butus
297 1236 433 1272 fratrem
447 1236 502 1271 suu
509 1249 538 1269 m
552 1240 710 1280 majorem
720 1246 787 1268 tam
800 1235 839 1269 de
850 1235 969 1269 Ponti-

208 1287 312 1323 ficatu
325 1287 549 1334 quiimRegno
559 1283 795 1330 dejecissennec
805 1282 862 1316 ista
874 1283 971 1317 desti-

207 1340 248 1373 tit
260 1336 559 1386 suggerere‚douec
572 1338 732 1369 Hircanum
746 1331 920 1368 induxisset
931 1332 972 1367 ad
995 1337 997 1367 l

206 1397 331 1423 Aretam
351 1388 493 1421 Arahcm
522 1383 768 1431 Hierosolymis
793 1384 898 1416 neslu
923 1381 974 1415 se-

210 1450 286 1474 cum
301 1434 464 1483 aufugere.
481 1435 630 1469 Aretasab
643 1437 796 1479 Antipatro
807 1429 974 1479 persuasus
997 1443 998 1451 ³

212 1485 282 1533 quo
295 1493 454 1520 Hirminum
467 1485 638 1518 reduceret
649 1484 681 1516 in
696 1485 863 1529 Regnum,
877 1482 973 1528 quin-

213 1537 372 1583 quaginta
385 1536 529 1568 militum
542 1532 644 1567 millia
657 1534 690 1565 in
701 1531 852 1578 Jndaeam
861 1531 972 1566 ducit:

214 1587 385 1632 Ariftabiilits
405 1596 480 1616 cum
499 1585 627 1629 quantis
652 1583 763 1629 potuit
784 1582 889 1626 copiis
912 1592 974 1614 oc-

215 1646 349 1670 currens
369 1634 472 1669 victus
493 1633 559 1671 est-,
583 1636 617 1667 &
636 1628 905 1678 Hierosolymam
923 1629 975 1666 fu-

215 1688 277 1734 git.

263 1731 391 1768 Intereii
416 1739 559 1780 pompejus
584 1740 743 1782 Tygrafienz
765 1731 799 1764 in
821 1729 977 1765 Armenia

217 1782 476 1832 persequebatur
491 1808 500 1822 ‚
520 1780 613 1815 miss'o
629 1785 662 1815 in
674 1783 793 1826 Syriam
813 1779 976 1815 scaurole-

219 1844 296 1881 gato
309 1857 320 1874 ‚
335 1834 392 1879 qni
415 1831 568 1865 Damasei
580 1834 676 1879 Syros
687 1833 720 1865 in
741 1829 846 1865 fidem
859 1829 976 1878 populi

219 1884 368 1917 Romani
389 1880 418 1915 se
442 1882 598 1916 dedentes
618 1882 793 1928 acciperet.
818 1881 870 1914 Ad
883 1887 976 1915 Scau-

217 1945 282 1968 rum
304 1943 368 1965 tam
382 1933 523 1965 Hircanus
535 1929 634 1978 quam
647 1931 815 1977 aristobulus
829 1930 977 1965 mittunt,
998 1954 1000 1960 .

217 1981 382 2028 quidonis
394 1980 435 2014 ad
447 1980 476 2013 se
489 1981 665 2014 Romanos
678 1979 857 2014 allicerent.
880 1985 975 2013 Scau‘

216 2044 263 2065 rus
287 2031 473 2075 aristobulum
500 2029 716 2076 quadraginta
748 2030 872 2064 talenta
893 2029 979 2075 paci-

217 2078 362 2115 sccntern
377 2082 500 2114 Hircano
512 2078 700 2126 praeferens‚
711 2087 801 2114 Aretae
812 2078 979 2112 mandavit

219 2131 254 2165 in
267 2128 417 2163 Arabiam
431 2129 588 2170 reditum,
603 2140 638 2162 ut
654 2128 820 2171 aristobulus
830 2138 978 2176 regnaret

221 2181 255 2212 in
265 2191 355 2227 pace.
370 2178 536 2225 aristobulus
549 2177 713 2212 restiturus
726 2177 794 2225 post
806 2175 978 2224 digressum
1000 2205 1002 2217 :

222 2231 325 2263 Scauri
342 2235 460 2263 Aretam
479 2232 513 2262 δε
543 2229 726 2274 Antipatrum
752 2239 846 2260 novo
870 2224 980 2272 praelio
1001 2232 1002 2236 ’

224 2276 395 2324 superavit.
407 2275 543 2310 uivere,
554 2277 773 2322 Pompejusipse
783 2274 979 2309 Damascum
1001 2269 1003 2306 'i

227 2327 333 2365 venir,
347 2329 498 2371 Antipater
509 2323 673 2359 tantaarte
685 2328 718 2358 &
729 2324 901 2370 diligentia
914 2326 983 2357 Hir·
1003 2322 1004 2343 ¹

229 2376 296 2408 cani
316 2371 442 2407 causam
464 2375 550 2419 egit,
568 2385 605 2407 ut
629 2374 777 2419 Pompejus
796 2372 984 2419 Aristobnlum
1004 2380 1006 2400 i

229 2421 503 2469 comprehensum
516 2423 659 2456 Romam
674 2421 804 2459 miserit,
816 2425 849 2455 &
863 2423 985 2456 Hircano

230 2471 470 2506 Pontificatum
483 2484 558 2505 cum
571 2472 701 2518 aliquali
712 2473 914 2517 principatu,
932 2469 985 2504 sed
1009 2494 1011 2519 i

229 2533 437 2567 nequaquam
451 2523 560 2569 Regio
571 2517 964 2556 diademateconcelserit.

79 2581 181 2623 Qmani
283 2573 390 2604 Locus
401 2570 451 2604 hic
463 2572 597 2616 requirit
610 2581 644 2604 nr
656 2570 697 2604 de
708 2568 806 2603 rebus
817 2570 991 2603 Romano-

80 2620 199 2651 horrendi
237 2634 307 2655 rum
325 2622 434 2665 aliqua
453 2622 591 2667 carptim
611 2618 810 2654 delibemus.
843 2618 991 2652 Romani

80 2664 219 2693 ‘'Mem'‘
238 2671 414 2718 postquam
431 2670 639 2703 Macedoniae
653 2671 762 2716 Reges
775 2665 992 2714 extirpaffent,

81 2706 207 2773 ⁰⁷i'e'22'e'
241 2724 274 2754 &
287 2720 443 2753 Seleucida
454 2720 495 2751 ita
507 2716 669 2765 fregissent
681 2743 690 2757 ‚
710 2729 746 2751 ut
759 2716 868 2751 nullus
880 2719 920 2752 ab
931 2717 994 2752 illis

83 2757 147 2774 acam
180 2767 186 2774 '
240 2772 326 2804 ultra
338 2779 445 2802 metus
457 2766 532 2801 effer
551 2793 558 2805 ‚
586 2770 766 2799 immanem
789 2766 875 2799 suam
889 2766 998 2812 super-

990 81 1505 121 1001c1L113.I.
1677 90 1759 130 289

1004 155 1146 200 autiquae
1159 153 1356 187 tenaciorem
1380 156 1412 187 in
1439 155 1563 189 cineres
1581 166 1762 192 converte-

1004 213 1093 242 runt,
1104 200 1262 250 plerisque
1275 201 1399 236 civibus
1410 203 1496 237 ferro
1508 206 1647 245 necatis,
1664 209 1695 238 ἃ
1707 205 1761 239 su-

1004 250 1192 296 perstitibus
1218 263 1295 285 cum
1322 252 1479 285 uxoribus
1505 257 1538 287 ἃ
1563 254 1674 289 liberis
1699 253 1757 288 sub

1004 299 1088 333 basta
1102 300 1256 334 venditis:
1274 312 1308 334 ut
1319 300 1492 334 horrendo
1506 301 1571 336 hoc
1583 303 1759 338 severitatis

1003 350 1158 394 exemplo
1179 358 1293 382 caetera
1320 351 1448 383 Graecia
1466 354 1643 386 conterrita
1664 377 1674 394 ,
1699 351 1757 387 sub
1778 357 1896 386 Graiam

1005 399 1166 432 Romano
1185 400 1267 444 jugo
1281 409 1317 431 ut
1339 397 1421 433 libet
1441 397 1525 433 duro
1536 398 1636 445 pressa
1653 427 1662 442 ‚
1689 414 1757 437 non
1777 407 1853 427 'mm
1867 394 1914 435 sus’

1005 445 1144 492 amplius
1157 446 1307 481 hisceret.
1766 441 1916 484 jagummi'-

1055 496 1186 531 Eodem
1199 508 1287 530 anno
1299 508 1357 544 par
1367 496 1574 541 injustiffimae
1584 498 1761 533 crudelita-
1773 483 1868 516 ΝΜ

987 578 989 586 ,
1007 546 1046 580 tis
1066 547 1251 592 exemplum
1269 547 1302 579 in
1320 547 1555 594 Carthaginem
1575 548 1764 583 ediderunt.

1011 595 1183 641 Mastniffam
1202 594 1369 629 Numidiae
1395 597 1528 644 Regem
1548 596 1593 630 ob
1607 609 1760 631 navatam

1009 647 1131 691 Scipioni
1151 646 1184 678 in
1202 642 1341 680 secundo
1361 644 1449 679 bello
1474 648 1602 681 Punico
1624 659 1762 694 operam

1008 693 1120 727 multis
1141 692 1444 740 Carthaginensium
1465 696 1576 742 spoliis
1594 696 1764 740 dirarunt3

1009 744 1072 776 Hic
1085 755 1150 777 non
1163 754 1340 777 contentus
1351 744 1457 791 Regni
1474 745 1520 779 sui
1531 744 1706 781 latifundia
1716 747 1765 780 di-

1008 790 1115 827 latasse
1133 790 1315 826 acceffione
1336 795 1447 841 magni
1467 797 1653 829 Poenorum
1674 796 1765 830 terri·

1009 841 1158 877 torii,fibi
1170 839 1185 874 a
1197 842 1363 876 Romanis
1375 843 1615 884 don,ati,voluit
1627 844 1765 890 insuper,

1009 891 1098 937 quod
1109 891 1220 924 Poenis
1235 901 1269 924 ex
1279 892 1376 937 paclo
1387 904 1463 925 cum
1476 894 1638 928 Romanis
1653 893 1768 940 super-

1012 950 1078 975 erat
1092 964 1102 979 ‚
1124 940 1164 974 dc
1184 940 1279 973 diein
1293 939 1382 973 diem
1396 940 1468 986 ipsis
1481 941 1641 987 abripere.
1674 943 1768 977 Cum

1013 988 1120 1023 nullus
1131 988 1147 1023 a
1160 985 1299 1034 Mafiiiz'ssti
1313 991 1503 1034 injuriarum
1514 990 1589 1025 esset
1598 991 1685 1032 finis,
1694 991 1771 1039 post

1014 1039 1134 1074 multas
1146 1039 1312 1073 Romanis
1323 1040 1473 1085 querelas
1485 1039 1549 1073 sine
1560 1038 1669 1074 frusta
1682 1041 1776 1074 dela-

1013 1089 1212 1128 tas,tandem
1225 1100 1314 1122 arma
1325 1100 1440 1122 contra
1449 1088 1618 1136 Mafiniffam
1629 1088 1777 1136 sumpse-

1014 1149 1103 1172 runt.
1141 1136 1299 1171 Habebat
1321 1149 1392 1172 tum
1413 1138 1557 1186 Mastmffa
1569 1151 1670 1173 armos
1682 1137 1776 1186 supra.

1015 1187 1198 1234 nonaginta
1218 1211 1227 1224 ,
1252 1190 1287 1221 &
1315 1198 1423 1221 tamen
1442 1200 1537 1222 more
1549 1189 1776 1223 Numidarum

1018 1238 1140 1270 militiae
1159 1236 1293 1271 labores
1313 1237 1466 1283 quotidie
1489 1236 1614 1272 ferebat
1634 1241 1666 1272 in
1686 1249 1777 1284 equo

994 1324 996 1334 Α
1018 1285 1139 1333 absque
1149 1286 1322 1335 ephippiO.
1345 1286 1697 1334 Carthaginenses,etfi
1709 1299 1779 1320 non

1020 1336 1063 1371 ad
1073 1335 1242 1383 pristinas,
1265 1347 1376 1370 tamen
1397 1336 1441 1371 ad
1460 1349 1598 1383 magnas
1608 1339 1691 1371 vites
1705 1347 1778 1370 tum

996 1411 998 1429 ζ
1019 1386 1195 1420 redierant.
1233 1387 1379 1420 Romani
1399 1386 1493 1420 variis
1509 1398 1551 1420 eo
1573 1397 1725 1435 tempore
1745 1387 1781 1418 iri

1021 1434 1182 1483 Hispania
1195 1460 1205 1475 ,
1216 1435 1325 1470 Gallia
1336 1461 1346 1476 ,
1368 1439 1401 1470 &
1414 1436 1505 1470 ltalia
1517 1435 1611 1472 bellis
1621 1436 1779 1474 distracti,

1020 1487 1144 1534 legatos
1157 1485 1190 1517 in
1202 1483 1349 1518 Africam
1362 1484 1592 1532 miserunt‚qui
1603 1485 1781 1532 Mafim'ffam

1020 1534 1043 1569 si
1057 1536 1180 1569 victum
1198 1533 1347 1568 viderent
1373 1546 1446 1568 cum
1462 1533 1782 1582 Carthaginensibus

1022 1584 1290 1620 reconciliarent,
1299 1583 1344 1617 sin
1357 1585 1522 1618 vic'korem
1533 1611 1542 1624 ‚
1564 1594 1684 1618 contra
1695 1584 1783 1617 Cat-

1022 1634 1195 1682 thaginem
1222 1646 1313 1667 arma
1338 1631 1502 1668 sumerent
1529 1633 1618 1681 quasi
1636 1631 1785 1668 foedifra-

1020 1696 1110 1730 gam,
1120 1683 1212 1730 quod
1225 1682 1349 1719 bellum
1360 1694 1480 1717 contra
1492 1681 1578 1718 ullos
1589 1709 1599 1725 ,
1617 1683 1647 1718 se
1663 1683 1786 1717 incon-

1021 1733 1111 1768 sultis
1125 1759 1132 1772 ,
1145 1731 1328 1768 movissent.
1359 1734 1531 1780 Mafiniffam
1543 1732 1680 1780 quidem
1694 1733 1786 1767 inve—

1023 1794 1141 1818 nerunt
1158 1783 1257 1831 legati
1281 1782 1598 1829 Carthaginensibus
1610 1781 1718 1816 multo
1734 1782 1788 1816 su-

1022 1835 1185 1882 periorem
1197 1856 1207 1874 ‚
1233 1844 1311 1866 nam
1332 1844 1370 1866 ex
1388 1844 1506 1866 eorum
1523 1844 1657 1868 centum
1670 1831 1787 1881 viginti

1024 1883 1163 1917 millium
1175 1882 1318 1916 exercitu
1330 1884 1402 1929 plus
1423 1880 1522 1928 quam
1536 1882 1714 1917 dimidium
1726 1880 1790 1915 de-

1023 1932 1147 1967 leverat
1159 1945 1167 1971 3
1186 1930 1235 1965 hic
1247 1944 1341 1979 ergo,
1355 1932 1494 1977 proutin
1509 1930 1673 1966 mandatis
1684 1928 1788 1964 habe-

1025 1982 1104 2017 bant
1122 1980 1229 2027 legati‚
1250 1979 1449 2028 Carthagini
1471 1980 1597 2015 bellum
1619 1979 1786 2018 indicunt,

1027 2028 1170 2066 multum
1193 2027 1355 2063 fremente
1375 2025 1520 2075 Mafinissci
1533 2054 1544 2070 ‚
1566 2026 1654 2075 quasi
1666 2027 1783 2062 bolum

1026 2080 1088 2116 suis
1107 2078 1259 2113 faucibus
1271 2103 1280 2115 ‚
1297 2090 1469 2124 omneque
1485 2079 1701 2114 vi&oriarum
1713 2075 1786 2112 sua-

1000 2162 1001 2173 ,
1024 2143 1096 2165 rum
1112 2131 1282 2176 praemium
1295 2130 1471 2176 eriperent.

1075 2181 1168 2213 Poeni
1179 2180 1415 2213 Romanorum
1428 2187 1518 2211 metu
1528 2175 1641 2209 omnia
1651 2173 1788 2210 Senatui

1001 2256 1002 2264 2
1026 2226 1143 2262 offerre
1155 2245 1164 2268 ς
1191 2225 1399 2275 postularunt
1410 2227 1455 2260 illi
1467 2225 1613 2273 primum
1624 2235 1789 2260 trecentos

1028 2275 1160 2312 obsides
1173 2290 1208 2310 ex
1222 2275 1355 2310 familiis
1376 2274 1581 2309 nobiliffimis
1598 2300 1608 2315 ‚
1633 2274 1682 2307 isti
1709 2275 1789 2306 Ro-

1028 2339 1117 2360 mam
1149 2326 1230 2359 miffi
1260 2324 1352 2359 sunt.
1403 2323 1614 2358 Postulat-unt
1640 2319 1789 2355 secundo

1029 2373 1174 2414 classem,
1193 2375 1291 2409 etiam
1305 2379 1338 2408 &
1352 2373 1437 2407 hanc
1448 2382 1646 2420 acceperunt
1664 2395 1674 2410 ,
1700 2373 1734 2404 &
1756 2371 1792 2403 in

1030 2421 1213 2471 conspetstu
1235 2423 1442 2470 Carthaginis
1462 2421 1694 2455 incenderunt.
1725 2423 1792 2453 Po-

1033 2471 1299 2508 stularunttertio
1309 2473 1448 2505 civitatis
1459 2474 1599 2511 arma,&
1610 2469 1678 2502 haec
1689 2469 1792 2502 etiam

1032 2523 1108 2556 licet
1119 2520 1287 2569 aegerrime
1298 2545 1305 2559 ,
1319 2521 1432 2554 tradita
1443 2531 1556 2552 tamen
1569 2517 1642 2551 sunt
1653 2542 1662 2558 ‚
1685 2517 1792 2564 eaque

1036 2583 1090 2605 tot
1108 2581 1194 2617 quot
1214 2568 1331 2603 Africae
1344 2568 1583 2602 totiaimandae
1597 2566 1668 2600 satis
1679 2567 1793 2615 super-

1036 2633 1101 2668 que
1123 2618 1264 2653 fuiss'cnt.
1301 2618 1467 2652 Nondum
1494 2629 1605 2651 tamen
1628 2618 1792 2651 Romanis

1015 2680 1016 2692 ¹
1036 2668 1233 2706 iatisfaftum
1253 2667 1298 2701 est
1317 2694 1326 2702 ,
1343 2669 1439 2701 certis
1461 2667 1672 2712 Carthaginis
1701 2664 1795 2699 tuin&

1038 2719 1187 2767 pristinas
1223 2716 1292 2753 suas
1325 2717 1528 2752 calamitates
1562 2715 1604 2749 ab
1633 2716 1796 2751 Hannibale

1040 2767 1162 2803 ulcisci.

245 2817 335 2850 biam
354 2842 364 2857 ‚
390 2819 559 2850 avaritiam
580 2821 610 2849 ἅ*
633 2815 860 2849 crudelitatem
881 2815 935 2847 diu
950 2825 997 2847 te·
1018 2807 1020 2818 ⁴

250 2868 335 2899 stam
357 2891 367 2905 ‚
394 2868 517 2911 rejefto
540 2867 634 2899 omni
652 2865 792 2912 pudoris
803 2866 898 2902 velo,
921 2861 996 2896 orbi

246 2915 471 2960 propalzirunt.
512 2917 594 2950 Non
609 2912 738 2948 tantum
761 2913 995 2947 Macedoniam

243 2962 299 2998 sed
313 2969 346 2997 δε
359 2975 506 2997 caeteram
519 2964 856 2999 totamGi'aeciam‚ci.1i
870 2963 927 2996 diu
940 2961 998 2995 ad-

243 3012 517 3053 blandiebantur,
535 3017 567 3046 iri
582 3015 773 3047 Provincias
792 3012 998 3055 redegerunt.

242 3062 703 3109 AchaeorumRempublicani
716 3061 998 3109 nihilpeccantem

249 3110 464 3146 dissolverunt
476 3134 483 3148 ,
501 3115 535 3145 δε
554 3113 701 3146 civitates
715 3112 901 3145 societatem
917 3109 999 3143 ultra

249 3163 356 3197 colere
376 3171 546 3197 vetuerunt
570 3176 580 3197 ,⁴
609 3161 814 3197 Corinthum
838 3160 999 3195 libertatis

1091 2818 1205 2849 Diu&
1217 2816 1334 2851 acriter
1345 2816 1385 2852 de
1399 2814 1610 2863 Carthaginis
1620 2812 1752 2848 fortuna
1762 2815 1794 2848 iri
1813 2829 1935 2856 cmm,

1020 2875 1021 2901 Ξ
1042 2866 1200 2899 Romano
1222 2867 1347 2900 Senatu
1373 2867 1588 2913 disceptatum
1608 2863 1672 2899 est.
1707 2866 1797 2911 Scipio
1816 2868 1956 2904 jorCariha·

1020 2922 1022 2927 ’
1042 2915 1288 2959 NaficaSenatsts
1300 2917 1449 2962 princeps
1459 2913 1799 2960 omniopenitebatur
1814 2913 1895 2956 ginim
1906 2912 1948 2958 ¹³²ss

1021 2970 1023 3018 ἓ.
1042 2964 1159 2999 urbem
1173 2966 1342 3010 antiquam
1355 2963 1476 2998 servare
1489 2986 1496 2998 ‚
1514 2974 1550 2997 ut
1568 2975 1626 2997 cos
1637 2962 1710 2998 esset
1722 2963 1798 2997 Ro-
1813 2953 1944 3004 Justisssme

1021 3031 1023 3054 3
1044 3026 1147 3047 manae
1165 3015 1331 3059 juventuti
1348 3011 1555 3047 fortitudinis
1567 3013 1798 3061 &omnigenaz
1814 2999 1944 3061 1άὶἵὲζὲζὲ

1022 3057 1023 3079 ³
1044 3063 1172 3096 virtutis
1192 3076 1200 3096 :
1224 3061 1338 3096 verum
1351 3069 1424 3095 Cato
1435 3075 1505 3096 tum
1516 3060 1606 3107 supra
1620 3063 1800 3111 offingena-
1948 3054 1954 3060 ⁸

1023 3111 1024 3149 ζ
1043 3113 1128 3145 rium
1149 3112 1282 3145 Senatui
1301 3112 1434 3145 tandem
1457 3110 1608 3159 persuasit
1629 3116 1699 3157 ejus
1717 3113 1803 3144 exci-

1045 3161 1135 3197 dium
1145 3173 1203 3204 ,ne
1217 3162 1368 3204 Romam
1384 3161 1436 3196 illa
1445 3161 1626 3210 aliquando
1639 3163 1799 3210 perderet.

1025 3211 1027 3242 Ι
1332 3211 1366 3246 Ο
1379 3222 1401 3243 o
1679 3212 1800 3243 Secun-
