2048 3343
169 1857 279 1885 Howaev'

165 1904 212 1934 pro
217 1899 301 1933 ficun-

168 1938 185 1964 d
189 1937 293 1974 &senten
299 1957 307 1961 -

168 1977 206 2006 1ιᾶ
213 1990 266 2019 arg.
284 1991 305 2009 ι.

344 123 419 157 170
697 108 1008 145 OPERIS

339 183 436 217 ctiam
450 178 633 229 {plerisque
653 174 765 215 eorum
784 182 840 229 qui
860 191 990 215 tuentur
1011 179 1094 214 hanc

335 245 398 279 prae
410 231 575 265 manibus:
603 230 693 266 verbi
705 232 792 264 enim
803 231 925 265 exitum
938 232 1032 264 etiam
1044 229 1093 263 isti

340 283 669 327 interpretanturnon
681 280 720 315 de
733 280 888 314 mandato
899 278 1093 314 fastoGabri-

337 329 388 370 elz,
400 334 431 364 &
444 328 626 378 significato
641 329 766 369 Danieli,
777 328 828 363 sed
839 329 878 362 de
888 330 994 377 aliqua
1006 339 1093 376 parte

337 381 384 414 rei
394 378 455 413 isto
469 377 604 414 Gabrielis
613 380 735 413 nuncio
743 375 904 425 exprefffi3
927 381 971 413 ita
979 389 1015 412 ut
1023 391 1095 412 vet—

339 427 420 463 bum
433 428 522 477 quod
534 428 549 462 εὶ
561 430 634 462 Deo
643 430 721 462 exiit
732 428 773 462 ad
787 426 1026 475 Gabrielem,quo
1035 427 1095 461 sta-

343 479 439 512 timis
448 477 772 526 fignificaretDanieli
782 477 929 511 divinum
941 476 1095 521 benepla-

338 529 526 564 citum‚non
536 527 570 561 sit
579 527 664 562 idem
674 539 749 562 cum
761 526 848 561 istius
858 525 1050 570 beneplaciti
1061 522 1094 557 efi

342 586 442 622 parte,
454 575 517 625 quii
528 577 641 612 divino
652 576 804 611 instinctu
815 577 921 620 Reges
930 572 1094 607 Persarum

341 627 470 672 impulsi
482 626 553 660 sunt
563 626 601 660 ad
615 624 827 660 mandandam
841 620 1094 669 Hierosolymo-

341 687 416 709 rum
428 675 680 711 restitutionem.
707 670 853 706 Verbum
865 673 950 719 prius
963 670 1026 706 fuit
1037 670 1092 706 so-

339 725 403 759 lius
422 727 514 765 Dei,
540 724 672 758 verbum
690 720 848 768 posterius
869 722 967 755 etiam
985 720 1094 755 homi-

338 786 418 807 num
431 788 440 811 ;
467 772 602 808 verbum
625 772 709 818 prius
727 771 786 804 soli
815 767 942 804 Gabrielt
961 768 1094 817 inspira-

338 833 410 856 tum
421 821 486 856 fuit
497 831 531 855 ut
544 821 601 854 uni
613 819 734 855 Danieli
745 817 997 868 significaretut3
1023 832 1093 853 ver-

328 871 419 904 -bum
441 870 599 918 posterius
615 869 760 917 Regibus
780 868 943 903 Persarum
966 870 1094 902 eratin-

338 918 504 965 spiratum,
516 930 551 954 ut
563 918 695 966 publico
705 917 972 954 edict01udaeis&
981 920 1089 966 genti-

338 968 399 1002 bus
411 970 680 1016 promulgaretur.

384 1020 492 1052 Locus
517 1019 556 1053 ad
578 1021 734 1062 majorem
753 1015 1015 1052 confirmandam
1035 1016 1092 1050 ad-

338 1065 454 1101 duetus
470 1080 541 1102 earn
553 1069 681 1102 evertit.
708 1068 859 1101 Fatemur
872 1065 1013 1100 edietum
1026 1066 1092 1100 Re-

336 1128 415 1163 gum
450 1128 526 1151 cum
562 1117 676 1151 divino
712 1116 868 1151 mandato
895 1114 1023 1150 coivisse
1060 1118 1091 1149 δ(

336 1165 621 1211 quemadmodum
634 1165 734 1201 Esdrae
746 1179 778 1211 7.
791 1164 869 1200 vers.
881 1166 935 1200 28.
949 1165 1091 1199 efficium

334 1215 465 1262 Regum
481 1217 563 1250 circa
588 1228 634 1250 res
653 1217 768 1263 templi
795 1215 942 1249 divinum
960 1214 1092 1248 manda-

334 1273 407 1298 tum
421 1264 604 1306 dicitur‚ita
615 1270 774 1310 c·6.v.14.
785 1264 890 1298 edicta
901 1263 979 1305 Cyri,
993 1264 1093 1300 Darii,

334 1316 369 1347 &
378 1315 562 1347 Artaxerxis
573 1315 654 1348 circa
669 1309 861 1348 'structuram
875 1314 972 1346 etiam
983 1311 1069 1346 urbis
1079 1337 1088 1352 ,

334 1372 371 1395 ut
382 1363 491 1396 multis
503 1363 746 1410 placet‚juffum
757 1362 904 1397 divinum
918 1373 1089 1408 nuncupa-

333 1421 396 1446 tur.
422 1412 597 1446 Instinstus
607 1425 739 1460 quoque
749 1413 773 1446 is
785 1423 855 1459 quo
867 1412 1001 1457 Regum
1012 1412 1089 1445 illo-

330 1472 403 1494 rum
415 1462 569 1508 Spiritum
582 1463 671 1496 Deus
682 1461 720 1496 ad
734 1474 832 1509 opera
845 1461 955 1494 divina
966 1463 1085 1495 excita-

330 1510 378 1543 vit
398 1522 414 1543 2
438 1510 567 1545 Chron.
588 1516 642 1555 36.
664 1524 764 1557 v.23.
780 1515 811 1545 &
826 1509 897 1544 Esd.
911 1522 976 1544 1.v.
991 1522 1020 1543 2.
1033 1510 1083 1544 di-

328 1556 418 1592 sertis
434 1559 541 1594 verbis
560 1559 707 1594 divinum
735 1560 924 1594 mandatum
948 1558 1065 1593 dicitur
1076 1584 1085 1596 ,

327 1620 396 1642 non
418 1609 587 1655 propterca
609 1620 717 1644 tamen
736 1610 872 1645 verbum
898 1609 978 1643 illud
992 1609 1083 1656 quod

327 1659 494 1692 exiturum
504 1658 794 1705 praedicituraDeo
806 1663 837 1693 &
849 1657 1000 1705 Regibus
1014 1662 1081 1693 Da-

327 1707 441 1751 niel9.
464 1721 494 1744 v.
511 1719 566 1754 25.
583 1708 621 1744 de
640 1709 870 1743 restauratione
888 1705 1080 1755 Hierosoly-

328 1768 460 1791 morum
477 1784 486 1796 ,
511 1758 598 1792 idem
611 1757 748 1795 verbum
761 1757 824 1792 fuit
846 1770 921 1791 cum
938 1770 977 1792 eo
990 1758 1081 1804 quod

328 1805 451 1840 ibidem
462 1807 653 1854 diciturjam
664 1805 793 1843 exivisse
806 1806 822 1841 a
833 1808 906 1840 Deo
918 1805 1054 1841 Gabrieli.

375 1858 531 1890 Hovvaeus
551 1870 609 1903 pro
629 1858 687 1892 hac
706 1856 861 1892 sententifi
878 1881 887 1896 ‚
916 1855 1025 1890 saltem
1046 1867 1082 1890 ut

327 1903 448 1949 probet
465 1904 744 1941 hebdomadarum
759 1907 954 1953 principium
970 1908 1003 1940 in
1016 1908 1082 1953 pri-

326 1965 384 1986 mo
394 1953 464 1998 Cyri
474 1978 484 1994 ‚
500 1955 754 2001 disputationem
767 1956 852 1990 ΡαναιΙ
862 1966 975 1990 contra
986 1955 1080 1990 Scali-

317 2015 424 2052 gerum
443 2007 474 2037 &
494 2003 653 2047 Calvisium
669 2007 702 2039 in
721 2006 868 2052 quinque
893 2005 1014 2052 redegit
1033 2018 1082 2040 ar-

322 2062 488 2099 gumenta.
517 2056 665 2088 Primum
687 2054 751 2088 hoc
774 2053 830 2091 est.
855 2054 1082 2091 Hebdomadae

325 2100 674 2147 sumpseruntinitium
697 2103 737 2137 ab
750 2105 839 2138 exitu
853 2104 942 2139 verbi
953 2103 1083 2140 absolu·
1101 2145 1103 2150 Ι

323 2160 362 2182 to
377 2173 386 2189 ‚
406 2152 493 2194 atqui
506 2150 594 2185 solus
610 2154 730 2197 primus
744 2154 852 2187 exitus
865 2153 952 2188 verbi
966 2153 1006 2187 ab
1015 2155 1081 2189 edi-

324 2199 379 2231 ἃο
392 2198 458 2236 Cyri
468 2196 530 2231 fuit
540 2198 878 2237 absolutus,sccundus
890 2213 998 2236 autem
1009 2205 1080 2236 exi-

324 2257 376 2280 tus
387 2247 419 2280 in
431 2246 535 2280 edieto
551 2248 661 2288 Darii,
682 2252 715 2282 &
732 2250 846 2282 tertius
857 2262 891 2282 ac
901 2259 1033 2294 quartus
1046 2252 1095 2288 in,

324 2296 437 2330 edient»
459 2296 637 2331 Artaxerxis
648 2309 716 2332 non
731 2294 864 2331 fuerunt
876 2297 966 2332 verbi
975 2299 1079 2337 exitus

322 2344 472 2379 absoluti.

367 2393 466 2440 Resp.
491 2394 660 2442 Negamus
679 2395 864 2435 minorem,
884 2408 958 2431 nam
973 2396 1078 2431 exitus

322 2444 446 2490 primus
470 2445 504 2477 in
523 2445 632 2478 edicto
659 2444 726 2491 Cyri
747 2456 813 2479 tam
839 2444 901 2479 fuit
920 2447 1077 2480 limitatus

322 2505 420 2540 quam
432 2490 481 2526 vel
492 2490 649 2527 secundus
659 2496 710 2528 vel
721 2496 833 2528 tertius
847 2520 856 2534 ‚
869 2497 921 2529 vel
934 2506 1077 2543 quartus,

322 2543 425 2576 exitus
436 2552 543 2576 autem
556 2542 608 2576 ille
619 2542 657 2576 de
666 2555 732 2590 quo
745 2542 859 2577 Damel
867 2544 1011 2585 absolute
1024 2546 1076 2579 lo-

321 2592 432 2638 quitur
447 2601 455 2626 3
482 2591 520 2624 ad
533 2603 633 2638 quen]
646 2591 723 2626 vcro
735 2592 768 2626 in
779 2594 960 2639 particulari
972 2593 1076 2628 deter-

322 2639 498 2674 minandus
509 2639 545 2673 sit
557 2665 566 2679 ‚
578 2642 623 2674 rei
633 2641 728 2686 ipfius
736 2652 868 2675 eventus
878 2640 894 2674 a
905 2642 1075 2688 posteriori

289 2686 292 2691 ¹
321 2689 506 2725 declaravit,
517 2690 542 2723 is
554 2687 825 2728 certenecessario
836 2692 940 2724 exitus
952 2693 1074 2725 intelli-

206 2911 235 2931 {J

321 2739 447 2785 gcndus
456 2738 513 2778 est,
525 2737 542 2772 a
553 2751 619 2784 quo
629 2738 667 2771 ad
679 2735 826 2772 ebrinum
834 2738 999 2774 fluxerunt
1006 2754 1072 2775 non

321 2789 429 2834 plures
446 2788 521 2822 anni
533 2786 628 2835 quam
641 2787 870 2835 quadringenti
882 2791 1072 2838 nonaginta,

324 2837 389 2871 hoc
403 2847 509 2871 autem
520 2836 558 2871 de
569 2836 636 2881 Cyri
647 2836 753 2871 εάἰᾶο
765 2837 887 2872 nonest
900 2851 1022 2873 verum.

368 2886 555 2920 Secundum
571 2888 656 2920 Paraei
672 2899 899 2932 argumentum
922 2888 986 2924 hoc
1006 2888 1069 2929 est3

321 2935 375 2968 Ab
388 2948 428 2969 eo
442 2936 531 2970 exitu
545 2936 656 2976 verbi,
684 2934 738 2969 seu
756 2949 796 2971 eo
815 2937 923 2972 edieto
936 2939 1067 2987 Regum

321 2983 511 3030 inceperunt
528 2984 745 3019 hebdomadae
755 3010 764 3025 ,
778 2988 866 3034 quod
878 2989 941 3034 ipse
955 2986 1070 3024 Daniel

321 3030 465 3066 distinct&
478 3035 641 3069 intellexit
652 3059 661 3072 ,
671 3039 703 3069 &
716 3034 757 3068 de
769 3049 836 3083 quo
853 3038 919 3083 ipsc
929 3036 990 3071 fuit
1002 3049 1070 3071 cer-

319 3089 373 3112 tus
383 3092 417 3112 ac
428 3082 689 3119 consolationem
706 3087 831 3132 accepit
842 3087 876 3120 in
896 3087 953 3120 suo
963 3085 1068 3121 laetu:

320 3129 426 3174 Atqui
453 3128 552 3163 solum
572 3135 632 3176 Cyri
652 3133 797 3170 edietum
818 3148 887 3171 non
912 3137 972 3171 alia
987 3137 1066 3171 alio-

318 3189 392 3211 rum
403 3177 533 3224 Regum
543 3179 674 3217 fuerunt
684 3184 766 3218 talia.

1069 105 1548 146 HISTORICI

1192 178 1292 227 Resp.
1327 181 1449 228 Negari
1470 180 1571 226 potest
1590 191 1725 230 utraque
1745 179 1896 232 proposi—

1144 230 1212 264 tio:
1243 231 1364 275 Major,
1378 231 1453 278 quia
1467 231 1569 263 multa
1581 232 1746 277 Prophetis
1760 237 1897 268 revelata

1145 277 1216 313 sunt
1226 278 1352 316 futura,
1366 292 1506 327 quorum
1519 277 1573 325 ipfi
1586 291 1735 326 tempora
1750 283 1896 318 distincte*

1143 341 1213 362 non
1233 341 1474 376 cognoverunt.
1500 331 1551 364 Dc·
1569 328 1685 376 quibus
1699 342 1806 366 tamen
1823 332 1898 367 fue-

1143 389 1221 411 runt
1241 377 1405 412 certiffimi
1424 383 1619 426 &magnam
1633 379 1898 416 consolationem

1144 438 1350 472 acceperunt.
1385 429 1499 462 Minor
1510 441 1643 476 quoque
1655 442 1727 465 vera
1746 443 1815 465 non
1830 430 1874 465 est
1887 454 1897 468 ‚

1144 487 1218 508 nam
1232 486 1298 510 tem
1306 489 1382 523 pore
1393 479 1608 517 revelationis,
1618 482 1650 512 δέ
1662 491 1793 524 precum
1806 481 1897 519 ;edi-

1143 525 1231 558 {ium
1247 527 1334 567 Cyri,
1351 526 1458 566 Darii,
1475 530 1509 560 &
1521 528 1710 560 Artaxerxis
1726 529 1817 575 aeque
1828 527 1898 563 fue-

1143 584 1217 607 runt
1230 585 1308 608 nota
1326 576 1484 622 &ignota
1496 600 1505 615 ,
1528 577 1640 608 omnia
1652 575 1774 611 scilicet
1790 578 1897 613 futura

1144 623 1294 658 nondum
1316 626 1475 664 revelata,
1499 624 1555 658 nili
1569 636 1727 672 quantum
1746 637 1818 660 tum
1834 626 1899 667 fuit

1143 674 1320 708 revelatum
1333 673 1372 707 de
1384 675 1474 709 verbi
1483 675 1571 708 exitu
1581 675 1755 722 aliquando
1767 675 1893 716 sutum,

1142 722 1180 756 de
1188 722 1734 770 restaurationeHierosolymorum
1746 729 1778 760 &
1790 737 1898 761 morte

1144 772 1270 816 Messa'ae,
1280 773 1363 807 intra
1373 773 1628 821 quadringentos
1646 775 1826 822 nonaginta
1835 789 1897 810 an-

1143 832 1218 859 nos,
1230 823 1342 855 nonin
1355 822 1499 867 praesenti
1509 847 1518 862 ‚
1530 823 1581 857 sed
1591 836 1669 857 mox
1687 824 1894 860 inchoandos

1144 879 1291 915 tempore
1315 871 1380 903 Dei
1403 883 1601 917 opportuno.
1638 872 1697 907 Ista
1715 872 1806 909 scivit
1827 877 1896 909 Da-

1143 916 1204 951 niel
1216 916 1362 952 distincie
1371 943 1381 958 ‚
1403 922 1434 952 δι’
1446 920 1484 953 de
1494 921 1532 953 iis
1543 932 1647 955 certus
1660 921 1762 957 factus
1774 925 1895 958 conlo-

1144 968 1299 1001 lationem
1320 969 1405 1015 cepit
1423 981 1431 1002 :
1458 970 1625 1017 magisque
1649 969 1833 1006 distinctam
1861 976 1895 1007 &

1143 1017 1372 1063 particularem
1391 1018 1543 1052 notitiam
1562 1031 1632 1053 non
1659 1023 1787 1066 putavit
1805 1023 1895 1056 Deus

1144 1065 1200 1113 ipfi
1214 1064 1424 1100 necessariam.

1189 1117 1339 1150 Tertium
1362 1115 1698 1164 Paraeiargurnentum.
1725 1118 1794 1153 Nisi
1812 1118 1895 1153 heb-

1143 1163 1353 1200 domadarum
1366 1167 1497 1200 initium
1515 1167 1546 1200 in
1560 1166 1691 1212 publico¹
1704 1168 1774 1210 Cyri
1785 1170 1894 1205 edisto

1140 1212 1293 1249 statuatur
1303 1239 1312 1251 ‚
1323 1216 1434 1249 veteris
1448 1216 1592 1249 Ecclcfiae
1605 1214 1683 1250 fides
1695 1217 1733 1251 de
1744 1229 1894 1267 tempore

1141 1265 1256 1297 mortis
1267 1266 1380 1310 Messzae
1395 1266 1514 1299 incerta
1526 1263 1703 1300 vacillaiffet.

1185 1311 1282 1360 Resp.
1310 1317 1411 1349 Vetus
1429 1313 1568 1349 Ecclesia
1584 1328 1651 1349 non
1669 1316 1808 1363 agnovit
1826 1329 1894 1351 cer.

1138 1362 1274 1397 titudine
1288 1361 1364 1398 fidei
1382 1363 1483 1410 ipsum
1502 1377 1624 1398 annum
1638 1367 1789 1399 morituri
1802 1369 1894 1414 Mes:

1127 1414 1199 1454 fiae:
1217 1424 1282 1446 tarn
1292 1411 1472 1447 distinctam
1486 1415 1574 1447 enim
1587 1415 1674 1448 illius
1686 1414 1820 1449 eventus
1833 1429 1894 1450 no-

1137 1462 1243 1494 titiam
1257 1475 1322 1495 non
1336 1464 1459 1508 putavit
1477 1464 1569 1495 Deus
1586 1463 1811 1500 commodum
1824 1466 1892 1500 Ec-

1136 1510 1233 1544 clesi'ae
1245 1508 1423 1557 indulgere}
1445 1509 1648 1545 Praetereanil
1661 1521 1748 1545 vetat
1758 1512 1822 1545 Dei
1832 1526 1893 1559 po.

1135 1560 1248 1606 pulum
1270 1557 1384 1593 Chrzfli
1400 1570 1542 1594 mortem
1559 1561 1590 1594 in
1604 1559 1890 1598 hebdomadarum

1132 1620 1278 1643 extremo
1289 1608 1378 1656 aeque
1390 1609 1538 1644 distincte
1550 1608 1745 1657 cognoscere
1755 1635 1764 1647 ,
1777 1612 1890 1658 quod-

1132 1672 1261 1707 cunque
1289 1659 1420 1693 tandem
1457 1658 1731 1694 hebdomadarum
1767 1661 1888 1707 princi·-

1134 1710 1222 1755 pium
1237 1706 1333 1742 fuerit
1352 1721 1359 1741 :
1385 1720 1451 1742 tam
1466 1709 1554 1742 enim
1575 1710 1612 1743 iis
1629 1710 1802 1756 cognitum
1816 1721 1886 1745 erat

1132 1758 1271 1792 edictum
1284 1757 1367 1792 Darii
1377 1761 1406 1792 δέ
1418 1769 1594 1807 utrumque
1606 1758 1886 1807 Artaxerxis‚quam

1134 1811 1275 1855 primum
1288 1807 1364 1851 Cyri.
1664 1849 1669 1852 μ

1181 1859 1357 1900 Quartum,
1367 1856 1449 1890 mihi
1459 1856 1591 1903 quidem
1603 1858 1721 1891 caeteris
1731 1858 1886 1892 omnibus

1133 1909 1261 1956 gravius
1274 1931 1282 1947 ‚
1296 1905 1358 1940 hoc
1369 1905 1423 1941 est.
1451 1904 1519 1940 Nisi
1532 1905 1742 1941 hebdomada>
1754 1905 1770 1940 a
1781 1909 1888 1954 primo

1134 1957 1370 2004 (ynincipiant
1383 1980 1392 1994 ,
1418 1956 1453 1989 in
1474 1954 1557 1989 sacra*
1578 1955 1811 2003 Chronologizi
1828 1957 1889 1990 erit

1133 2006 1254 2041 hiatus.
1278 2006 1332 2040 Ab
1344 2006 1442 2039 initio
1456 2004 1570 2038 mundi
1585 2005 1622 2038 ad
1641 2006 1784 2051 primum
1797 2005 1888 2047 Cyri,

1131 2067 1319 2103 tempotum
1331 2056 1524 2090 continuata
1536 2052 1626 2088 series
1638 2056 1670 2088 in
1682 2054 1774 2088 sacris
1789 2055 1888 2088 literis

1131 2117 1269 2153 apparet.
1295 2104 1549 2140 Incommodum
1561 2115 1668 2137 autem
1680 2102 1723 2136 est
1733 2127 1743 2142 ‚
1765 2103 1786 2136 fi
1797 2101 1813 2136 ὲ
1826 2104 1888 2148 pri-

1132 2169 1188 2190 mo
1208 2152 1276 2198 Cyri
1293 2155 1331 2188 acl
1345 2153 1520 2199 septimum
1539 2151 1588 2185 vel
1600 2149 1790 2185 vicesimum
1803 2154 1888 2185 Lon-

1125 2204 1256 2248 gimam,
1292 2204 1384 2235 annis
1405 2199 1505 2245 prope
1540 2209 1671 2232 centum
1690 2210 1885 2246 temporum

1128 2250 1313 2296 supputatio
1337 2248 1423 2296 quasi
1444 2250 1623 2295 interrupta
1640 2260 1709 2282 non
1729 2249 1832 2297 possit
1850 2252 1884 2285 in

1128 2298 1218 2333 sacris
1228 2298 1330 2332 literis
1342 2298 1493 2332 inveniti.

1174 2346 1274 2394 Resp.
1309 2348 1453 2381 Nullum
1469 2344 1520 2380 hic
1537 2345 1582 2380 est
1608 2346 1859 2381 incommodum
1871 2372 1884 2388 ,

1129 2408 1204 2431 cum
1217 2409 1257 2431 eo
1270 2396 1336 2444 ipso
1348 2409 1435 2430 anuo
1447 2396 1504 2443 qui
1524 2408 1597 2429 cum
1620 2395 1783 2442 prioribus
1797 2408 1884 2430 tem-

1127 2447 1261 2493 poribus
1282 2447 1322 2480 ab
1336 2447 1432 2479 initio
1454 2444 1565 2479 mundi
1586 2444 1753 2479 manifeste
1774 2445 1884 2479 conti-

1126 2507 1261 2536 nuatur,
1284 2495 1447 2542 publicata
1468 2493 1504 2527 sit
1523 2492 1656 2541 Epocha
1677 2493 1715 2527 ad
1733 2491 1882 2528 Christum

1127 2547 1311 2592 pertingens
1323 2568 1332 2580 ‚
1358 2547 1433 2579 licet
1462 2556 1531 2578 non
1558 2542 1662 2577 statim
1685 2541 1880 2578 inchoanda.

1125 2593 1276 2628 Praeterea
1294 2593 1470 2628 secundum
1499 2590 1730 2638 disputantium
1754 2594 1880 2638 princi-

1123 2644 1174 2689 pia
1186 2642 1421 2676 contrahuntur
1432 2643 1507 2676 anni
1519 2642 1650 2688 Regum
1664 2643 1836 2679 Persarum,
1845 2645 1878 2675 &

1123 2704 1202 2725 eoru
1209 2705 1238 2725 m
1251 2703 1399 2737 tempora
1411 2691 1448 2725 ad
1459 2703 1562 2724 annos
1575 2689 1660 2724 solos
1671 2692 1702 2723 in
1716 2688 1876 2736 Scriptura

1123 2751 1323 2776 memoratos
1337 2765 1346 2780 ‚
1375 2745 1407 2775 δέ
1428 2752 1496 2774 tum
1519 2741 1605 2774 nulla
1624 2739 1668 2774 est
1687 2738 1877 2786 cujusquam

1121 2788 1225 2824 hiatus
1236 2793 1439 2837 apparentia,
1459 2792 1503 2824 ita
1519 2791 1605 2824 enim
1624 2786 1715 2822 facile
1731 2791 1877 2832 conjun-

1119 2852 1232 2887 gemus
1252 2841 1407 2875 ultimum
1428 2841 1632 2887 septuaginta
1646 2849 1806 2870 annorum
1819 2850 1872 2871 ca-

1120 2891 1280 2935 ptivitatis
1300 2902 1375 2923 cum
1397 2890 1502 2935 primo
1523 2887 1720 2933 septuaginta
1747 2885 1874 2920 hebdo-

1120 2937 1320 2983 madumper
1334 2937 1494 2971 summam
1507 2948 1664 2969 annorum
1678 2938 1709 2968 in
1722 2937 1870 2982 Scriptu-

1119 2985 1149 3020 15
1158 2998 1371 3020 memoratam
1383 2987 1586 3032 regnantium
1597 2986 1628 3018 in
1638 2984 1869 3032 l’erfide‚apti-

1119 3049 1174 3070 mo
1186 3036 1252 3079 Cyri
1261 3035 1299 3069 ad
1311 3035 1479 3081 septimum
1495 3035 1687 3069 Artaxerxis.

1168 3084 1375 3119 Postremum
1389 3084 1476 3117 Para
1490 3096 1718 3132 argumentum
1732 3082 1867 3117 sumitur

1118 3133 1159 3168 ab
1178 3132 1320 3168 absurdis
1340 3133 1377 3167 de
1402 3132 1500 3167 nimifi
1520 3132 1704 3168 ZoroLaL-elis
1737 3137 1767 3167 ἃ
1787 3134 1867 3178 Iosuae

1116 3185 1343 3233 longaevitate,
1362 3181 1386 3217 si
1399 3182 1608 3220 licbdomadae
1620 3195 1688 3218 non
1705 3182 1867 3226 incipiant

1795 3239 1870 3262 ante
