2048 3343
438 117 503 143 Ετ
561 107 1244 145 CHRoNoLOGICr

196 192 269 218 rum
286 191 432 216 veterum
452 186 482 216 &
493 194 655 217 novorum
669 194 828 218 mentem,
840 181 878 216 fic
892 191 952 214 nos

198 245 239 268 ex
266 228 335 278 ipso
372 241 465 265 textu
500 243 741 280 oppugnamus,
765 229 888 265 Primo.
916 229 951 262 Id

197 281 288 328 quod
300 280 341 314 ab
355 282 484 329 Angelo
497 280 737 315 mensurabatur
746 277 821 314 vers.
838 290 868 314 1.
881 281 911 310 δι’
925 289 952 311 2.

197 340 263 364 crat
275 330 395 377 aliquid
406 333 439 364 in
451 343 554 376 return
568 327 678 363 natura
689 327 824 362 existens
834 352 842 367 ‚
860 326 951 375 quod

198 380 290 413 Deus
301 380 449 428 singulari
466 390 575 412 amore
597 381 626 412 &
639 377 766 412 honore
779 375 949 424 proseque-

200 427 296 463 batur
322 442 345 463 τ,
363 429 464 475 Atqui
494 427 654 474 templum
680 424 953 473 Hierosolymita-

199 490 304 518 num,
323 480 357 511 &
377 478 473 511 altare
494 475 675 510 holocausti
687 476 821 510 Adriani
840 475 953 510 dicbus

200 539 271 562 non
283 537 348 561 erat
362 527 394 560 in
411 539 515 561 terum
531 524 660 562 natura,
686 538 746 560 nec
759 526 814 560 ulli
832 524 902 573 post
918 537 955 559 ea

200 585 354 622 tempora
366 576 504 611 adhunc
516 575 605 609 diem
627 575 672 611 ibi
683 576 833 610 locorum
845 577 954 608 Deum

200 625 384 660 adorarunt.
425 626 636 670 Quantillum
657 626 718 660 Dei
746 626 780 660 in
805 625 860 659 illa
885 625 957 658 loca

200 675 369 722 quondam
389 674 588 710 Sanfflffima
604 674 744 710 studium
761 674 832 721 post
851 670 959 715 Christi

200 735 345 759 mortem
358 723 418 759 fuit
429 749 440 765 ,
465 728 497 758 &
509 735 631 772 quanta
649 736 761 758 eorum
782 722 938 758 aversatio
950 746 958 758 ‚

201 785 289 821 patet
303 786 373 808 non
390 773 517 808 tantum
530 787 566 808 ex
578 771 885 808 liorrend'ziistorum
904 772 954 806 lo-

201 835 318 858 corum
331 823 529 858 desolatione
541 836 596 870 per
606 825 705 858 Tttum
715 848 724 862 ,
745 822 798 857 sed
809 823 905 856 ctiam
919 834 956 854 ex

202 871 311 915 iterat&
323 874 386 907 Dei
395 871 539 907 vindicta
550 872 660 907 diebus
670 871 788 910 Iuliani,
799 876 829 906 Sc
842 884 879 905 cx
892 869 958 905 foe-

202 921 328 956 dissimfi
340 922 602 961 abominatione,
615 934 686 969 quae
695 923 820 969 aliquot
831 923 899 966 jam
911 917 957 954 se-

205 973 288 1006 culis
301 972 477 1005 inTurcica
490 970 618 1006 Moski,
630 973 662 1005 in
674 968 747 1017 iplis
760 971 869 1004 Sanfti
880 971 959 1003 San-

203 1023 334 1056 &orum
345 1019 633 1068 pomoeriisstante‚
644 1019 808 1054 hodierno
818 1019 868 1053 die
877 1031 959 1052 con-

200 1070 345 1118 spicitur.

249 1117 413 1154 Secundo.
446 1117 481 1152 Id
507 1116 598 1165 quod
619 1114 774 1163 gentibus
799 1115 955 1150 traditum

201 1167 264 1203 fuit
275 1169 534 1203 conculcandum
547 1193 554 1205 ,
571 1177 638 1199 crat
649 1167 766 1200 atrium
777 1165 889 1212 templi
902 1176 955 1198 ex—

198 1220 315 1252 terius:
342 1218 395 1250 illa
408 1217 531 1250 montis
553 1216 668 1250 Moriae
684 1228 753 1262 pars
765 1239 773 1253 ,
791 1227 860 1261 quac
871 1215 955 1248 ultra

196 1268 294 1300 altare
314 1277 440 1300 aeneum
460 1265 498 1298 ad
519 1265 746 1310 populisacros
766 1274 952 1298 conventus

196 1314 257 1350 suo
269 1326 364 1349 muro
378 1314 608 1348 includebatur
625 1327 632 1348 :
661 1324 772 1347 totum
785 1324 894 1348 autem
915 1315 950 1347 il⁴

196 1364 252 1399 lud
271 1366 387 1398 atrium
402 1388 411 1404 ‚
447 1362 603 1411 totusque
623 1375 719 1397 mons
740 1364 858 1398 Moriae
886 1374 953 1397 tam

196 1413 294 1460 quam
307 1414 406 1456 prisca
415 1412 503 1447 sedes
515 1413 653 1460 templi,
677 1425 837 1459 quantum
848 1426 886 1447 ex
903 1413 952 1447 hi-

197 1462 294 1498 storia
305 1462 476 1497 secundum
490 1462 576 1510 ipsos
588 1461 782 1496 adversarios
793 1464 896 1511 liquet
906 1487 916 1503 ‚
937 1462 953 1496 εὶ

199 1511 285 1547 nov&
296 1511 446 1546 Hadriam
459 1512 536 1546 urbe
548 1511 630 1545 AElifi
641 1510 754 1546 seclusa
765 1512 838 1547 fuit.

251 1560 380 1595 Tertio.
409 1559 563 1595 Civitas&
585 1561 739 1608 gentibus
763 1562 954 1609 conculcata

199 1608 263 1646 fuit
285 1611 398 1644 saneta
421 1624 430 1644 ι
469 1610 528 1645 Sed
549 1612 630 1644 AElia
651 1610 783 1645 Adriani
801 1613 871 1646 talis
887 1623 954 1646 nou

199 1658 281 1700 fuit,
302 1671 415 1705 utpote
437 1660 530 1705 plena
551 1659 696 1706 profanis
713 1661 866 1709 gentibus
887 1673 955 1708 quae

198 1709 292 1756 ipsius
326 1709 563 1753 Hierosolyma:
595 1723 720 1744 nornen
747 1709 956 1757 respuebant:

199 1771 406 1807 nequaquam
417 1760 450 1793 in
464 1756 568 1805 priscae
579 1760 717 1793 civitatis
729 1759 870 1807 vestigiis
882 1760 957 1794 aedi-

200 1806 313 1848 ficata,
338 1807 389 1843 sed
410 1808 450 1841 ab
465 1810 560 1842 omni
579 1810 686 1855 priore
704 1810 737 1843 in
755 1811 865 1844 vicino
882 1809 958 1843 loco

201 1859 380 1891 Sanffltate
392 1855 491 1905 usque
502 1858 582 1891 adeo
593 1856 772 1893 abhorrens
782 1883 790 1894 ,
802 1870 838 1894 ut
848 1861 880 1894 in
891 1857 958 1907 ipsz'i

201 1905 295 1954 portfi
306 1906 464 1942 foeditatis
474 1911 505 1941 ἃ
520 1908 713 1954 pollutionis
725 1907 940 1944 characterem
950 1932 960 1945 ‚

202 1958 379 2001 imaginem
393 1957 455 1990 suis
466 1956 596 1991 haberet
606 1957 777 2004 depiRam.

256 2004 396 2053 Qarto.
425 2007 551 2039 Civitas
578 2007 618 2040 ab
636 2007 800 2053 Apostolo
828 2018 957 2041 memo—

204 2067 268 2089 rata
282 2067 346 2088 tarn
360 2053 509 2089 informis
524 2053 583 2089 fuit
600 2056 739 2090 libidine
752 2081 761 2096 ,
776 2061 808 2091 δι
822 2057 958 2091 &mesto-

201 2118 275 2139 rum
300 2103 545 2150 persecutione,
573 2116 609 2140 ut
635 2107 784 2141 Sodomae
802 2111 836 2141 ὃ(
859 2107 960 2152 AEgy-

203 2155 250 2200 pti
272 2155 376 2188 titulis
392 2154 600 2200 insigniretur
620 2179 629 2191 ‚
665 2155 716 2190 sed
734 2158 796 2190 tale
816 2155 900 2190 nihil
921 2155 960 2189 de

203 2202 285 2237 AElia
297 2203 409 2238 diebus
419 2203 552 2238 Adriani
578 2202 595 2237 ὲ
615 2217 785 2252 quoquam
805 2204 848 2239 cst
864 2215 958 2238 nota-

204 2263 288 2286 tum.

251 2299 396 2342 Quinto.
424 2302 550 2336 Civitas
567 2303 891 2338 Sauara-conculcata
911 2300 956 2335 est

203 2347 222 2382 εὶ
235 2350 386 2395 gentibus
398 2350 500 2383 tribus
510 2350 638 2384 tantum
652 2354 744 2385 annis
755 2356 787 2385 &
800 2351 955 2385 dimidio:

204 2398 267 2432 Sed
282 2399 443 2443 templum
455 2402 530 2431 Iovis
541 2399 684 2446 Olympici
695 2401 727 2434 in
742 2402 845 2434 Zione
858 2399 955 2438 stetit,

206 2451 238 2481 &
250 2458 359 2494 gentes
371 2446 514 2481 Etlinicae
526 2448 697 2482 dominatae
708 2449 780 2483 sunt
793 2449 881 2483 AEliae
900 2461 960 2482 an-

209 2497 260 2531 nis
285 2497 377 2542 supra
404 2495 563 2531 ducentos
600 2496 699 2545 usque
724 2499 763 2532 ad
782 2497 962 2535 Constantini

212 2547 404 2591 Imperium.

258 2594 368 2629 Sexto.
394 2593 963 2642 DistinftioduarumHierosolymis

208 2644 418 2679 Ecclesiarum
431 2669 440 2684 ,
464 2646 558 2677 unius
570 2656 605 2678 ex
616 2645 733 2692 Judaeis
746 2670 755 2685 ,
783 2644 912 2679 alterius
923 2657 961 2679 ex

207 2694 361 2740 gentibus
373 2718 382 2734 ‚
408 2707 478 2741 quae
491 2694 572 2727 duos
585 2694 747 2729 habebant
759 2693 939 2742 Episcopos
953 2718 962 2734 ‚

205 2743 262 2777 fibi
275 2746 416 2777 invicem
430 2756 496 2776 non
510 2743 734 2778 subordinatos
744 2770 751 2782 ‚
766 2742 910 2778 insolens
920 2744 964 2778 est

209 2794 303 2826 Grom'
318 2798 349 2826 ἃς
369 2792 521 2826 Hamondz'
533 2791 697 2827 somnium
710 2804 823 2827 contra
832 2791 963 2839 expres-

209 2840 255 2875 sas
280 2844 482 2888 Scripturas:
511 2855 581 2888 qua:
609 2841 683 2890 saepe
709 2855 807 2876 unam
834 2853 961 2875 tantum

209 2892 447 2937 Hierosolymis
466 2891 641 2925 Ecclcliam
668 2905 706 2926 ex
734 2892 865 2939 quotvis
885 2903 962 2924 con-

211 2941 456 2987 gregationibus
467 2940 641 2974 conflatam
657 2941 801 2976 afferunt.
829 2943 963 2974 Parvam

212 2990 307 3021 etiam
338 2990 507 3024 Hamondus
533 2994 672 3038 gratiam
697 2990 713 3025 a
743 2989 798 3025 sua
823 2987 965 3024 faftione

213 3035 381 3083 Episcopo
393 3052 486 3072 mane
498 3040 612 3075 referet
637 3040 682 3075 ob
702 3042 964 3090 geminationem

212 3083 449 3131 Hierosolymis
461 3087 711 3135 Episcoporum.
739 3092 818 3124 Duo
830 3091 965 3125 enimin

213 3134 278 3170 unii
292 3137 424 3169 civitate
444 3137 675 3186 Episcopiiplis
691 3141 755 3174 duo
776 3139 848 3174 sunt
869 3152 967 3173 mon-

214 3185 276 3220 stra
288 3211 297 3226 ‚
325 3197 395 3234 quae
407 3185 543 3222 Ecclesia
554 3191 696 3237 antiqua,
711 3189 885 3227 secundum
895 3198 966 3231 eos,

1300 105 1334 144 L
1351 117 1365 143 1
1383 114 1418 145 re.
1447 106 1476 147 I.
1666 116 1745 155 247

992 191 1157 228 nunquam
1178 180 1357 227 conspexit.
1391 180 1490 216 Certe
1509 182 1743 229 multiplicatio

992 228 1177 275 linguarum
1205 241 1274 263 non
1304 228 1544 277 multiplicabat
1569 231 1720 274 Ecclesias
1735 250 1746 271 ς

996 278 1054 310 nili
1072 289 1125 312 tot
1146 277 1387 323 Hierosolymis
1426 280 1578 315 Ecclelias
1613 282 1748 315 velimus

996 326 1191 362 constituere
1203 355 1211 368 ‚
1226 329 1501 375 quotperegrinas
1512 331 1747 377 Hierosolymis

996 374 1125 421 linguas
1136 377 1210 410 Aet.
1223 389 1253 410 2.
1262 390 1296 420 9.
1308 376 1462 425 legimns.
1488 379 1631 425 Plerique
1642 378 1746 424 Judaei

997 433 1067 458 tuin
1079 427 1239 471 temporis
1255 436 1342 459 erant
1351 426 1548 464 Hellenistae,
1560 429 1616 474 qui
1629 429 1748 476 loque-

998 472 1114 507 bantur
1131 478 1163 507 &
1179 472 1363 508 scribebant
1388 472 1519 514 Graece,
1537 479 1567 509 ὃ(
1583 474 1660 509 νει-ὸ
1677 477 1749 523 post

1001 524 1208 568 conjtnffitos,
1222 534 1258 557 ut
1270 524 1384 558 volunt
1397 548 1407 563 ‚
1425 524 1552 572 Judaeos
1571 528 1605 559 &
1620 525 1748 560 Gentes

1000 573 1033 605 in
1047 584 1143 606 unam
1154 572 1328 608 Ecclesiam
1342 595 1350 608 ‚
1364 585 1504 621 eamque
1514 572 1571 608 sub
1587 587 1654 608 uno
1673 575 1752 621 Epi-

999 622 1113 668 scopo,
1125 619 1297 657 secundum
1310 624 1500 657 Hamondum
1511 647 1520 662 ‚
1542 634 1632 658 tanta
1644 622 1708 658 fuit
1719 625 1753 657 in
1770 635 1772 637 ’

1001 669 1036 706 efi
1054 669 1195 706 Ecclesia
1227 672 1414 719 linguarum
1449 672 1611 707 diversitas
1633 684 1754 720 quanta

1003 721 1090 766 prius
1101 744 1109 757 ‚
1137 717 1211 755 cfim
1221 721 1267 755 ob
1278 723 1462 769 linguarum
1475 721 1690 757 diversitatem
1702 722 1753 756 di-

1000 769 1131 804 stinctas
1152 768 1296 817 fingunt.
1334 771 1425 814 Quid
1438 771 1529 819 quod
1553 770 1671 820 longus
1693 772 1751 806 ille

999 819 1236 866 Episcoporum
1248 820 1332 867 apud
1346 819 1497 868 Eusebium
1514 824 1548 854 δε
1559 822 1637 856 alios
1655 822 1755 856 Cata-

1000 870 1115 916 logus,
1144 870 1201 915 qui
1223 869 1395 904 Ecclesiam
1412 868 1753 918 Hierosolymitanam

1000 918 1039 952 ad
1050 916 1195 952 eAdriani
1209 917 1277 952 dies
1288 918 1516 965 gubernabant
1530 944 1540 956 ‚
1559 933 1598 955 ex
1618 922 1658 959 iis
1675 918 1754 954 solis

998 965 1160 1001 vconstaret
1178 967 1235 1013 qui
1249 966 1432 1014 Judaeorum
1453 967 1758 1017 lingut‘iloqueban-

1002 1027 1072 1051 tur,
1094 1019 1127 1049 δε
1141 1028 1177 1049 ex
1193 1014 1386 1050 circumcisis
1398 1019 1550 1064 prognati
1562 1017 1649 1052 sunt.
1676 1021 1758 1052 Pro-

1002 1062 1092 1099 festo
1104 1065 1170 1099 haec
1188 1063 1398 1099 Ecclesiarum
1416 1064 1623 1110 Judaicarum
1641 1065 1681 1100 ab
1693 1067 1757 1100 Ec-

1002 1114 1101 1149 clesiis
1111 1117 1260 1163 gentium
1272 1112 1385 1148 divisio
1404 1128 1473 1149 non
1487 1113 1617 1149 tantsslm
1635 1116 1760 1149 Hiero-

1001 1163 1143 1211 solymis,
1153 1163 1309 1199 sedetiam
1322 1165 1452 1203 Romae,
1465 1164 1676 1206 Alexandriae,
1688 1165 1761 1198 An-

999 1214 1149 1253 tiochiae,
1177 1217 1210 1247 δι
1237 1224 1307 1247 tum
1321 1215 1482 1260 temporis
1494 1214 1614 1261 ubique
1632 1239 1642 1255 ‚
1667 1211 1760 1248 co'm-

999 1274 1148 1297 mentum
1167 1262 1211 1297 est
1226 1263 1400 1297 ridiculum
1419 1267 1451 1298 δε
1469 1264 1581 1298 multo
1597 1261 1762 1312 putidissi-

1000 1325 1104 1346 mum.

1049 1358 1209 1408 Septimo.
1244 1358 1373 1394 Falsum
1408 1360 1453 1396 est
1487 1361 1756 1408 praedicationem

999 1411 1234 1457 Prophetarum
1255 1409 1498 1457 Hierosolymis
1516 1424 1585 1445 non
1596 1410 1758 1445 ultra‘tres

999 1473 1102 1495 annos
1120 1464 1151 1494 δι
1172 1459 1347 1495 dimidium
1363 1458 1492 1494 durasse.
1517 1461 1603 1495 Nam
1617 1460 1688 1508 post
1702 1471 1758 1494 ex-

1000 1511 1119 1545 cidium
1130 1509 1216 1543 urbis
1236 1509 1254 1542 :1
1266 1510 1335 1543 Tato
1347 1533 1356 1546 ‚
1373 1511 1406 1543 in
1419 1521 1533 1557 paucas
1545 1522 1617 1557 quae
1627 1508 1757 1556 reliquae

1000 1571 1091 1595 erant
1109 1559 1228 1595 domos
1250 1559 1422 1593 redierunt.
1452 1557 1540 1593 Pella
1560 1558 1757 1599 Christiani,

1001 1610 1114 1657 ibique
1130 1608 1167 1642 ad
1185 1609 1427 1643 extrufflonem
1446 1608 1536 1643 AEliae
1555 1608 1694 1642 Ecclesia
1706 1620 1758 1643 re-

1002 1658 1119 1694 mansit
1131 1683 1140 1699 ,
1154 1670 1191 1692 ac
1207 1659 1241 1692 in
1255 1657 1418 1705 posterum
1431 1656 1532 1703 usque
1543 1657 1582 1692 ad
1594 1657 1760 1702 Constanti-

1001 1723 1070 1744 num
1087 1722 1097 1743 .-
1122 1709 1200 1755 quin
1211 1711 1241 1741 8(
1254 1706 1403 1741 eAdriani
1422 1705 1535 1741 diebus
1547 1705 1594 1741 illi
1605 1717 1667 1741 tres
1681 1707 1760 1742 anni

1002 1763 1034 1794 δε
1044 1757 1218 1793 dimidium
1231 1770 1299 1791 non
1311 1757 1540 1797 inveniuntur,
1553 1769 1629 1791 nam
1639 1758 1759 1804 incipit

1003 1805 1192 1843 Barcochevae,
1211 1806 1332 1840 bellum
1360 1819 1448 1841 anno
1465 1805 1601 1842 Adriani
1617 1805 1761 1840 undeci—

1003 1871 1073 1896 mo,
1087 1868 1146 1890 nec
1157 1855 1287 1891 finitum
1300 1855 1344 1890 est
1354 1867 1430 1891 ante
1441 1861 1510 1900 ejus
1524 1855 1725 1891 vicesimum.

1052 1904 1196 1941 Ocitavo.
1222 1907 1252 1939 Si
1263 1906 1388 1940 Baronio
1398 1905 1570 1946 credimus,
1585 1903 1680 1954 aquo
1691 1916 1758 1939 tam

1005 1956 1116 1990 Grotim
1133 1953 1228 2003 quarn
1246 1955 1419 1990 Hamondus
1443 1967 1560 1989 omnes
1577 1954 1650 1989 suos
1667 1954 1762 1989 testes

1004 2007 1098 2040 nullo
1107 2016 1244 2052 excepto
1258 2016 1450 2039 mutuantur
1465 2004 1536 2046 (etsi
1547 2002 1763 2038 omnino'dis-

1006 2054 1155 2089 simulent
1169 2056 1256 2098 cujus
1268 2054 1425 2088 araverint
1441 2051 1675 2096 vitu13)totum
1688 2051 1764 2087 fun-

1005 2106 1195 2139 damentum
1213 2102 1354 2150 ipsorum
1375 2104 1493 2136 aedium
1521 2101 1662 2136 omnino
1686 2114 1765 2136 cor-

1005 2157 1080 2189 ruit.
1105 2155 1194 2187 Nam
1210 2154 1326 2187 AEliam
1349 2165 1418 2186 non
1431 2151 1579 2186 condidit
1594 2151 1765 2187 eAdrianus

1005 2215 1079 2238 ante
1089 2203 1211 2237 bellurn
1222 2203 1395 2245 judaicum
1408 2200 1540 2235 finitum
1559 2204 1591 2235 &
1608 2211 1764 2235 necatum

1006 2249 1241 2290 Barcochevam5
1267 2249 1351 2285 ade&
1371 2261 1405 2284 ut
1428 2247 1625 2284 Barocchevas
1645 2252 1765 2285 AEliam

1005 2314 1176 2349 nunquam
1198 2300 1404 2347 conspexerit
1424 2313 1433 2334 ε
1467 2300 1618 2334 concesso
1653 2311 1764 2334 autem

1003 2351 1076 2386 ante
1095 2349 1216 2385 bellum
1238 2351 1404 2397 inceptum
1423 2350 1603 2383 extruCtam
1624 2350 1740 2382 AEliam
1755 2374 1764 2388 ‚

1003 2412 1039 2434 ut
1061 2411 1173 2434 contra
1195 2398 1389 2446 Ep'iphanium
1410 2401 1441 2430 ὃ(
1461 2396 1655 2442 Caffiodortcm
1678 2397 1762 2430 Dion

1003 2451 1113 2495 Casszus
1134 2450 1239 2483 innuit
1257 2463 1266 2487 ‚-
1295 2449 1421 2482 nullum
1441 2456 1552 2480 tamen
1570 2460 1607 2480 ex
1630 2443 1764 2480 auctore

1004 2510 1176 2546 quoquam
1203 2500 1274 2541 jota
1295 2498 1347 2530 vel
1376 2495 1487 2529 Grotius
1519 2497 1568 2531 vel
1587 2495 1763 2528 Hamondus

1006 2549 1108 2581 citant
1118 2570 1127 2583 ,
1145 2546 1234 2592 quod
1244 2546 1294 2578 vel
1305 2546 1422 2578 leviter
1436 2546 1591 2587 importet
1601 2542 1761 2578 Barocche-

1008 2609 1077 2629 vam
1091 2595 1208 2629 AEliam
1222 2606 1368 2641 unquam
1381 2590 1552 2640 ingressum
1569 2618 1579 2632 ,
1598 2593 1715 2628 nedum
1726 2604 1761 2628 ut

1011 2645 1058 2679 ibi
1076 2656 1220 2691 unquam
1242 2643 1432 2677 dominatus
1449 2641 1497 2676 sit.
1525 2643 1672 2677 Afferunt
1692 2645 1765 2690 qui·

1012 2695 1084 2729 dem
1104 2706 1141 2727 ex
1164 2694 1287 2727 Baronio
1299 2705 1400 2726 unum
1417 2704 1471 2726 aut
1490 2694 1624 2727 alterum
1635 2692 1763 2733 testem,

1011 2756 1079 2792 quo
1092 2742 1233 2789 probent
1245 2742 1506 2777 Christianorum
1527 2743 1648 2776 multos
1665 2741 1682 2776 a
1693 2746 1767 2776 Bar-

1012 2789 1136 2827 cochem*
1147 2802 1290 2830 necatos,
1301 2789 1353 2826 sed
1367 2793 1470 2825 ullum
1482 2792 1520 2825 ab
1532 2791 1599 2838 ipso
1613 2804 1764 2826 necatum

1013 2841 1252 2887 Hierosolymis
1264 2853 1362 2876 nemo
1374 2843 1540 2889 quisquam
1555 2843 1767 2888 antiquorum

1013 2890 1220 2939 praetenditur
1233 2888 1399 2925 affirmare.

1062 2938 1180 2975 Nono,
1207 2941 1296 2975 Cum
1307 2953 1363 2986 42.
1379 2938 1501 2974 menses
1519 2942 1554 2974 &
1576 2943 1678 2972 1260.
1696 2939 1764 2974 dies

1013 2990 1052 3024 ad
1069 2988 1238 3024 definitum
1253 2992 1351 3024 trium
1370 3002 1528 3024 annorum
1545 2993 1579 3023 &
1593 2988 1765 3024 dimidium

1013 3041 1151 3087 spatium
1164 3039 1358 3088 restringunt
1369 3063 1378 3076 ‚
1396 3052 1453 3073 cur
1474 3049 1535 3073 tres
1546 3039 1612 3073 dies
1623 3042 1653 3072 δέ
1664 3039 1764 3073 dimi-

1014 3091 1102 3124 dium
1116 3112 1125 3125 ,
1140 3088 1257 3136 quibus
1275 3088 1536 3124 Christianorum
1549 3113 1559 3129 ,
1579 3099 1614 3123 ut
1627 3089 1744 3122 volunt
1756 3113 1765 3125 ,

1016 3139 1208 3173 cadaverain
1221 3139 1309 3173 AEliae
1327 3138 1427 3174 stratis
1437 3136 1766 3184 insepultajaccbant‚

1016 3188 1055 3224 ad
1074 3198 1203 3235 tempus
1213 3186 1422 3226 indefinitum
1439 3187 1636 3230 extendunt3
1663 3187 1695 3221 id
1707 3187 1767 3219 sci,

987 3237 994 3278 l
1692 3236 1766 3276 licet
