<?xml version="1.0" encoding="UTF-8"?>
<!DOCTYPE html PUBLIC "-//W3C//DTD XHTML 1.0 Transitional//EN"
    "http://www.w3.org/TR/xhtml1/DTD/xhtml1-transitional.dtd">
<html xmlns="http://www.w3.org/1999/xhtml" xml:lang="en" lang="en">
 <head>
  <title>
</title>
<meta http-equiv="Content-Type" content="text/html;charset=utf-8" />
  <meta name='ocr-system' content='tesseract 3.04.00' />
  <meta name='ocr-capabilities' content='ocr_page ocr_carea ocr_par ocr_line ocrx_word'/>
</head>
<body>
  <div class='ocr_page' id='page_1' title='image "./operishistoricie00bail_0185.png"; bbox 0 0 2048 3343; ppageno 0'>
   <div class='ocr_carea' id='block_1_1' title="bbox 16 326 153 445">
    <p class='ocr_par' dir='ltr' id='par_1_1' title="bbox 16 326 153 445">
     <span class='ocr_line' id='line_1_1' title="bbox 18 326 153 357; baseline 0.007 -7"><span class='ocrx_word' id='word_1_1' title='bbox 18 347 19 350; x_wconf 74' lang='grc'>,</span> <span class='ocrx_word' id='word_1_2' title='bbox 25 330 79 357; x_wconf 78' lang='lat' dir='ltr'>Nec</span> <span class='ocrx_word' id='word_1_3' title='bbox 89 326 153 352; x_wconf 77' lang='lat' dir='ltr'>Xer-</span> 
     </span>
     <span class='ocr_line' id='line_1_2' title="bbox 17 372 118 398; baseline 0.01 -1"><span class='ocrx_word' id='word_1_4' title='bbox 17 377 70 397; x_wconf 59' lang='lat'>¹825</span> <span class='ocrx_word' id='word_1_5' title='bbox 75 387 82 398; x_wconf 80' lang='grc' dir='ltr'><strong><em>ι</em></strong></span> <span class='ocrx_word' id='word_1_6' title='bbox 91 372 118 392; x_wconf 58' lang='grc' dir='ltr'><strong>ω</strong></span> 
     </span>
     <span class='ocr_line' id='line_1_3' title="bbox 16 407 138 445; baseline -0.041 -7"><span class='ocrx_word' id='word_1_7' title='bbox 16 407 138 445; x_wconf 61' lang='lat' dir='ltr'>‘Scaeltgm</span> 
     </span>
    </p>
   </div>
   <div class='ocr_carea' id='block_1_2' title="bbox 482 73 1206 113">
    <p class='ocr_par' dir='ltr' id='par_1_2' title="bbox 482 73 1206 113">
     <span class='ocr_line' id='line_1_4' title="bbox 482 73 1206 113; baseline -0.004 0"><span class='ocrx_word' id='word_1_8' title='bbox 482 84 554 113; x_wconf 75' lang='grc' dir='ltr'>ετ</span> <span class='ocrx_word' id='word_1_9' title='bbox 608 73 1206 113; x_wconf 70' lang='grc' dir='ltr'>(ΣΗκοΝοῑοοιει</span> 
     </span>
    </p>
   </div>
   <div class='ocr_carea' id='block_1_3' title="bbox 180 143 930 245">
    <p class='ocr_par' dir='ltr' id='par_1_3' title="bbox 180 143 930 245">
     <span class='ocr_line' id='line_1_5' title="bbox 181 143 930 193; baseline -0.011 -7"><span class='ocrx_word' id='word_1_10' title='bbox 181 150 322 188; x_wconf 86' lang='lat' dir='ltr'>nominis</span> <span class='ocrx_word' id='word_1_11' title='bbox 340 163 348 184; x_wconf 91' lang='lat'><strong>:</strong></span> <span class='ocrx_word' id='word_1_12' title='bbox 374 147 466 184; x_wconf 88' lang='lat' dir='ltr'>facile</span> <span class='ocrx_word' id='word_1_13' title='bbox 477 147 540 184; x_wconf 89' lang='lat' dir='ltr'>fuit</span> <span class='ocrx_word' id='word_1_14' title='bbox 553 144 738 183; x_wconf 63' lang='lat' dir='ltr'>alardochaeo</span> <span class='ocrx_word' id='word_1_15' title='bbox 754 144 825 193; x_wconf 89' lang='lat' dir='ltr'>post</span> <span class='ocrx_word' id='word_1_16' title='bbox 841 143 930 179; x_wconf 88' lang='lat' dir='ltr'>suum</span> 
     </span>
     <span class='ocr_line' id='line_1_6' title="bbox 180 193 930 245; baseline -0.015 -9"><span class='ocrx_word' id='word_1_17' title='bbox 180 213 254 236; x_wconf 85' lang='lat' dir='ltr'>cum</span> <span class='ocrx_word' id='word_1_18' title='bbox 277 197 452 235; x_wconf 78' lang='lat' dir='ltr'>Zorobabele</span> <span class='ocrx_word' id='word_1_19' title='bbox 469 200 506 233; x_wconf 88' lang='lat' dir='ltr'>in</span> <span class='ocrx_word' id='word_1_20' title='bbox 522 197 665 245; x_wconf 77' lang='lat' dir='ltr'>judaeam</span> <span class='ocrx_word' id='word_1_21' title='bbox 683 195 819 230; x_wconf 86' lang='lat' dir='ltr'>reditum</span> <span class='ocrx_word' id='word_1_22' title='bbox 837 193 930 239; x_wconf 81' lang='lat' dir='ltr'>Affy-</span> 
     </span>
    </p>
   </div>
   <div class='ocr_carea' id='block_1_4' title="bbox 180 251 931 346">
    <p class='ocr_par' dir='ltr' id='par_1_4' title="bbox 180 251 931 346">
     <span class='ocr_line' id='line_1_7' title="bbox 180 251 921 298; baseline -0.015 -12"><span class='ocrx_word' id='word_1_23' title='bbox 180 251 259 286; x_wconf 83' lang='lat' dir='ltr'>riam</span> <span class='ocrx_word' id='word_1_24' title='bbox 270 260 422 298; x_wconf 87' lang='lat' dir='ltr'>repetere.</span> <span class='ocrx_word' id='word_1_25' title='bbox 855 290 859 296; x_wconf 38' lang='lat'><strong>.</strong></span> <span class='ocrx_word' id='word_1_26' title='bbox 916 290 921 295; x_wconf 31' lang='lat'><strong><em>‘</em></strong></span> 
     </span>
     <span class='ocr_line' id='line_1_8' title="bbox 225 290 931 346; baseline -0.013 -12"><span class='ocrx_word' id='word_1_27' title='bbox 225 300 369 346; x_wconf 80' lang='lat' dir='ltr'>Septima</span> <span class='ocrx_word' id='word_1_28' title='bbox 387 296 546 333; x_wconf 88' lang='lat' dir='ltr'>sententia</span> <span class='ocrx_word' id='word_1_29' title='bbox 555 294 594 329; x_wconf 90' lang='lat' dir='ltr'>de</span> <span class='ocrx_word' id='word_1_30' title='bbox 612 295 711 327; x_wconf 83' lang='lat' dir='ltr'><em>Xerxe</em></span> <span class='ocrx_word' id='word_1_31' title='bbox 721 291 765 327; x_wconf 89' lang='lat' dir='ltr'>est</span> <span class='ocrx_word' id='word_1_32' title='bbox 782 290 931 341; x_wconf 74' lang='lat' dir='ltr'>Scaltgrrt,</span> 
     </span>
    </p>
   </div>
   <div class='ocr_carea' id='block_1_5' title="bbox 159 341 956 3202">
    <p class='ocr_par' dir='ltr' id='par_1_5' title="bbox 170 341 956 1335">
     <span class='ocr_line' id='line_1_9' title="bbox 178 341 930 397; baseline -0.012 -13"><span class='ocrx_word' id='word_1_33' title='bbox 178 361 278 397; x_wconf 84' lang='lat' dir='ltr'>quem</span> <span class='ocrx_word' id='word_1_34' title='bbox 298 346 497 384; x_wconf 74' lang='lat' dir='ltr'>dilectiffimi</span> <span class='ocrx_word' id='word_1_35' title='bbox 512 343 609 378; x_wconf 86' lang='lat' dir='ltr'>nobis</span> <span class='ocrx_word' id='word_1_36' title='bbox 626 343 773 377; x_wconf 69' lang='grc' dir='ltr'>αιιᾶοῑςς</span> <span class='ocrx_word' id='word_1_37' title='bbox 789 341 930 390; x_wconf 89' lang='lat' dir='ltr'>sequun-</span> 
     </span>
     <span class='ocr_line' id='line_1_10' title="bbox 178 392 929 440; baseline -0.015 -6"><span class='ocrx_word' id='word_1_38' title='bbox 178 410 244 440; x_wconf 89' lang='lat' dir='ltr'>tur,</span> <span class='ocrx_word' id='word_1_39' title='bbox 255 397 354 433; x_wconf 79' lang='lat' dir='ltr'>Iunius</span> <span class='ocrx_word' id='word_1_40' title='bbox 361 421 372 438; x_wconf 92' lang='lat'>,</span> <span class='ocrx_word' id='word_1_41' title='bbox 389 393 530 435; x_wconf 74' lang='lat' dir='ltr'>Calvisius</span> <span class='ocrx_word' id='word_1_42' title='bbox 541 416 552 433; x_wconf 89' lang='lat'><strong>,</strong></span> <span class='ocrx_word' id='word_1_43' title='bbox 564 392 718 426; x_wconf 75' lang='lat' dir='ltr'>Deodatus</span> <span class='ocrx_word' id='word_1_44' title='bbox 728 417 736 433; x_wconf 89' lang='lat'><em>,</em></span> <span class='ocrx_word' id='word_1_45' title='bbox 754 394 911 427; x_wconf 80' lang='lat' dir='ltr'>Annotato</span> <span class='ocrx_word' id='word_1_46' title='bbox 926 414 929 415; x_wconf 25' lang='grc' dir='ltr'><em>ν</em></span> 
     </span>
     <span class='ocr_line' id='line_1_11' title="bbox 175 441 930 499; baseline -0.012 -16"><span class='ocrx_word' id='word_1_47' title='bbox 175 462 220 483; x_wconf 76' lang='lat' dir='ltr'>res</span> <span class='ocrx_word' id='word_1_48' title='bbox 237 444 398 499; x_wconf 75' lang='lat' dir='ltr'>Anglicani</span> <span class='ocrx_word' id='word_1_49' title='bbox 418 442 550 490; x_wconf 63' lang='lat' dir='ltr'>utrique</span> <span class='ocrx_word' id='word_1_50' title='bbox 567 441 734 481; x_wconf 86' lang='lat' dir='ltr'>editione,</span> <span class='ocrx_word' id='word_1_51' title='bbox 758 445 930 479; x_wconf 80' lang='lat' dir='ltr'>Hovvaeus,</span> 
     </span>
     <span class='ocr_line' id='line_1_12' title="bbox 175 490 930 537; baseline -0.012 -5"><span class='ocrx_word' id='word_1_52' title='bbox 175 501 208 532; x_wconf 92' lang='lat'>&amp;</span> <span class='ocrx_word' id='word_1_53' title='bbox 220 497 282 531; x_wconf 83' lang='lat' dir='ltr'>alii.</span> <span class='ocrx_word' id='word_1_54' title='bbox 311 493 364 530; x_wconf 81' lang='lat' dir='ltr'>Ab</span> <span class='ocrx_word' id='word_1_55' title='bbox 381 493 417 529; x_wconf 64' lang='lat' dir='ltr'>css</span> <span class='ocrx_word' id='word_1_56' title='bbox 435 503 546 528; x_wconf 75' lang='lat' dir='ltr'>tamen</span> <span class='ocrx_word' id='word_1_57' title='bbox 563 504 624 526; x_wconf 89' lang='lat' dir='ltr'>nos</span> <span class='ocrx_word' id='word_1_58' title='bbox 643 490 854 537; x_wconf 84' lang='lat' dir='ltr'>depellimur,</span> <span class='ocrx_word' id='word_1_59' title='bbox 880 492 930 524; x_wconf 83' lang='lat' dir='ltr'>in-</span> 
     </span>
     <span class='ocr_line' id='line_1_13' title="bbox 174 539 927 595; baseline -0.012 -13"><span class='ocrx_word' id='word_1_60' title='bbox 174 546 289 595; x_wconf 84' lang='lat' dir='ltr'><strong>primis</strong></span> <span class='ocrx_word' id='word_1_61' title='bbox 309 543 408 579; x_wconf 64' lang='lat' dir='ltr'>nimia&#39;i</span> <span class='ocrx_word' id='word_1_62' title='bbox 425 541 561 594; x_wconf 68' lang='lat' dir='ltr'>Scaligeri</span> <span class='ocrx_word' id='word_1_63' title='bbox 577 539 772 575; x_wconf 69' lang='lat' dir='ltr'>confidentifi</span> <span class='ocrx_word' id='word_1_64' title='bbox 784 565 794 580; x_wconf 88' lang='lat'>,</span> <span class='ocrx_word' id='word_1_65' title='bbox 814 542 846 574; x_wconf 90' lang='lat' dir='ltr'>in</span> <span class='ocrx_word' id='word_1_66' title='bbox 858 551 927 574; x_wconf 84' lang='lat' dir='ltr'>ma-</span> 
     </span>
     <span class='ocr_line' id='line_1_14' title="bbox 175 589 929 644; baseline -0.011 -14"><span class='ocrx_word' id='word_1_67' title='bbox 175 593 240 644; x_wconf 71' lang='lat' dir='ltr'>gnii</span> <span class='ocrx_word' id='word_1_68' title='bbox 254 594 383 629; x_wconf 88' lang='lat' dir='ltr'>suorum</span> <span class='ocrx_word' id='word_1_69' title='bbox 396 600 664 641; x_wconf 80' lang='lat' dir='ltr'>argumentorum</span> <span class='ocrx_word' id='word_1_70' title='bbox 678 614 686 629; x_wconf 88' lang='lat'>‚</span> <span class='ocrx_word' id='word_1_71' title='bbox 699 600 735 623; x_wconf 89' lang='lat' dir='ltr'>ut</span> <span class='ocrx_word' id='word_1_72' title='bbox 747 589 842 624; x_wconf 86' lang='lat' dir='ltr'>nobis</span> <span class='ocrx_word' id='word_1_73' title='bbox 852 590 929 637; x_wconf 89' lang='lat' dir='ltr'>qui-</span> 
     </span>
     <span class='ocr_line' id='line_1_15' title="bbox 175 635 956 680; baseline -0.013 0"><span class='ocrx_word' id='word_1_74' title='bbox 175 646 249 680; x_wconf 87' lang='lat' dir='ltr'>dem</span> <span class='ocrx_word' id='word_1_75' title='bbox 266 644 393 679; x_wconf 86' lang='lat' dir='ltr'>videtur</span> <span class='ocrx_word' id='word_1_76' title='bbox 405 666 414 679; x_wconf 89' lang='lat'>‚</span> <span class='ocrx_word' id='word_1_77' title='bbox 431 640 631 676; x_wconf 85' lang='lat' dir='ltr'>infirmitate.</span> <span class='ocrx_word' id='word_1_78' title='bbox 659 641 789 674; x_wconf 86' lang='lat' dir='ltr'>Omnes</span> <span class='ocrx_word' id='word_1_79' title='bbox 809 635 929 672; x_wconf 66' lang='lat' dir='ltr'>hicitse</span> <span class='ocrx_word' id='word_1_80' title='bbox 954 649 956 662; x_wconf 63' lang='lat'><em>÷</em></span> 
     </span>
     <span class='ocr_line' id='line_1_16' title="bbox 176 686 930 739; baseline -0.013 -9"><span class='ocrx_word' id='word_1_81' title='bbox 176 692 394 729; x_wconf 77' lang='lat' dir='ltr'>dissentientes</span> <span class='ocrx_word' id='word_1_82' title='bbox 415 690 609 739; x_wconf 83' lang='lat' dir='ltr'>pronunciat</span> <span class='ocrx_word' id='word_1_83' title='bbox 628 687 844 722; x_wconf 86' lang='lat' dir='ltr'>illchomines</span> <span class='ocrx_word' id='word_1_84' title='bbox 854 686 930 721; x_wconf 85' lang='lat' dir='ltr'>nul-</span> 
     </span>
     <span class='ocr_line' id='line_1_17' title="bbox 176 736 930 792; baseline -0.012 -13"><span class='ocrx_word' id='word_1_85' title='bbox 176 745 242 779; x_wconf 87' lang='lat' dir='ltr'>lius</span> <span class='ocrx_word' id='word_1_86' title='bbox 251 744 374 792; x_wconf 87' lang='lat' dir='ltr'>ingenii</span> <span class='ocrx_word' id='word_1_87' title='bbox 385 764 395 778; x_wconf 85' lang='lat'>,</span> <span class='ocrx_word' id='word_1_88' title='bbox 411 741 587 788; x_wconf 79' lang='lat' dir='ltr'>malignoS,</span> <span class='ocrx_word' id='word_1_89' title='bbox 598 736 729 772; x_wconf 77' lang='lat' dir='ltr'>bardos,</span> <span class='ocrx_word' id='word_1_90' title='bbox 745 736 863 777; x_wconf 87' lang='lat' dir='ltr'>asinos,</span> <span class='ocrx_word' id='word_1_91' title='bbox 876 749 930 770; x_wconf 92' lang='lat' dir='ltr'>ce-</span> 
     </span>
     <span class='ocr_line' id='line_1_18' title="bbox 177 786 931 839; baseline -0.015 -10"><span class='ocrx_word' id='word_1_92' title='bbox 177 794 278 833; x_wconf 84' lang='lat' dir='ltr'>ritos;</span> <span class='ocrx_word' id='word_1_93' title='bbox 290 790 375 828; x_wconf 77' lang='lat' dir='ltr'>certe</span> <span class='ocrx_word' id='word_1_94' title='bbox 389 791 442 839; x_wconf 89' lang='lat' dir='ltr'>qui</span> <span class='ocrx_word' id='word_1_95' title='bbox 455 787 635 837; x_wconf 86' lang='lat' dir='ltr'>persuadere</span> <span class='ocrx_word' id='word_1_96' title='bbox 645 786 726 822; x_wconf 84' lang='lat' dir='ltr'>vult,</span> <span class='ocrx_word' id='word_1_97' title='bbox 737 786 831 822; x_wconf 87' lang='lat' dir='ltr'>debet</span> <span class='ocrx_word' id='word_1_98' title='bbox 842 786 931 820; x_wconf 89' lang='lat' dir='ltr'>mol-</span> 
     </span>
     <span class='ocr_line' id='line_1_19' title="bbox 173 833 932 886; baseline -0.017 -6"><span class='ocrx_word' id='word_1_99' title='bbox 173 844 218 880; x_wconf 84' lang='lat' dir='ltr'>lia</span> <span class='ocrx_word' id='word_1_100' title='bbox 230 842 325 880; x_wconf 83' lang='lat' dir='ltr'>verba</span> <span class='ocrx_word' id='word_1_101' title='bbox 336 853 410 877; x_wconf 89' lang='lat' dir='ltr'>cum</span> <span class='ocrx_word' id='word_1_102' title='bbox 421 834 799 886; x_wconf 70' lang='lat' dir='ltr'>argumentisdurissimis</span> <span class='ocrx_word' id='word_1_103' title='bbox 816 833 932 869; x_wconf 86' lang='lat' dir='ltr'>misce-</span> 
     </span>
     <span class='ocr_line' id='line_1_20' title="bbox 175 884 932 936; baseline -0.018 -7"><span class='ocrx_word' id='word_1_104' title='bbox 175 906 223 929; x_wconf 84' lang='lat' dir='ltr'>re.</span> <span class='ocrx_word' id='word_1_105' title='bbox 248 892 399 926; x_wconf 67' lang='lat' dir='ltr'>‘Pe-uvius</span> <span class='ocrx_word' id='word_1_106' title='bbox 417 896 607 936; x_wconf 83' lang='lat' dir='ltr'>argumenta</span> <span class='ocrx_word' id='word_1_107' title='bbox 622 884 758 936; x_wconf 75' lang='lat' dir='ltr'>Scaligeri</span> <span class='ocrx_word' id='word_1_108' title='bbox 776 896 843 918; x_wconf 87' lang='lat' dir='ltr'>non</span> <span class='ocrx_word' id='word_1_109' title='bbox 856 894 932 916; x_wconf 86' lang='lat' dir='ltr'>tan-</span> 
     </span>
     <span class='ocr_line' id='line_1_21' title="bbox 174 914 956 981; baseline -0.019 -3"><span class='ocrx_word' id='word_1_110' title='bbox 174 942 250 978; x_wconf 72' lang='lat' dir='ltr'>tum</span> <span class='ocrx_word' id='word_1_111' title='bbox 261 939 334 977; x_wconf 88' lang='lat' dir='ltr'>falsa</span> <span class='ocrx_word' id='word_1_112' title='bbox 346 963 356 981; x_wconf 88' lang='lat'><em>‚</em></span> <span class='ocrx_word' id='word_1_113' title='bbox 369 937 423 973; x_wconf 88' lang='lat' dir='ltr'>sed</span> <span class='ocrx_word' id='word_1_114' title='bbox 435 940 467 970; x_wconf 63' lang='grc' dir='ltr'>δέ</span> <span class='ocrx_word' id='word_1_115' title='bbox 481 934 578 970; x_wconf 75' lang='lat' dir='ltr'>foeda,</span> <span class='ocrx_word' id='word_1_116' title='bbox 590 931 734 972; x_wconf 86' lang='lat' dir='ltr'>absurda,</span> <span class='ocrx_word' id='word_1_117' title='bbox 745 933 880 977; x_wconf 87' lang='lat' dir='ltr'>stupida,</span> <span class='ocrx_word' id='word_1_118' title='bbox 894 934 928 964; x_wconf 90' lang='lat'>&amp;</span> <span class='ocrx_word' id='word_1_119' title='bbox 953 914 956 981; x_wconf 66' lang='lat' dir='ltr'>l</span> 
     </span>
     <span class='ocr_line' id='line_1_22' title="bbox 174 981 930 1028; baseline -0.021 0"><span class='ocrx_word' id='word_1_120' title='bbox 174 992 235 1028; x_wconf 85' lang='lat' dir='ltr'>sibi</span> <span class='ocrx_word' id='word_1_121' title='bbox 252 987 503 1026; x_wconf 61' lang='lat' dir='ltr'>contradiEtoria</span> <span class='ocrx_word' id='word_1_122' title='bbox 518 981 662 1018; x_wconf 83' lang='lat' dir='ltr'>affirmat.</span> <span class='ocrx_word' id='word_1_123' title='bbox 697 981 930 1016; x_wconf 85' lang='lat' dir='ltr'>Maledicentia</span> 
     </span>
     <span class='ocr_line' id='line_1_23' title="bbox 175 1026 929 1086; baseline -0.016 -13"><span class='ocrx_word' id='word_1_124' title='bbox 175 1041 246 1077; x_wconf 83' lang='lat' dir='ltr'>haec</span> <span class='ocrx_word' id='word_1_125' title='bbox 258 1040 302 1075; x_wconf 86' lang='lat' dir='ltr'>est</span> <span class='ocrx_word' id='word_1_126' title='bbox 318 1037 446 1086; x_wconf 76' lang='lat' dir='ltr'>jesuitis</span> <span class='ocrx_word' id='word_1_127' title='bbox 468 1032 630 1080; x_wconf 83' lang='lat' dir='ltr'>peculiaris</span> <span class='ocrx_word' id='word_1_128' title='bbox 645 1056 653 1069; x_wconf 88' lang='lat'><em>,</em></span> <span class='ocrx_word' id='word_1_129' title='bbox 675 1043 744 1078; x_wconf 86' lang='lat' dir='ltr'>quae</span> <span class='ocrx_word' id='word_1_130' title='bbox 755 1027 865 1063; x_wconf 78' lang='lat' dir='ltr'>minus</span> <span class='ocrx_word' id='word_1_131' title='bbox 877 1026 929 1062; x_wconf 78' lang='lat' dir='ltr'>bic</span> 
     </span>
     <span class='ocr_line' id='line_1_24' title="bbox 177 1076 927 1126; baseline -0.021 0"><span class='ocrx_word' id='word_1_132' title='bbox 177 1091 289 1126; x_wconf 79' lang='lat' dir='ltr'>decuit</span> <span class='ocrx_word' id='word_1_133' title='bbox 299 1084 472 1121; x_wconf 74' lang='lat' dir='ltr'>‘Pera-vium,</span> <span class='ocrx_word' id='word_1_134' title='bbox 482 1081 587 1115; x_wconf 89' lang='lat' dir='ltr'>ubine</span> <span class='ocrx_word' id='word_1_135' title='bbox 597 1090 699 1114; x_wconf 89' lang='lat' dir='ltr'>unum</span> <span class='ocrx_word' id='word_1_136' title='bbox 710 1089 823 1113; x_wconf 82' lang='lat' dir='ltr'>contra</span> <span class='ocrx_word' id='word_1_137' title='bbox 835 1076 927 1112; x_wconf 70' lang='lat' dir='ltr'>Scali-</span> 
     </span>
     <span class='ocr_line' id='line_1_25' title="bbox 170 1125 928 1188; baseline -0.02 -14"><span class='ocrx_word' id='word_1_138' title='bbox 170 1151 274 1188; x_wconf 79' lang='lat' dir='ltr'>gerum</span> <span class='ocrx_word' id='word_1_139' title='bbox 284 1141 508 1183; x_wconf 83' lang='lat' dir='ltr'>argumentum</span> <span class='ocrx_word' id='word_1_140' title='bbox 520 1126 644 1176; x_wconf 83' lang='lat' dir='ltr'>profert</span> <span class='ocrx_word' id='word_1_141' title='bbox 655 1153 665 1170; x_wconf 88' lang='lat'><strong>,</strong></span> <span class='ocrx_word' id='word_1_142' title='bbox 686 1126 776 1176; x_wconf 85' lang='lat' dir='ltr'>quod</span> <span class='ocrx_word' id='word_1_143' title='bbox 786 1125 803 1161; x_wconf 77' lang='grc' dir='ltr'>ὲ</span> <span class='ocrx_word' id='word_1_144' title='bbox 813 1126 928 1174; x_wconf 71' lang='lat' dir='ltr'>capello</span> 
     </span>
     <span class='ocr_line' id='line_1_26' title="bbox 173 1175 927 1224; baseline -0.015 -2"><span class='ocrx_word' id='word_1_145' title='bbox 173 1199 245 1224; x_wconf 90' lang='lat' dir='ltr'>non</span> <span class='ocrx_word' id='word_1_146' title='bbox 253 1184 298 1220; x_wconf 87' lang='lat' dir='ltr'>est</span> <span class='ocrx_word' id='word_1_147' title='bbox 308 1191 487 1220; x_wconf 85' lang='lat' dir='ltr'>mutuatus,</span> <span class='ocrx_word' id='word_1_148' title='bbox 501 1179 575 1213; x_wconf 91' lang='lat' dir='ltr'>licet</span> <span class='ocrx_word' id='word_1_149' title='bbox 585 1178 616 1212; x_wconf 92' lang='lat' dir='ltr'>id</span> <span class='ocrx_word' id='word_1_150' title='bbox 627 1175 769 1212; x_wconf 72' lang='lat' dir='ltr'>omnino</span> <span class='ocrx_word' id='word_1_151' title='bbox 781 1175 927 1211; x_wconf 82' lang='lat' dir='ltr'>dissimu—</span> 
     </span>
     <span class='ocr_line' id='line_1_27' title="bbox 172 1226 924 1279; baseline -0.015 -7"><span class='ocrx_word' id='word_1_152' title='bbox 172 1237 228 1272; x_wconf 86' lang='lat' dir='ltr'>let.</span> <span class='ocrx_word' id='word_1_153' title='bbox 252 1234 444 1279; x_wconf 86' lang='lat' dir='ltr'>Utcunque,</span> <span class='ocrx_word' id='word_1_154' title='bbox 454 1226 591 1279; x_wconf 67' lang='lat' dir='ltr'>Scaligeri</span> <span class='ocrx_word' id='word_1_155' title='bbox 599 1237 791 1277; x_wconf 83' lang='lat' dir='ltr'>argumenta</span> <span class='ocrx_word' id='word_1_156' title='bbox 800 1238 924 1276; x_wconf 85' lang='lat' dir='ltr'>nequa-</span> 
     </span>
     <span class='ocr_line' id='line_1_28' title="bbox 172 1278 612 1335; baseline -0.018 -15"><span class='ocrx_word' id='word_1_157' title='bbox 172 1296 271 1335; x_wconf 83' lang='lat' dir='ltr'>quam</span> <span class='ocrx_word' id='word_1_158' title='bbox 286 1281 436 1318; x_wconf 90' lang='lat' dir='ltr'>videntur</span> <span class='ocrx_word' id='word_1_159' title='bbox 446 1278 612 1327; x_wconf 81' lang='lat' dir='ltr'>stringere.</span> 
     </span>
    </p>

    <p class='ocr_par' dir='ltr' id='par_1_6' title="bbox 159 1327 950 2746">
     <span class='ocr_line' id='line_1_29' title="bbox 218 1327 926 1369; baseline -0.008 0"><span class='ocrx_word' id='word_1_160' title='bbox 218 1334 367 1369; x_wconf 82' lang='lat' dir='ltr'>Primum</span> <span class='ocrx_word' id='word_1_161' title='bbox 381 1328 446 1364; x_wconf 88' lang='lat' dir='ltr'>hoc</span> <span class='ocrx_word' id='word_1_162' title='bbox 456 1328 511 1364; x_wconf 87' lang='lat' dir='ltr'>est.</span> <span class='ocrx_word' id='word_1_163' title='bbox 530 1330 641 1362; x_wconf 77' lang='lat' dir='ltr'><em>Xerxes</em></span> <span class='ocrx_word' id='word_1_164' title='bbox 652 1340 773 1363; x_wconf 88' lang='lat' dir='ltr'>nornen</span> <span class='ocrx_word' id='word_1_165' title='bbox 783 1327 867 1363; x_wconf 85' lang='lat' dir='ltr'>idem</span> <span class='ocrx_word' id='word_1_166' title='bbox 880 1327 926 1364; x_wconf 86' lang='lat' dir='ltr'>est</span> 
     </span>
     <span class='ocr_line' id='line_1_30' title="bbox 170 1375 926 1428; baseline -0.012 -8"><span class='ocrx_word' id='word_1_167' title='bbox 170 1382 248 1420; x_wconf 63' lang='lat' dir='ltr'>&#39;tum</span> <span class='ocrx_word' id='word_1_168' title='bbox 258 1383 393 1428; x_wconf 70' lang='lat' dir='ltr'>Afficero.</span> <span class='ocrx_word' id='word_1_169' title='bbox 419 1377 522 1426; x_wconf 85' lang='lat' dir='ltr'>Resp.</span> <span class='ocrx_word' id='word_1_170' title='bbox 548 1378 694 1424; x_wconf 87' lang='lat' dir='ltr'>Hujusce</span> <span class='ocrx_word' id='word_1_171' title='bbox 707 1375 794 1412; x_wconf 77' lang='lat' dir='ltr'>effati</span> <span class='ocrx_word' id='word_1_172' title='bbox 807 1377 926 1425; x_wconf 81' lang='lat' dir='ltr'>proba-</span> 
     </span>
     <span class='ocr_line' id='line_1_31' title="bbox 169 1425 925 1479; baseline -0.009 -11"><span class='ocrx_word' id='word_1_173' title='bbox 169 1434 220 1468; x_wconf 84' lang='lat' dir='ltr'>tio</span> <span class='ocrx_word' id='word_1_174' title='bbox 239 1431 356 1479; x_wconf 86' lang='lat' dir='ltr'>justam</span> <span class='ocrx_word' id='word_1_175' title='bbox 374 1427 563 1476; x_wconf 82' lang='lat' dir='ltr'>negationis</span> <span class='ocrx_word' id='word_1_176' title='bbox 588 1425 695 1463; x_wconf 85' lang='lat' dir='ltr'>ansam</span> <span class='ocrx_word' id='word_1_177' title='bbox 719 1426 925 1475; x_wconf 87' lang='lat' dir='ltr'>suppeditat,</span> 
     </span>
     <span class='ocr_line' id='line_1_32' title="bbox 170 1476 925 1528; baseline -0.008 -10"><span class='ocrx_word' id='word_1_178' title='bbox 170 1495 247 1519; x_wconf 85' lang='lat' dir='ltr'>nam</span> <span class='ocrx_word' id='word_1_179' title='bbox 263 1480 418 1528; x_wconf 77' lang='lat' dir='ltr'>supponit</span> <span class='ocrx_word' id='word_1_180' title='bbox 444 1476 572 1528; x_wconf 64' lang='lat' dir='ltr'>Scaliger</span> <span class='ocrx_word' id='word_1_181' title='bbox 584 1501 593 1514; x_wconf 89' lang='lat'>‚</span> <span class='ocrx_word' id='word_1_182' title='bbox 619 1480 766 1522; x_wconf 76' lang='lat' dir='ltr'>Oxyarem</span> <span class='ocrx_word' id='word_1_183' title='bbox 792 1478 925 1512; x_wconf 85' lang='lat' dir='ltr'>eandem</span> 
     </span>
     <span class='ocr_line' id='line_1_33' title="bbox 172 1526 926 1575; baseline -0.007 -8"><span class='ocrx_word' id='word_1_184' title='bbox 172 1529 233 1568; x_wconf 77' lang='lat' dir='ltr'>esse</span> <span class='ocrx_word' id='word_1_185' title='bbox 251 1541 366 1566; x_wconf 86' lang='lat' dir='ltr'>vocem</span> <span class='ocrx_word' id='word_1_186' title='bbox 389 1540 462 1563; x_wconf 90' lang='lat' dir='ltr'>cum</span> <span class='ocrx_word' id='word_1_187' title='bbox 482 1526 673 1575; x_wconf 74' lang='lat' dir='ltr'>eAhaficero:</span> <span class='ocrx_word' id='word_1_188' title='bbox 697 1527 808 1562; x_wconf 77' lang='lat' dir='ltr'>demus</span> <span class='ocrx_word' id='word_1_189' title='bbox 821 1529 854 1561; x_wconf 93' lang='lat' dir='ltr'>in</span> <span class='ocrx_word' id='word_1_190' title='bbox 868 1528 926 1562; x_wconf 60' lang='lat' dir='ltr'>de«</span> 
     </span>
     <span class='ocr_line' id='line_1_34' title="bbox 171 1574 925 1617; baseline -0.008 -1"><span class='ocrx_word' id='word_1_191' title='bbox 171 1580 327 1616; x_wconf 74' lang='lat' dir='ltr'>duffione</span> <span class='ocrx_word' id='word_1_192' title='bbox 343 1579 440 1613; x_wconf 87' lang='lat' dir='ltr'>unius</span> <span class='ocrx_word' id='word_1_193' title='bbox 462 1577 552 1613; x_wconf 89' lang='lat' dir='ltr'>vocis</span> <span class='ocrx_word' id='word_1_194' title='bbox 573 1576 614 1611; x_wconf 88' lang='lat' dir='ltr'>ab</span> <span class='ocrx_word' id='word_1_195' title='bbox 634 1574 713 1617; x_wconf 64' lang='lat' dir='ltr'>alifi,</span> <span class='ocrx_word' id='word_1_196' title='bbox 732 1576 873 1611; x_wconf 76' lang='lat' dir='ltr'>maxime</span> <span class='ocrx_word' id='word_1_197' title='bbox 891 1579 925 1611; x_wconf 89' lang='lat' dir='ltr'>in</span> 
     </span>
     <span class='ocr_line' id='line_1_35' title="bbox 170 1626 950 1684; baseline -0.006 -18"><span class='ocrx_word' id='word_1_198' title='bbox 170 1628 300 1666; x_wconf 79' lang='lat' dir='ltr'>diversis</span> <span class='ocrx_word' id='word_1_199' title='bbox 321 1628 440 1676; x_wconf 86' lang='lat' dir='ltr'>linguis</span> <span class='ocrx_word' id='word_1_200' title='bbox 455 1638 604 1675; x_wconf 87' lang='lat' dir='ltr'>magnam</span> <span class='ocrx_word' id='word_1_201' title='bbox 627 1627 660 1660; x_wconf 91' lang='lat' dir='ltr'>in</span> <span class='ocrx_word' id='word_1_202' title='bbox 682 1627 780 1661; x_wconf 83' lang='lat' dir='ltr'>literis</span> <span class='ocrx_word' id='word_1_203' title='bbox 797 1626 925 1661; x_wconf 83' lang='lat' dir='ltr'>admitti</span> <span class='ocrx_word' id='word_1_204' title='bbox 947 1628 950 1684; x_wconf 65' lang='grc' dir='ltr'><strong>ἱ</strong></span> 
     </span>
     <span class='ocr_line' id='line_1_36' title="bbox 169 1677 924 1728; baseline -0.004 -14"><span class='ocrx_word' id='word_1_205' title='bbox 169 1677 256 1728; x_wconf 72' lang='lat' dir='ltr'>posse</span> <span class='ocrx_word' id='word_1_206' title='bbox 277 1678 508 1714; x_wconf 82' lang='lat' dir='ltr'>variationem.</span> <span class='ocrx_word' id='word_1_207' title='bbox 536 1686 678 1710; x_wconf 82' lang='lat' dir='ltr'>attamen</span> <span class='ocrx_word' id='word_1_208' title='bbox 698 1678 862 1723; x_wconf 85' lang='lat' dir='ltr'>praecipuae</span> <span class='ocrx_word' id='word_1_209' title='bbox 878 1689 924 1711; x_wconf 88' lang='lat' dir='ltr'>ra-</span> 
     </span>
     <span class='ocr_line' id='line_1_37' title="bbox 168 1724 926 1772; baseline -0.003 -9"><span class='ocrx_word' id='word_1_210' title='bbox 168 1730 325 1764; x_wconf 86' lang='lat' dir='ltr'>dicalium</span> <span class='ocrx_word' id='word_1_211' title='bbox 339 1727 443 1761; x_wconf 85' lang='lat' dir='ltr'>solent</span> <span class='ocrx_word' id='word_1_212' title='bbox 456 1726 586 1761; x_wconf 88' lang='lat' dir='ltr'>retineri</span> <span class='ocrx_word' id='word_1_213' title='bbox 600 1751 608 1765; x_wconf 85' lang='lat'>‚</span> <span class='ocrx_word' id='word_1_214' title='bbox 619 1737 726 1772; x_wconf 83' lang='lat' dir='ltr'>neque</span> <span class='ocrx_word' id='word_1_215' title='bbox 738 1724 809 1759; x_wconf 83' lang='lat' dir='ltr'>addi</span> <span class='ocrx_word' id='word_1_216' title='bbox 822 1725 926 1761; x_wconf 84' lang='lat' dir='ltr'>solent</span> 
     </span>
     <span class='ocr_line' id='line_1_38' title="bbox 167 1770 925 1814; baseline -0.003 -1"><span class='ocrx_word' id='word_1_217' title='bbox 167 1790 263 1814; x_wconf 85' lang='lat' dir='ltr'>novae</span> <span class='ocrx_word' id='word_1_218' title='bbox 284 1775 431 1812; x_wconf 84' lang='lat' dir='ltr'>radicales</span> <span class='ocrx_word' id='word_1_219' title='bbox 452 1787 460 1812; x_wconf 72' lang='lat' dir='ltr'>x</span> <span class='ocrx_word' id='word_1_220' title='bbox 485 1774 599 1809; x_wconf 87' lang='lat' dir='ltr'>demus</span> <span class='ocrx_word' id='word_1_221' title='bbox 622 1770 739 1814; x_wconf 78' lang='lat' dir='ltr'>cheth,</span> <span class='ocrx_word' id='word_1_222' title='bbox 759 1771 842 1809; x_wconf 78' lang='lat' dir='ltr'>Shim</span> <span class='ocrx_word' id='word_1_223' title='bbox 857 1788 925 1811; x_wconf 87' lang='lat' dir='ltr'>non</span> 
     </span>
     <span class='ocr_line' id='line_1_39' title="bbox 166 1824 924 1873; baseline 0 -13"><span class='ocrx_word' id='word_1_224' title='bbox 166 1827 255 1861; x_wconf 84' lang='lat' dir='ltr'>male</span> <span class='ocrx_word' id='word_1_225' title='bbox 275 1826 392 1860; x_wconf 88' lang='lat' dir='ltr'>mutari</span> <span class='ocrx_word' id='word_1_226' title='bbox 405 1825 437 1858; x_wconf 90' lang='lat' dir='ltr'>in</span> <span class='ocrx_word' id='word_1_227' title='bbox 450 1824 600 1859; x_wconf 86' lang='lat' dir='ltr'>Graecum</span> <span class='ocrx_word' id='word_1_228' title='bbox 613 1825 674 1864; x_wconf 81' lang='lat' dir='ltr'>Zi,</span> <span class='ocrx_word' id='word_1_229' title='bbox 694 1825 784 1871; x_wconf 91' lang='lat' dir='ltr'>quod</span> <span class='ocrx_word' id='word_1_230' title='bbox 794 1824 924 1873; x_wconf 89' lang='lat' dir='ltr'>quidem</span> 
     </span>
     <span class='ocr_line' id='line_1_40' title="bbox 167 1870 925 1921; baseline -0.001 -10"><span class='ocrx_word' id='word_1_231' title='bbox 167 1874 240 1911; x_wconf 86' lang='lat' dir='ltr'>satis</span> <span class='ocrx_word' id='word_1_232' title='bbox 252 1874 296 1910; x_wconf 90' lang='lat' dir='ltr'>est</span> <span class='ocrx_word' id='word_1_233' title='bbox 307 1874 426 1909; x_wconf 89' lang='lat' dir='ltr'>durum</span> <span class='ocrx_word' id='word_1_234' title='bbox 439 1897 448 1912; x_wconf 88' lang='lat'>,</span> <span class='ocrx_word' id='word_1_235' title='bbox 467 1886 523 1908; x_wconf 90' lang='lat' dir='ltr'>cur</span> <span class='ocrx_word' id='word_1_236' title='bbox 542 1884 652 1908; x_wconf 86' lang='lat' dir='ltr'>tamen</span> <span class='ocrx_word' id='word_1_237' title='bbox 672 1870 775 1921; x_wconf 74' lang='lat' dir='ltr'>Aleph</span> <span class='ocrx_word' id='word_1_238' title='bbox 793 1874 925 1911; x_wconf 84' lang='lat' dir='ltr'>radicale</span> 
     </span>
     <span class='ocr_line' id='line_1_41' title="bbox 168 1922 924 1962; baseline 0.001 -3"><span class='ocrx_word' id='word_1_239' title='bbox 168 1925 266 1960; x_wconf 82' lang='lat' dir='ltr'>initio</span> <span class='ocrx_word' id='word_1_240' title='bbox 278 1949 286 1961; x_wconf 86' lang='lat'>,</span> <span class='ocrx_word' id='word_1_241' title='bbox 304 1934 447 1958; x_wconf 82' lang='lat' dir='ltr'>mutatur</span> <span class='ocrx_word' id='word_1_242' title='bbox 461 1925 494 1957; x_wconf 93' lang='lat' dir='ltr'>in</span> <span class='ocrx_word' id='word_1_243' title='bbox 507 1922 648 1958; x_wconf 85' lang='lat' dir='ltr'>Omicron</span> <span class='ocrx_word' id='word_1_244' title='bbox 662 1947 670 1962; x_wconf 90' lang='lat'><strong>‚</strong></span> <span class='ocrx_word' id='word_1_245' title='bbox 689 1926 722 1957; x_wconf 62' lang='grc' dir='ltr'>δέ</span> <span class='ocrx_word' id='word_1_246' title='bbox 732 1922 798 1957; x_wconf 82' lang='lat' dir='ltr'>Van</span> <span class='ocrx_word' id='word_1_247' title='bbox 808 1923 924 1960; x_wconf 86' lang='lat' dir='ltr'>radica-</span> 
     </span>
     <span class='ocr_line' id='line_1_42' title="bbox 166 1972 925 2010; baseline -0.001 0"><span class='ocrx_word' id='word_1_248' title='bbox 166 1975 243 2010; x_wconf 88' lang='lat' dir='ltr'>lein</span> <span class='ocrx_word' id='word_1_249' title='bbox 257 1972 322 2008; x_wconf 88' lang='lat' dir='ltr'>fine</span> <span class='ocrx_word' id='word_1_250' title='bbox 342 1982 483 2008; x_wconf 79' lang='lat' dir='ltr'>mutatur</span> <span class='ocrx_word' id='word_1_251' title='bbox 500 1973 534 2006; x_wconf 90' lang='lat' dir='ltr'>in</span> <span class='ocrx_word' id='word_1_252' title='bbox 556 1976 616 2006; x_wconf 80' lang='lat' dir='ltr'>Era</span> <span class='ocrx_word' id='word_1_253' title='bbox 634 1976 649 2006; x_wconf 86' lang='lat'><em>?</em></span> <span class='ocrx_word' id='word_1_254' title='bbox 675 1973 804 2007; x_wconf 84' lang='lat' dir='ltr'>Deinde</span> <span class='ocrx_word' id='word_1_255' title='bbox 816 1986 871 2008; x_wconf 90' lang='lat' dir='ltr'>cur</span> <span class='ocrx_word' id='word_1_256' title='bbox 891 1977 925 2009; x_wconf 91' lang='lat' dir='ltr'>in</span> 
     </span>
     <span class='ocr_line' id='line_1_43' title="bbox 166 2021 924 2066; baseline 0 -8"><span class='ocrx_word' id='word_1_257' title='bbox 166 2025 304 2061; x_wconf 88' lang='lat' dir='ltr'>nomine</span> <span class='ocrx_word' id='word_1_258' title='bbox 324 2024 438 2056; x_wconf 77' lang='lat' dir='ltr'>Xerxes</span> <span class='ocrx_word' id='word_1_259' title='bbox 454 2021 595 2056; x_wconf 75' lang='lat' dir='ltr'>omnino</span> <span class='ocrx_word' id='word_1_260' title='bbox 613 2021 760 2066; x_wconf 84' lang='lat' dir='ltr'>abjicitur</span> <span class='ocrx_word' id='word_1_261' title='bbox 779 2023 924 2058; x_wconf 82' lang='lat' dir='ltr'>radicalis</span> 
     </span>
     <span class='ocr_line' id='line_1_44' title="bbox 164 2069 925 2120; baseline 0.005 -15"><span class='ocrx_word' id='word_1_262' title='bbox 164 2069 271 2120; x_wconf 66' lang='lat' dir='ltr'>Ale-ph</span> <span class='ocrx_word' id='word_1_263' title='bbox 284 2097 292 2108; x_wconf 87' lang='lat'><em>,</em></span> <span class='ocrx_word' id='word_1_264' title='bbox 309 2075 340 2106; x_wconf 90' lang='lat'>&amp;</span> <span class='ocrx_word' id='word_1_265' title='bbox 361 2073 394 2106; x_wconf 90' lang='lat' dir='ltr'>in</span> <span class='ocrx_word' id='word_1_266' title='bbox 408 2069 472 2105; x_wconf 89' lang='lat' dir='ltr'>fine</span> <span class='ocrx_word' id='word_1_267' title='bbox 482 2070 609 2106; x_wconf 79' lang='lat' dir='ltr'>additur</span> <span class='ocrx_word' id='word_1_268' title='bbox 626 2084 711 2106; x_wconf 87' lang='lat' dir='ltr'>nova</span> <span class='ocrx_word' id='word_1_269' title='bbox 720 2072 866 2107; x_wconf 87' lang='lat' dir='ltr'>radicalis</span> <span class='ocrx_word' id='word_1_270' title='bbox 880 2077 925 2109; x_wconf 69' lang='lat' dir='ltr'>Zi</span> 
     </span>
     <span class='ocr_line' id='line_1_45' title="bbox 167 2119 921 2174; baseline -0.003 -15"><span class='ocrx_word' id='word_1_271' title='bbox 167 2121 364 2161; x_wconf 64' lang='lat' dir='ltr'>secundum</span> <span class='ocrx_word' id='word_1_272' title='bbox 383 2119 502 2154; x_wconf 78' lang='lat' dir='ltr'>&amp;veto</span> <span class='ocrx_word' id='word_1_273' title='bbox 516 2120 555 2160; x_wconf 80' lang='lat' dir='ltr'>si,</span> <span class='ocrx_word' id='word_1_274' title='bbox 573 2132 670 2167; x_wconf 89' lang='lat' dir='ltr'>prout</span> <span class='ocrx_word' id='word_1_275' title='bbox 688 2122 758 2155; x_wconf 88' lang='lat' dir='ltr'>vult</span> <span class='ocrx_word' id='word_1_276' title='bbox 775 2122 921 2174; x_wconf 76' lang='lat' dir='ltr'>Scaliger,</span> 
     </span>
     <span class='ocr_line' id='line_1_46' title="bbox 166 2169 922 2216; baseline -0.001 -9"><span class='ocrx_word' id='word_1_277' title='bbox 166 2173 272 2208; x_wconf 63' lang='lat' dir='ltr'>Xesses</span> <span class='ocrx_word' id='word_1_278' title='bbox 283 2183 352 2206; x_wconf 89' lang='lat' dir='ltr'>non</span> <span class='ocrx_word' id='word_1_279' title='bbox 372 2170 484 2203; x_wconf 75' lang='lat' dir='ltr'>Xerxes</span> <span class='ocrx_word' id='word_1_280' title='bbox 495 2170 669 2216; x_wconf 86' lang='lat' dir='ltr'>legendum</span> <span class='ocrx_word' id='word_1_281' title='bbox 689 2169 742 2209; x_wconf 80' lang='lat' dir='ltr'>fit,</span> <span class='ocrx_word' id='word_1_282' title='bbox 762 2182 831 2205; x_wconf 91' lang='lat' dir='ltr'>tum</span> <span class='ocrx_word' id='word_1_283' title='bbox 843 2174 922 2216; x_wconf 79' lang='lat' dir='ltr'>abji-</span> 
     </span>
     <span class='ocr_line' id='line_1_47' title="bbox 164 2219 904 2267; baseline 0 -11"><span class='ocrx_word' id='word_1_284' title='bbox 164 2232 291 2256; x_wconf 81' lang='lat' dir='ltr'>ceretur</span> <span class='ocrx_word' id='word_1_285' title='bbox 300 2221 400 2254; x_wconf 87' lang='lat' dir='ltr'>altera</span> <span class='ocrx_word' id='word_1_286' title='bbox 410 2219 551 2254; x_wconf 81' lang='lat' dir='ltr'>radicalis</span> <span class='ocrx_word' id='word_1_287' title='bbox 562 2221 623 2264; x_wconf 85' lang='lat' dir='ltr'>(R)</span> <span class='ocrx_word' id='word_1_288' title='bbox 634 2221 676 2253; x_wconf 86' lang='lat' dir='ltr'>ita</span> <span class='ocrx_word' id='word_1_289' title='bbox 688 2221 904 2267; x_wconf 81' lang='lat' dir='ltr'>utScaligeria</span> 
     </span>
     <span class='ocr_line' id='line_1_48' title="bbox 166 2267 947 2316; baseline 0 -11"><span class='ocrx_word' id='word_1_290' title='bbox 166 2282 209 2305; x_wconf 87' lang='lat' dir='ltr'>na</span> <span class='ocrx_word' id='word_1_291' title='bbox 220 2271 370 2304; x_wconf 68' lang='lat' dir='ltr'>deductio</span> <span class='ocrx_word' id='word_1_292' title='bbox 383 2269 471 2303; x_wconf 90' lang='lat' dir='ltr'>vocis</span> <span class='ocrx_word' id='word_1_293' title='bbox 483 2269 588 2302; x_wconf 67' lang='lat' dir='ltr'>Xefles</span> <span class='ocrx_word' id='word_1_294' title='bbox 606 2267 645 2303; x_wconf 91' lang='lat' dir='ltr'>ab</span> <span class='ocrx_word' id='word_1_295' title='bbox 658 2267 836 2316; x_wconf 73' lang='lat' dir='ltr'>Ahassueros</span> <span class='ocrx_word' id='word_1_296' title='bbox 846 2271 918 2305; x_wconf 75' lang='lat' dir='ltr'>vere</span> <span class='ocrx_word' id='word_1_297' title='bbox 945 2269 947 2280; x_wconf 77' lang='grc'><em>’</em></span> 
     </span>
     <span class='ocr_line' id='line_1_49' title="bbox 166 2317 921 2367; baseline 0.001 -14"><span class='ocrx_word' id='word_1_298' title='bbox 166 2317 336 2353; x_wconf 81' lang='lat' dir='ltr'>tortiffima</span> <span class='ocrx_word' id='word_1_299' title='bbox 360 2317 504 2352; x_wconf 86' lang='lat' dir='ltr'>videatur</span> <span class='ocrx_word' id='word_1_300' title='bbox 523 2342 532 2357; x_wconf 92' lang='lat'>‚</span> <span class='ocrx_word' id='word_1_301' title='bbox 569 2319 603 2350; x_wconf 75' lang='grc' dir='ltr'>δε</span> <span class='ocrx_word' id='word_1_302' title='bbox 622 2318 741 2352; x_wconf 73' lang='lat' dir='ltr'>merito</span> <span class='ocrx_word' id='word_1_303' title='bbox 763 2322 921 2367; x_wconf 83' lang='lat' dir='ltr'>neganda.</span> 
     </span>
     <span class='ocr_line' id='line_1_50' title="bbox 171 2365 947 2416; baseline 0.003 -16"><span class='ocrx_word' id='word_1_304' title='bbox 171 2366 263 2412; x_wconf 81' lang='lat' dir='ltr'>Qid</span> <span class='ocrx_word' id='word_1_305' title='bbox 274 2365 434 2413; x_wconf 84' lang='lat' dir='ltr'>quodipse</span> <span class='ocrx_word' id='word_1_306' title='bbox 454 2365 581 2416; x_wconf 71' lang='lat' dir='ltr'>Scaliger</span> <span class='ocrx_word' id='word_1_307' title='bbox 604 2366 763 2401; x_wconf 87' lang='lat' dir='ltr'>Persicum</span> <span class='ocrx_word' id='word_1_308' title='bbox 787 2367 921 2416; x_wconf 81' lang='lat' dir='ltr'>Abash-</span> <span class='ocrx_word' id='word_1_309' title='bbox 944 2380 947 2396; x_wconf 57' lang='lat' dir='ltr'>l</span> 
     </span>
     <span class='ocr_line' id='line_1_51' title="bbox 159 2412 922 2464; baseline 0.001 -15"><span class='ocrx_word' id='word_1_310' title='bbox 159 2413 261 2464; x_wconf 68' lang='lat' dir='ltr'>[besta</span> <span class='ocrx_word' id='word_1_311' title='bbox 273 2439 283 2455; x_wconf 94' lang='lat'>,</span> <span class='ocrx_word' id='word_1_312' title='bbox 303 2412 388 2453; x_wconf 84' lang='lat' dir='ltr'>unde</span> <span class='ocrx_word' id='word_1_313' title='bbox 405 2415 475 2448; x_wconf 93' lang='lat' dir='ltr'>vult</span> <span class='ocrx_word' id='word_1_314' title='bbox 486 2416 611 2448; x_wconf 79' lang='lat' dir='ltr'>Xerxem</span> <span class='ocrx_word' id='word_1_315' title='bbox 621 2415 754 2450; x_wconf 83' lang='lat' dir='ltr'>derivari</span> <span class='ocrx_word' id='word_1_316' title='bbox 765 2415 782 2451; x_wconf 67' lang='lat' dir='ltr'>a</span> <span class='ocrx_word' id='word_1_317' title='bbox 796 2418 922 2453; x_wconf 83' lang='lat' dir='ltr'>diverfis</span> 
     </span>
     <span class='ocr_line' id='line_1_52' title="bbox 166 2460 947 2514; baseline 0.006 -17"><span class='ocrx_word' id='word_1_318' title='bbox 166 2461 310 2500; x_wconf 65' lang='lat' dir='ltr'>omnino</span> <span class='ocrx_word' id='word_1_319' title='bbox 331 2460 528 2509; x_wconf 68' lang='lat' dir='ltr'>simplicibus</span> <span class='ocrx_word' id='word_1_320' title='bbox 547 2460 668 2497; x_wconf 82' lang='lat' dir='ltr'>adferat</span> <span class='ocrx_word' id='word_1_321' title='bbox 681 2477 779 2511; x_wconf 88' lang='lat' dir='ltr'>quam</span> <span class='ocrx_word' id='word_1_322' title='bbox 802 2479 873 2514; x_wconf 82' lang='lat' dir='ltr'>quae</span> <span class='ocrx_word' id='word_1_323' title='bbox 887 2469 921 2502; x_wconf 90' lang='lat' dir='ltr'>in</span> <span class='ocrx_word' id='word_1_324' title='bbox 945 2469 947 2506; x_wconf 66' lang='grc' dir='ltr'><strong><em>ζ</em></strong></span> 
     </span>
     <span class='ocr_line' id='line_1_53' title="bbox 167 2511 923 2562; baseline 0.007 -18"><span class='ocrx_word' id='word_1_325' title='bbox 167 2511 364 2561; x_wconf 52' lang='grc' dir='ltr'>ρΛῆςβιιενοι</span> <span class='ocrx_word' id='word_1_326' title='bbox 383 2512 591 2546; x_wconf 86' lang='lat' dir='ltr'>inveniuntur</span> <span class='ocrx_word' id='word_1_327' title='bbox 610 2525 618 2550; x_wconf 88' lang='lat'>;</span> <span class='ocrx_word' id='word_1_328' title='bbox 643 2514 673 2546; x_wconf 92' lang='lat' dir='ltr'>in</span> <span class='ocrx_word' id='word_1_329' title='bbox 692 2523 834 2562; x_wconf 89' lang='lat' dir='ltr'>utroque</span> <span class='ocrx_word' id='word_1_330' title='bbox 851 2518 923 2562; x_wconf 91' lang='lat' dir='ltr'>qui-</span> 
     </span>
     <span class='ocr_line' id='line_1_54' title="bbox 167 2558 922 2609; baseline 0.001 -12"><span class='ocrx_word' id='word_1_331' title='bbox 167 2563 243 2598; x_wconf 88' lang='lat' dir='ltr'>dem</span> <span class='ocrx_word' id='word_1_332' title='bbox 253 2560 297 2597; x_wconf 89' lang='lat' dir='ltr'>est</span> <span class='ocrx_word' id='word_1_333' title='bbox 309 2573 432 2596; x_wconf 90' lang='lat' dir='ltr'>nomen</span> <span class='ocrx_word' id='word_1_334' title='bbox 445 2559 558 2609; x_wconf 76' lang='lat' dir='ltr'>Ahass,</span> <span class='ocrx_word' id='word_1_335' title='bbox 573 2558 667 2595; x_wconf 83' lang='lat' dir='ltr'>sedin</span> <span class='ocrx_word' id='word_1_336' title='bbox 679 2563 777 2596; x_wconf 88' lang='lat' dir='ltr'>altero</span> <span class='ocrx_word' id='word_1_337' title='bbox 789 2563 831 2598; x_wconf 86' lang='lat' dir='ltr'>est</span> <span class='ocrx_word' id='word_1_338' title='bbox 842 2576 922 2598; x_wconf 88' lang='lat' dir='ltr'>con-</span> 
     </span>
     <span class='ocr_line' id='line_1_55' title="bbox 165 2607 922 2658; baseline 0 -12"><span class='ocrx_word' id='word_1_339' title='bbox 165 2611 296 2658; x_wconf 68' lang='lat' dir='ltr'>junftio</span> <span class='ocrx_word' id='word_1_340' title='bbox 309 2614 417 2646; x_wconf 70' lang='lat' dir='ltr'>Van&amp;</span> <span class='ocrx_word' id='word_1_341' title='bbox 431 2623 555 2645; x_wconf 87' lang='lat' dir='ltr'>nomen</span> <span class='ocrx_word' id='word_1_342' title='bbox 568 2607 651 2657; x_wconf 76' lang='lat' dir='ltr'>Resh</span> <span class='ocrx_word' id='word_1_343' title='bbox 671 2610 750 2652; x_wconf 86' lang='lat' dir='ltr'>dux,</span> <span class='ocrx_word' id='word_1_344' title='bbox 761 2624 857 2658; x_wconf 81' lang='lat' dir='ltr'>caput</span> <span class='ocrx_word' id='word_1_345' title='bbox 867 2636 875 2649; x_wconf 90' lang='lat'><em>‚</em></span> <span class='ocrx_word' id='word_1_346' title='bbox 887 2617 922 2647; x_wconf 87' lang='lat'>&amp;</span> 
     </span>
     <span class='ocr_line' id='line_1_56' title="bbox 167 2656 922 2708; baseline 0 -11"><span class='ocrx_word' id='word_1_347' title='bbox 167 2664 203 2698; x_wconf 88' lang='lat' dir='ltr'>in</span> <span class='ocrx_word' id='word_1_348' title='bbox 213 2663 315 2695; x_wconf 87' lang='lat' dir='ltr'>altero</span> <span class='ocrx_word' id='word_1_349' title='bbox 326 2672 447 2694; x_wconf 87' lang='lat' dir='ltr'>nomen</span> <span class='ocrx_word' id='word_1_350' title='bbox 458 2656 570 2708; x_wconf 79' lang='lat' dir='ltr'>Shafla,</span> <span class='ocrx_word' id='word_1_351' title='bbox 582 2659 731 2698; x_wconf 79' lang='lat' dir='ltr'>bellator,</span> <span class='ocrx_word' id='word_1_352' title='bbox 741 2663 844 2698; x_wconf 84' lang='lat' dir='ltr'>miles,</span> <span class='ocrx_word' id='word_1_353' title='bbox 855 2661 922 2697; x_wconf 88' lang='lat' dir='ltr'>haec</span> 
     </span>
     <span class='ocr_line' id='line_1_57' title="bbox 168 2707 508 2746; baseline -0.009 0"><span class='ocrx_word' id='word_1_354' title='bbox 168 2713 283 2746; x_wconf 86' lang='lat' dir='ltr'>omnia</span> <span class='ocrx_word' id='word_1_355' title='bbox 292 2708 410 2743; x_wconf 85' lang='lat' dir='ltr'>diversa</span> <span class='ocrx_word' id='word_1_356' title='bbox 422 2707 508 2743; x_wconf 87' lang='lat' dir='ltr'>sunt.</span> 
     </span>
    </p>

    <p class='ocr_par' dir='ltr' id='par_1_7' title="bbox 172 2757 920 2991">
     <span class='ocr_line' id='line_1_58' title="bbox 221 2757 920 2807; baseline 0 -12"><span class='ocrx_word' id='word_1_357' title='bbox 221 2757 409 2795; x_wconf 86' lang='lat' dir='ltr'>Secundum</span> <span class='ocrx_word' id='word_1_358' title='bbox 427 2757 566 2805; x_wconf 75' lang='lat' dir='ltr'>Scaligeri</span> <span class='ocrx_word' id='word_1_359' title='bbox 580 2771 820 2807; x_wconf 82' lang='lat' dir='ltr'>argumentum.</span> <span class='ocrx_word' id='word_1_360' title='bbox 846 2768 920 2795; x_wconf 78' lang='lat' dir='ltr'>Xer-</span> 
     </span>
     <span class='ocr_line' id='line_1_59' title="bbox 172 2807 920 2844; baseline -0.001 0"><span class='ocrx_word' id='word_1_361' title='bbox 172 2810 306 2844; x_wconf 84' lang='lat' dir='ltr'>xisuxor</span> <span class='ocrx_word' id='word_1_362' title='bbox 317 2807 356 2842; x_wconf 80' lang='lat' dir='ltr'>ab</span> <span class='ocrx_word' id='word_1_363' title='bbox 367 2808 553 2842; x_wconf 56' lang='lat' dir='ltr'>auetoribus</span> <span class='ocrx_word' id='word_1_364' title='bbox 565 2808 720 2841; x_wconf 84' lang='lat' dir='ltr'>omnibus</span> <span class='ocrx_word' id='word_1_365' title='bbox 731 2811 851 2844; x_wconf 77' lang='lat' dir='ltr'>Graecis</span> <span class='ocrx_word' id='word_1_366' title='bbox 862 2822 920 2843; x_wconf 90' lang='lat' dir='ltr'>vo-</span> 
     </span>
     <span class='ocr_line' id='line_1_60' title="bbox 174 2856 920 2905; baseline 0.001 -14"><span class='ocrx_word' id='word_1_367' title='bbox 174 2868 259 2892; x_wconf 85' lang='lat' dir='ltr'>catur</span> <span class='ocrx_word' id='word_1_368' title='bbox 270 2857 453 2901; x_wconf 71' lang='lat' dir='ltr'>eAmeflres,</span> <span class='ocrx_word' id='word_1_369' title='bbox 479 2856 569 2905; x_wconf 61' lang='lat' dir='ltr'>aqud</span> <span class='ocrx_word' id='word_1_370' title='bbox 590 2857 609 2891; x_wconf 84' lang='lat' dir='ltr'>si</span> <span class='ocrx_word' id='word_1_371' title='bbox 629 2857 799 2900; x_wconf 74' lang='lat' dir='ltr'>abjiciatur</span> <span class='ocrx_word' id='word_1_372' title='bbox 816 2859 920 2903; x_wconf 85' lang='lat' dir='ltr'>prima</span> 
     </span>
     <span class='ocr_line' id='line_1_61' title="bbox 172 2904 920 2954; baseline 0.003 -14"><span class='ocrx_word' id='word_1_373' title='bbox 172 2917 243 2954; x_wconf 83' lang='lat' dir='ltr'>pars</span> <span class='ocrx_word' id='word_1_374' title='bbox 253 2906 494 2954; x_wconf 75' lang='lat' dir='ltr'>compositionis</span> <span class='ocrx_word' id='word_1_375' title='bbox 506 2916 570 2943; x_wconf 80' lang='lat' dir='ltr'>Am,</span> <span class='ocrx_word' id='word_1_376' title='bbox 582 2909 763 2942; x_wconf 79' lang='lat' dir='ltr'>remanebit</span> <span class='ocrx_word' id='word_1_377' title='bbox 774 2904 875 2954; x_wconf 77' lang='lat' dir='ltr'>Esther</span> <span class='ocrx_word' id='word_1_378' title='bbox 886 2908 920 2942; x_wconf 88' lang='lat' dir='ltr'>in</span> 
     </span>
     <span class='ocr_line' id='line_1_62' title="bbox 173 2955 608 2991; baseline 0.002 -2"><span class='ocrx_word' id='word_1_379' title='bbox 173 2955 328 2991; x_wconf 87' lang='lat' dir='ltr'>omnibus</span> <span class='ocrx_word' id='word_1_380' title='bbox 338 2955 395 2990; x_wconf 82' lang='lat' dir='ltr'>suis</span> <span class='ocrx_word' id='word_1_381' title='bbox 409 2956 608 2991; x_wconf 68' lang='lat' dir='ltr'>radicalibus</span> 
     </span>
    </p>

    <p class='ocr_par' dir='ltr' id='par_1_8' title="bbox 175 3004 925 3202">
     <span class='ocr_line' id='line_1_63' title="bbox 223 3004 921 3050; baseline 0.003 -13"><span class='ocrx_word' id='word_1_382' title='bbox 223 3004 322 3050; x_wconf 80' lang='lat' dir='ltr'>Resp.</span> <span class='ocrx_word' id='word_1_383' title='bbox 347 3005 456 3050; x_wconf 65' lang='lat' dir='ltr'>Qiim</span> <span class='ocrx_word' id='word_1_384' title='bbox 470 3005 635 3041; x_wconf 77' lang='lat' dir='ltr'>infirmum</span> <span class='ocrx_word' id='word_1_385' title='bbox 647 3004 664 3039; x_wconf 71' lang='grc' dir='ltr'>ὲ</span> <span class='ocrx_word' id='word_1_386' title='bbox 675 3005 865 3040; x_wconf 88' lang='lat' dir='ltr'>nominibus</span> <span class='ocrx_word' id='word_1_387' title='bbox 875 3018 921 3039; x_wconf 87' lang='lat' dir='ltr'>ar-</span> 
     </span>
     <span class='ocr_line' id='line_1_64' title="bbox 175 3054 925 3102; baseline 0.005 -17"><span class='ocrx_word' id='word_1_388' title='bbox 175 3064 370 3100; x_wconf 74' lang='lat' dir='ltr'>gumentum</span> <span class='ocrx_word' id='word_1_389' title='bbox 390 3054 443 3094; x_wconf 79' lang='lat' dir='ltr'>sir,</span> <span class='ocrx_word' id='word_1_390' title='bbox 465 3055 564 3089; x_wconf 89' lang='lat' dir='ltr'>ubiin</span> <span class='ocrx_word' id='word_1_391' title='bbox 582 3056 679 3090; x_wconf 79' lang='lat' dir='ltr'>rebus</span> <span class='ocrx_word' id='word_1_392' title='bbox 689 3056 730 3090; x_wconf 88' lang='lat' dir='ltr'>est</span> <span class='ocrx_word' id='word_1_393' title='bbox 741 3054 925 3102; x_wconf 82' lang='lat' dir='ltr'>discrepan-</span> 
     </span>
     <span class='ocr_line' id='line_1_65' title="bbox 175 3101 924 3156; baseline 0.008 -21"><span class='ocrx_word' id='word_1_394' title='bbox 175 3103 240 3141; x_wconf 80' lang='lat' dir='ltr'>tia,</span> <span class='ocrx_word' id='word_1_395' title='bbox 258 3102 291 3136; x_wconf 88' lang='lat' dir='ltr'>in</span> <span class='ocrx_word' id='word_1_396' title='bbox 311 3101 451 3147; x_wconf 82' lang='lat' dir='ltr'>hocipso</span> <span class='ocrx_word' id='word_1_397' title='bbox 464 3104 607 3148; x_wconf 61' lang='lat' dir='ltr'>subjecto</span> <span class='ocrx_word' id='word_1_398' title='bbox 619 3105 764 3153; x_wconf 80' lang='lat' dir='ltr'>agnoscit</span> <span class='ocrx_word' id='word_1_399' title='bbox 785 3105 924 3156; x_wconf 66' lang='lat' dir='ltr'>Scaliger·</span> 
     </span>
     <span class='ocr_line' id='line_1_66' title="bbox 175 3152 925 3202; baseline 0.004 -16"><span class='ocrx_word' id='word_1_400' title='bbox 175 3152 337 3187; x_wconf 68' lang='lat' dir='ltr'>Austores</span> <span class='ocrx_word' id='word_1_401' title='bbox 353 3153 409 3198; x_wconf 80' lang='lat' dir='ltr'>qui</span> <span class='ocrx_word' id='word_1_402' title='bbox 425 3155 578 3197; x_wconf 75' lang='lat' dir='ltr'>Afficerum</span> <span class='ocrx_word' id='word_1_403' title='bbox 590 3155 728 3202; x_wconf 75' lang='lat' dir='ltr'>probant</span> <span class='ocrx_word' id='word_1_404' title='bbox 738 3154 827 3191; x_wconf 78' lang='lat' dir='ltr'>fuisse</span> <span class='ocrx_word' id='word_1_405' title='bbox 840 3161 925 3192; x_wconf 77' lang='lat' dir='ltr'>eAr-</span> 
     </span>
    </p>
   </div>
   <div class='ocr_carea' id='block_1_6' title="bbox 947 835 957 3196">
    <p class='ocr_par' dir='ltr' id='par_1_9' title="bbox 947 835 957 3196">
     <span class='ocr_line' id='line_1_67' title="bbox 947 835 957 3196; baseline 0 0"><span class='ocrx_word' id='word_1_406' title='bbox 947 835 957 3196; x_wconf 95' lang='lat' dir='ltr'> </span> 
     </span>
    </p>
   </div>
   <div class='ocr_carea' id='block_1_7' title="bbox 947 2119 1519 2173">
    <p class='ocr_par' dir='ltr' id='par_1_10' title="bbox 947 2119 1519 2173">
     <span class='ocr_line' id='line_1_68' title="bbox 947 2119 1519 2173; baseline -0.007 -14"><span class='ocrx_word' id='word_1_407' title='bbox 947 2149 949 2162; x_wconf 55' lang='lat'>1</span> <span class='ocrx_word' id='word_1_408' title='bbox 961 2127 1032 2173; x_wconf 73' lang='lat' dir='ltr'>spis,</span> <span class='ocrx_word' id='word_1_409' title='bbox 1042 2137 1113 2172; x_wconf 87' lang='lat' dir='ltr'>quae</span> <span class='ocrx_word' id='word_1_410' title='bbox 1126 2122 1170 2157; x_wconf 80' lang='lat' dir='ltr'>est</span> <span class='ocrx_word' id='word_1_411' title='bbox 1184 2122 1314 2163; x_wconf 74' lang='lat' dir='ltr'>Funccii,</span> <span class='ocrx_word' id='word_1_412' title='bbox 1332 2119 1519 2172; x_wconf 73' lang='lat' dir='ltr'>Brughtonii,</span> 
     </span>
    </p>
   </div>
   <div class='ocr_carea' id='block_1_8' title="bbox 1266 73 1735 126">
    <p class='ocr_par' dir='ltr' id='par_1_11' title="bbox 1266 73 1735 126">
     <span class='ocr_line' id='line_1_69' title="bbox 1266 73 1735 126; baseline 0.002 -13"><span class='ocrx_word' id='word_1_413' title='bbox 1266 73 1388 116; x_wconf 76' lang='lat' dir='ltr'>LIB.</span> <span class='ocrx_word' id='word_1_414' title='bbox 1422 75 1451 116; x_wconf 91' lang='grc' dir='ltr'>Ῑ.</span> <span class='ocrx_word' id='word_1_415' title='bbox 1659 75 1735 126; x_wconf 74' lang='lat'>¹155</span> 
     </span>
    </p>
   </div>
   <div class='ocr_carea' id='block_1_9' title="bbox 971 145 1737 2220">
    <p class='ocr_par' dir='ltr' id='par_1_12' title="bbox 972 145 1737 1267">
     <span class='ocr_line' id='line_1_70' title="bbox 981 145 1737 198; baseline 0.012 -20"><span class='ocrx_word' id='word_1_416' title='bbox 981 154 1132 180; x_wconf 75' lang='lat' dir='ltr'>taxerxem</span> <span class='ocrx_word' id='word_1_417' title='bbox 1144 148 1357 188; x_wconf 83' lang='lat' dir='ltr'>Mnemonem,</span> <span class='ocrx_word' id='word_1_418' title='bbox 1373 147 1415 182; x_wconf 76' lang='grc' dir='ltr'>εὸ</span> <span class='ocrx_word' id='word_1_419' title='bbox 1433 145 1523 197; x_wconf 60' lang='lat' dir='ltr'>quod</span> <span class='ocrx_word' id='word_1_420' title='bbox 1542 149 1658 185; x_wconf 65' lang='lat' dir='ltr'>dilefia</span> <span class='ocrx_word' id='word_1_421' title='bbox 1668 155 1737 198; x_wconf 81' lang='lat' dir='ltr'>ejus</span> 
     </span>
     <span class='ocr_line' id='line_1_71' title="bbox 982 195 1734 243; baseline 0.012 -16"><span class='ocrx_word' id='word_1_422' title='bbox 982 207 1064 229; x_wconf 84' lang='lat' dir='ltr'>uxor</span> <span class='ocrx_word' id='word_1_423' title='bbox 1076 209 1196 230; x_wconf 88' lang='lat' dir='ltr'>nomen</span> <span class='ocrx_word' id='word_1_424' title='bbox 1210 195 1341 231; x_wconf 78' lang='lat' dir='ltr'>haberet</span> <span class='ocrx_word' id='word_1_425' title='bbox 1356 198 1495 233; x_wconf 77' lang='lat' dir='ltr'>Statiram</span> <span class='ocrx_word' id='word_1_426' title='bbox 1516 203 1530 243; x_wconf 96' lang='lat'>(</span> <span class='ocrx_word' id='word_1_427' title='bbox 1543 200 1596 234; x_wconf 88' lang='lat' dir='ltr'>ubi</span> <span class='ocrx_word' id='word_1_428' title='bbox 1616 200 1734 237; x_wconf 69' lang='lat' dir='ltr'>clarius</span> 
     </span>
     <span class='ocr_line' id='line_1_72' title="bbox 982 243 1733 294; baseline 0.012 -18"><span class='ocrx_word' id='word_1_429' title='bbox 982 243 1102 283; x_wconf 62' lang='lat' dir='ltr'>{filu-ra</span> <span class='ocrx_word' id='word_1_430' title='bbox 1116 245 1271 280; x_wconf 86' lang='lat' dir='ltr'>radicales</span> <span class='ocrx_word' id='word_1_431' title='bbox 1292 246 1446 293; x_wconf 81' lang='lat' dir='ltr'>leguntur</span> <span class='ocrx_word' id='word_1_432' title='bbox 1454 247 1551 294; x_wconf 68' lang='lat' dir='ltr'>quam</span> <span class='ocrx_word' id='word_1_433' title='bbox 1568 250 1600 283; x_wconf 88' lang='lat' dir='ltr'>in</span> <span class='ocrx_word' id='word_1_434' title='bbox 1614 254 1733 284; x_wconf 70' lang='lat' dir='ltr'>eAme-</span> 
     </span>
     <span class='ocr_line' id='line_1_73' title="bbox 976 292 1732 344; baseline 0.004 -19"><span class='ocrx_word' id='word_1_435' title='bbox 976 292 1061 334; x_wconf 72' lang='lat' dir='ltr'>sires)</span> <span class='ocrx_word' id='word_1_436' title='bbox 1078 297 1145 329; x_wconf 85' lang='lat' dir='ltr'>vult</span> <span class='ocrx_word' id='word_1_437' title='bbox 1156 294 1283 344; x_wconf 75' lang='lat' dir='ltr'>Scaliger</span> <span class='ocrx_word' id='word_1_438' title='bbox 1293 294 1465 334; x_wconf 76' lang='lat' dir='ltr'>ridiculos,</span> <span class='ocrx_word' id='word_1_439' title='bbox 1480 295 1519 329; x_wconf 75' lang='grc' dir='ltr'>οὸ</span> <span class='ocrx_word' id='word_1_440' title='bbox 1532 297 1621 344; x_wconf 76' lang='lat' dir='ltr'>quod</span> <span class='ocrx_word' id='word_1_441' title='bbox 1629 298 1732 334; x_wconf 86' lang='lat' dir='ltr'>histo-</span> 
     </span>
     <span class='ocr_line' id='line_1_74' title="bbox 978 342 1732 396; baseline 0.012 -22"><span class='ocrx_word' id='word_1_442' title='bbox 978 342 1023 374; x_wconf 85' lang='lat' dir='ltr'>ria</span> <span class='ocrx_word' id='word_1_443' title='bbox 1033 343 1193 390; x_wconf 77' lang='lat' dir='ltr'>discrepet.</span> <span class='ocrx_word' id='word_1_444' title='bbox 1218 345 1290 379; x_wconf 90' lang='lat' dir='ltr'>Nec</span> <span class='ocrx_word' id='word_1_445' title='bbox 1301 342 1408 379; x_wconf 72' lang='lat' dir='ltr'>minus</span> <span class='ocrx_word' id='word_1_446' title='bbox 1419 342 1494 378; x_wconf 72' lang='lat' dir='ltr'>salse</span> <span class='ocrx_word' id='word_1_447' title='bbox 1506 346 1586 379; x_wconf 87' lang='lat' dir='ltr'>ridet</span> <span class='ocrx_word' id='word_1_448' title='bbox 1598 362 1654 383; x_wconf 91' lang='lat' dir='ltr'>eos</span> <span class='ocrx_word' id='word_1_449' title='bbox 1671 350 1732 396; x_wconf 82' lang='lat' dir='ltr'>qui</span> 
     </span>
     <span class='ocr_line' id='line_1_75' title="bbox 978 390 1730 444; baseline 0.013 -20"><span class='ocrx_word' id='word_1_450' title='bbox 978 391 1106 425; x_wconf 82' lang='lat' dir='ltr'>Darium</span> <span class='ocrx_word' id='word_1_451' title='bbox 1119 390 1255 426; x_wconf 80' lang='lat' dir='ltr'>Nothum</span> <span class='ocrx_word' id='word_1_452' title='bbox 1266 391 1382 427; x_wconf 90' lang='lat' dir='ltr'>volunt</span> <span class='ocrx_word' id='word_1_453' title='bbox 1393 396 1574 438; x_wconf 57' lang='lat' dir='ltr'>exqffuerum,</span> <span class='ocrx_word' id='word_1_454' title='bbox 1588 395 1628 428; x_wconf 77' lang='lat' dir='ltr'>co</span> <span class='ocrx_word' id='word_1_455' title='bbox 1638 399 1730 444; x_wconf 76' lang='lat' dir='ltr'>quod</span> 
     </span>
     <span class='ocr_line' id='line_1_76' title="bbox 977 441 1733 489; baseline 0.004 -16"><span class='ocrx_word' id='word_1_456' title='bbox 977 442 1046 484; x_wconf 79' lang='lat' dir='ltr'>ejus</span> <span class='ocrx_word' id='word_1_457' title='bbox 1061 454 1144 489; x_wconf 87' lang='lat' dir='ltr'>uxor</span> <span class='ocrx_word' id='word_1_458' title='bbox 1165 445 1271 487; x_wconf 70' lang='lat' dir='ltr'>Atoffi</span> <span class='ocrx_word' id='word_1_459' title='bbox 1290 441 1327 476; x_wconf 80' lang='lat' dir='ltr'>sit</span> <span class='ocrx_word' id='word_1_460' title='bbox 1338 444 1443 481; x_wconf 65' lang='lat' dir='ltr'>dieta,</span> <span class='ocrx_word' id='word_1_461' title='bbox 1463 441 1553 488; x_wconf 90' lang='lat' dir='ltr'>quod</span> <span class='ocrx_word' id='word_1_462' title='bbox 1568 443 1654 478; x_wconf 89' lang='lat' dir='ltr'>idem</span> <span class='ocrx_word' id='word_1_463' title='bbox 1667 459 1733 480; x_wconf 84' lang='lat' dir='ltr'>no-</span> 
     </span>
     <span class='ocr_line' id='line_1_77' title="bbox 978 490 1732 538; baseline 0.007 -16"><span class='ocrx_word' id='word_1_464' title='bbox 978 502 1053 523; x_wconf 88' lang='lat' dir='ltr'>men</span> <span class='ocrx_word' id='word_1_465' title='bbox 1064 491 1108 525; x_wconf 85' lang='lat' dir='ltr'>est</span> <span class='ocrx_word' id='word_1_466' title='bbox 1118 504 1191 526; x_wconf 86' lang='lat' dir='ltr'>cum</span> <span class='ocrx_word' id='word_1_467' title='bbox 1203 490 1329 536; x_wconf 68' lang='lat' dir='ltr'>Hadaffi</span> <span class='ocrx_word' id='word_1_468' title='bbox 1341 516 1350 531; x_wconf 84' lang='lat'><strong>,</strong></span> <span class='ocrx_word' id='word_1_469' title='bbox 1364 504 1431 538; x_wconf 88' lang='lat' dir='ltr'>quo</span> <span class='ocrx_word' id='word_1_470' title='bbox 1442 503 1555 526; x_wconf 87' lang='lat' dir='ltr'>vocata</span> <span class='ocrx_word' id='word_1_471' title='bbox 1572 492 1618 526; x_wconf 87' lang='lat' dir='ltr'>est</span> <span class='ocrx_word' id='word_1_472' title='bbox 1630 492 1732 531; x_wconf 65' lang='lat' dir='ltr'>Esther</span> 
     </span>
     <span class='ocr_line' id='line_1_78' title="bbox 978 539 1733 591; baseline 0.009 -20"><span class='ocrx_word' id='word_1_473' title='bbox 978 541 1052 572; x_wconf 82' lang='lat' dir='ltr'>cum</span> <span class='ocrx_word' id='word_1_474' title='bbox 1071 539 1174 575; x_wconf 83' lang='lat' dir='ltr'>adhuc</span> <span class='ocrx_word' id='word_1_475' title='bbox 1192 542 1341 587; x_wconf 80' lang='lat' dir='ltr'>privatim</span> <span class='ocrx_word' id='word_1_476' title='bbox 1360 542 1485 576; x_wconf 86' lang='lat' dir='ltr'>viveret</span> <span class='ocrx_word' id='word_1_477' title='bbox 1509 554 1517 574; x_wconf 92' lang='lat'><strong>:</strong></span> <span class='ocrx_word' id='word_1_478' title='bbox 1538 543 1572 575; x_wconf 91' lang='lat' dir='ltr'>in</span> <span class='ocrx_word' id='word_1_479' title='bbox 1590 553 1733 591; x_wconf 85' lang='lat' dir='ltr'>utroque</span> 
     </span>
     <span class='ocr_line' id='line_1_79' title="bbox 978 589 1732 632; baseline 0.007 -11"><span class='ocrx_word' id='word_1_480' title='bbox 978 590 1113 624; x_wconf 89' lang='lat' dir='ltr'>nomine</span> <span class='ocrx_word' id='word_1_481' title='bbox 1127 589 1273 624; x_wconf 82' lang='lat' dir='ltr'>radicales</span> <span class='ocrx_word' id='word_1_482' title='bbox 1287 603 1402 625; x_wconf 86' lang='lat' dir='ltr'>omnes</span> <span class='ocrx_word' id='word_1_483' title='bbox 1413 590 1487 624; x_wconf 86' lang='lat' dir='ltr'>sunt</span> <span class='ocrx_word' id='word_1_484' title='bbox 1505 592 1624 626; x_wconf 85' lang='lat' dir='ltr'>eaedem</span> <span class='ocrx_word' id='word_1_485' title='bbox 1637 617 1647 632; x_wconf 90' lang='lat'>‚</span> <span class='ocrx_word' id='word_1_486' title='bbox 1673 591 1732 627; x_wconf 77' lang='lat' dir='ltr'>nisi</span> 
     </span>
     <span class='ocr_line' id='line_1_80' title="bbox 978 638 1730 685; baseline 0.009 -16"><span class='ocrx_word' id='word_1_487' title='bbox 978 638 1067 683; x_wconf 91' lang='lat' dir='ltr'>quod</span> <span class='ocrx_word' id='word_1_488' title='bbox 1086 641 1119 672; x_wconf 91' lang='lat' dir='ltr'><em>D</em></span> <span class='ocrx_word' id='word_1_489' title='bbox 1139 649 1280 674; x_wconf 88' lang='lat' dir='ltr'>mutetur</span> <span class='ocrx_word' id='word_1_490' title='bbox 1295 642 1327 674; x_wconf 88' lang='lat' dir='ltr'>in</span> <span class='ocrx_word' id='word_1_491' title='bbox 1349 642 1394 674; x_wconf 86' lang='lat' dir='ltr'>T:</span> <span class='ocrx_word' id='word_1_492' title='bbox 1423 639 1606 685; x_wconf 85' lang='lat' dir='ltr'>cujusmodi</span> <span class='ocrx_word' id='word_1_493' title='bbox 1618 652 1730 677; x_wconf 86' lang='lat' dir='ltr'>tamen</span> 
     </span>
     <span class='ocr_line' id='line_1_81' title="bbox 979 689 1732 738; baseline 0.007 -19"><span class='ocrx_word' id='word_1_494' title='bbox 979 689 1164 722; x_wconf 84' lang='lat' dir='ltr'>mutatioin</span> <span class='ocrx_word' id='word_1_495' title='bbox 1181 690 1333 724; x_wconf 85' lang='lat' dir='ltr'>omnium</span> <span class='ocrx_word' id='word_1_496' title='bbox 1355 689 1537 738; x_wconf 81' lang='lat' dir='ltr'>linguarum</span> <span class='ocrx_word' id='word_1_497' title='bbox 1554 690 1732 726; x_wconf 83' lang='lat' dir='ltr'>derivatio-</span> 
     </span>
     <span class='ocr_line' id='line_1_82' title="bbox 978 735 1730 787; baseline 0.008 -19"><span class='ocrx_word' id='word_1_498' title='bbox 978 735 1071 769; x_wconf 80' lang='lat' dir='ltr'>nibus</span> <span class='ocrx_word' id='word_1_499' title='bbox 1097 738 1244 784; x_wconf 81' lang='lat' dir='ltr'>legitima</span> <span class='ocrx_word' id='word_1_500' title='bbox 1269 742 1301 772; x_wconf 89' lang='lat'>&amp;</span> <span class='ocrx_word' id='word_1_501' title='bbox 1323 737 1579 787; x_wconf 70' lang='lat' dir='ltr'>frequentissima</span> <span class='ocrx_word' id='word_1_502' title='bbox 1602 738 1667 780; x_wconf 84' lang='lat' dir='ltr'>est,</span> <span class='ocrx_word' id='word_1_503' title='bbox 1693 750 1730 774; x_wconf 84' lang='lat' dir='ltr'>ut</span> 
     </span>
     <span class='ocr_line' id='line_1_83' title="bbox 976 784 1730 824; baseline 0.008 -6"><span class='ocrx_word' id='word_1_504' title='bbox 976 784 1094 820; x_wconf 85' lang='lat' dir='ltr'>scilicet</span> <span class='ocrx_word' id='word_1_505' title='bbox 1107 788 1196 822; x_wconf 87' lang='lat' dir='ltr'>litera</span> <span class='ocrx_word' id='word_1_506' title='bbox 1212 789 1306 822; x_wconf 87' lang='lat' dir='ltr'>unius</span> <span class='ocrx_word' id='word_1_507' title='bbox 1324 787 1525 824; x_wconf 85' lang='lat' dir='ltr'>instrumenti</span> <span class='ocrx_word' id='word_1_508' title='bbox 1537 800 1730 824; x_wconf 88' lang='lat' dir='ltr'>commute-</span> 
     </span>
     <span class='ocr_line' id='line_1_84' title="bbox 977 836 1730 883; baseline 0.008 -14"><span class='ocrx_word' id='word_1_509' title='bbox 977 837 1072 869; x_wconf 80' lang='lat' dir='ltr'>turin</span> <span class='ocrx_word' id='word_1_510' title='bbox 1087 837 1179 870; x_wconf 88' lang='lat' dir='ltr'>aliam</span> <span class='ocrx_word' id='word_1_511' title='bbox 1193 836 1337 881; x_wconf 85' lang='lat' dir='ltr'>ejusdem</span> <span class='ocrx_word' id='word_1_512' title='bbox 1351 837 1574 873; x_wconf 83' lang='lat' dir='ltr'>instrumenti:</span> <span class='ocrx_word' id='word_1_513' title='bbox 1591 842 1659 883; x_wconf 90' lang='lat' dir='ltr'>jam</span> <span class='ocrx_word' id='word_1_514' title='bbox 1672 852 1730 874; x_wconf 85' lang='lat' dir='ltr'>vc-</span> 
     </span>
     <span class='ocr_line' id='line_1_85' title="bbox 977 884 1729 932; baseline 0.009 -16"><span class='ocrx_word' id='word_1_515' title='bbox 977 884 1013 918; x_wconf 74' lang='grc' dir='ltr'>ιὸ</span> <span class='ocrx_word' id='word_1_516' title='bbox 1029 884 1098 916; x_wconf 83' lang='lat' dir='ltr'>T&amp;</span> <span class='ocrx_word' id='word_1_517' title='bbox 1114 886 1148 917; x_wconf 94' lang='lat' dir='ltr'><em>D</em></span> <span class='ocrx_word' id='word_1_518' title='bbox 1163 896 1295 932; x_wconf 82' lang='lat' dir='ltr'>utraque</span> <span class='ocrx_word' id='word_1_519' title='bbox 1312 885 1355 919; x_wconf 88' lang='lat' dir='ltr'>est</span> <span class='ocrx_word' id='word_1_520' title='bbox 1372 886 1519 924; x_wconf 87' lang='lat' dir='ltr'>dentalis.</span> <span class='ocrx_word' id='word_1_521' title='bbox 1544 886 1729 923; x_wconf 84' lang='lat' dir='ltr'>Nihilomi-</span> 
     </span>
     <span class='ocr_line' id='line_1_86' title="bbox 976 930 1733 990; baseline 0.008 -24"><span class='ocrx_word' id='word_1_522' title='bbox 976 944 1036 966; x_wconf 89' lang='lat' dir='ltr'>nus</span> <span class='ocrx_word' id='word_1_523' title='bbox 1049 930 1112 965; x_wconf 87' lang='lat' dir='ltr'>hoc</span> <span class='ocrx_word' id='word_1_524' title='bbox 1126 945 1358 979; x_wconf 77' lang='lat' dir='ltr'>argumentum</span> <span class='ocrx_word' id='word_1_525' title='bbox 1371 958 1382 973; x_wconf 87' lang='lat'>‚</span> <span class='ocrx_word' id='word_1_526' title='bbox 1396 935 1490 969; x_wconf 85' lang='lat' dir='ltr'>nihili</span> <span class='ocrx_word' id='word_1_527' title='bbox 1502 935 1576 970; x_wconf 84' lang='lat' dir='ltr'>facit</span> <span class='ocrx_word' id='word_1_528' title='bbox 1593 937 1733 990; x_wconf 64' lang='lat' dir='ltr'>Scalgem</span> 
     </span>
     <span class='ocr_line' id='line_1_87' title="bbox 975 978 1733 1032; baseline 0.009 -17"><span class='ocrx_word' id='word_1_529' title='bbox 975 978 1015 1015; x_wconf 72' lang='lat' dir='ltr'>eo</span> <span class='ocrx_word' id='word_1_530' title='bbox 1035 981 1124 1027; x_wconf 77' lang='lat' dir='ltr'>quod</span> <span class='ocrx_word' id='word_1_531' title='bbox 1144 994 1191 1016; x_wconf 88' lang='lat' dir='ltr'>res</span> <span class='ocrx_word' id='word_1_532' title='bbox 1210 984 1390 1018; x_wconf 88' lang='lat' dir='ltr'>conveniat.</span> <span class='ocrx_word' id='word_1_533' title='bbox 1414 982 1575 1028; x_wconf 71' lang='lat' dir='ltr'>jamvero</span> <span class='ocrx_word' id='word_1_534' title='bbox 1593 998 1733 1032; x_wconf 81' lang='lat' dir='ltr'>quanta-</span> 
     </span>
     <span class='ocr_line' id='line_1_88' title="bbox 975 1029 1730 1076; baseline 0.005 -11"><span class='ocrx_word' id='word_1_535' title='bbox 975 1043 1102 1076; x_wconf 86' lang='lat' dir='ltr'>cunque</span> <span class='ocrx_word' id='word_1_536' title='bbox 1123 1031 1166 1065; x_wconf 85' lang='lat' dir='ltr'>est</span> <span class='ocrx_word' id='word_1_537' title='bbox 1188 1034 1271 1067; x_wconf 85' lang='lat' dir='ltr'>inter</span> <span class='ocrx_word' id='word_1_538' title='bbox 1289 1029 1437 1071; x_wconf 70' lang='lat' dir='ltr'>Estherem</span> <span class='ocrx_word' id='word_1_539' title='bbox 1457 1036 1489 1067; x_wconf 72' lang='grc' dir='ltr'>δι</span> <span class='ocrx_word' id='word_1_540' title='bbox 1504 1035 1678 1069; x_wconf 74' lang='lat' dir='ltr'>eAmefsrin</span> <span class='ocrx_word' id='word_1_541' title='bbox 1693 1037 1730 1070; x_wconf 83' lang='lat' dir='ltr'>in.</span> 
     </span>
     <span class='ocr_line' id='line_1_89' title="bbox 975 1080 1730 1126; baseline 0.007 -13"><span class='ocrx_word' id='word_1_542' title='bbox 975 1093 995 1114; x_wconf 89' lang='lat' dir='ltr'>n</span> <span class='ocrx_word' id='word_1_543' title='bbox 1024 1083 1110 1114; x_wconf 90' lang='lat' dir='ltr'>mine</span> <span class='ocrx_word' id='word_1_544' title='bbox 1120 1080 1308 1118; x_wconf 78' lang='lat' dir='ltr'>similitudo,</span> <span class='ocrx_word' id='word_1_545' title='bbox 1319 1091 1406 1116; x_wconf 87' lang='lat' dir='ltr'>tanta</span> <span class='ocrx_word' id='word_1_546' title='bbox 1418 1081 1567 1117; x_wconf 79' lang='lat' dir='ltr'>&amp;multo</span> <span class='ocrx_word' id='word_1_547' title='bbox 1581 1095 1684 1126; x_wconf 65' lang='lat' dir='ltr'>maior</span> <span class='ocrx_word' id='word_1_548' title='bbox 1694 1085 1730 1118; x_wconf 88' lang='lat' dir='ltr'>in</span> 
     </span>
     <span class='ocr_line' id='line_1_90' title="bbox 974 1122 1728 1169; baseline 0.007 -6"><span class='ocrx_word' id='word_1_549' title='bbox 974 1141 1007 1163; x_wconf 91' lang='lat' dir='ltr'>re</span> <span class='ocrx_word' id='word_1_550' title='bbox 1027 1129 1072 1163; x_wconf 89' lang='lat' dir='ltr'>est</span> <span class='ocrx_word' id='word_1_551' title='bbox 1093 1141 1161 1163; x_wconf 88' lang='lat' dir='ltr'>non</span> <span class='ocrx_word' id='word_1_552' title='bbox 1178 1130 1404 1166; x_wconf 84' lang='lat' dir='ltr'>dissimilitudo</span> <span class='ocrx_word' id='word_1_553' title='bbox 1417 1122 1558 1169; x_wconf 61' lang='lat' dir='ltr'>tffi‘iturn,</span> <span class='ocrx_word' id='word_1_554' title='bbox 1569 1131 1621 1166; x_wconf 84' lang='lat' dir='ltr'>sed</span> <span class='ocrx_word' id='word_1_555' title='bbox 1631 1137 1663 1166; x_wconf 67' lang='grc' dir='ltr'>ἃ</span> <span class='ocrx_word' id='word_1_556' title='bbox 1675 1145 1728 1168; x_wconf 85' lang='lat' dir='ltr'>re-</span> 
     </span>
     <span class='ocr_line' id='line_1_91' title="bbox 973 1179 1732 1229; baseline 0.003 -16"><span class='ocrx_word' id='word_1_557' title='bbox 973 1181 1170 1227; x_wconf 84' lang='lat' dir='ltr'>pugnantia,</span> <span class='ocrx_word' id='word_1_558' title='bbox 1187 1179 1208 1216; x_wconf 78' lang='lat' dir='ltr'>si</span> <span class='ocrx_word' id='word_1_559' title='bbox 1221 1181 1286 1216; x_wconf 86' lang='lat' dir='ltr'>ulla</span> <span class='ocrx_word' id='word_1_560' title='bbox 1304 1179 1462 1215; x_wconf 83' lang='lat' dir='ltr'>historicis</span> <span class='ocrx_word' id='word_1_561' title='bbox 1479 1181 1622 1229; x_wconf 86' lang='lat' dir='ltr'>antiquis</span> <span class='ocrx_word' id='word_1_562' title='bbox 1637 1181 1732 1217; x_wconf 81' lang='lat' dir='ltr'>adhi-</span> 
     </span>
     <span class='ocr_line' id='line_1_92' title="bbox 972 1225 1179 1267; baseline 0 -4"><span class='ocrx_word' id='word_1_563' title='bbox 972 1229 1076 1264; x_wconf 85' lang='lat' dir='ltr'>benda</span> <span class='ocrx_word' id='word_1_564' title='bbox 1087 1225 1179 1267; x_wconf 77' lang='lat' dir='ltr'>fides.</span> 
     </span>
    </p>

    <p class='ocr_par' dir='ltr' id='par_1_13' title="bbox 971 1276 1734 2074">
     <span class='ocr_line' id='line_1_93' title="bbox 1019 1276 1728 1316; baseline -0.001 0"><span class='ocrx_word' id='word_1_565' title='bbox 1019 1279 1183 1316; x_wconf 65' lang='lat' dir='ltr'>eAmeffris</span> <span class='ocrx_word' id='word_1_566' title='bbox 1205 1276 1268 1314; x_wconf 88' lang='lat' dir='ltr'>fuit</span> <span class='ocrx_word' id='word_1_567' title='bbox 1286 1280 1393 1314; x_wconf 78' lang='lat' dir='ltr'>Otanis</span> <span class='ocrx_word' id='word_1_568' title='bbox 1413 1278 1602 1315; x_wconf 68' lang='lat' dir='ltr'>nobilissimi</span> <span class='ocrx_word' id='word_1_569' title='bbox 1629 1279 1728 1315; x_wconf 77' lang='lat' dir='ltr'>Persae</span> 
     </span>
     <span class='ocr_line' id='line_1_94' title="bbox 973 1328 1731 1379; baseline 0.001 -15"><span class='ocrx_word' id='word_1_570' title='bbox 973 1328 1039 1364; x_wconf 84' lang='lat' dir='ltr'>filia</span> <span class='ocrx_word' id='word_1_571' title='bbox 1050 1354 1061 1370; x_wconf 90' lang='lat'>‚</span> <span class='ocrx_word' id='word_1_572' title='bbox 1087 1341 1185 1378; x_wconf 86' lang='lat' dir='ltr'>quam</span> <span class='ocrx_word' id='word_1_573' title='bbox 1196 1328 1304 1363; x_wconf 71' lang='lat' dir='ltr'>multo</span> <span class='ocrx_word' id='word_1_574' title='bbox 1315 1341 1388 1365; x_wconf 78' lang='lat' dir='ltr'>ante</span> <span class='ocrx_word' id='word_1_575' title='bbox 1400 1328 1490 1364; x_wconf 86' lang='lat' dir='ltr'>suurn</span> <span class='ocrx_word' id='word_1_576' title='bbox 1505 1340 1642 1379; x_wconf 77' lang='lat' dir='ltr'>regnum</span> <span class='ocrx_word' id='word_1_577' title='bbox 1656 1338 1731 1365; x_wconf 84' lang='lat' dir='ltr'>Xer-</span> 
     </span>
     <span class='ocr_line' id='line_1_95' title="bbox 971 1378 1731 1427; baseline 0 -12"><span class='ocrx_word' id='word_1_578' title='bbox 971 1393 1022 1415; x_wconf 84' lang='lat' dir='ltr'>xes</span> <span class='ocrx_word' id='word_1_579' title='bbox 1031 1378 1181 1420; x_wconf 85' lang='lat' dir='ltr'>duxerat,</span> <span class='ocrx_word' id='word_1_580' title='bbox 1195 1382 1227 1414; x_wconf 92' lang='lat'><strong>&amp;</strong></span> <span class='ocrx_word' id='word_1_581' title='bbox 1239 1390 1278 1414; x_wconf 89' lang='lat' dir='ltr'>ex</span> <span class='ocrx_word' id='word_1_582' title='bbox 1290 1378 1352 1427; x_wconf 64' lang='lat' dir='ltr'>quas</span> <span class='ocrx_word' id='word_1_583' title='bbox 1366 1381 1495 1414; x_wconf 75' lang='lat' dir='ltr'>Darium</span> <span class='ocrx_word' id='word_1_584' title='bbox 1513 1384 1545 1415; x_wconf 88' lang='lat'>&amp;</span> <span class='ocrx_word' id='word_1_585' title='bbox 1558 1383 1731 1416; x_wconf 75' lang='lat' dir='ltr'>eArtaxer-</span> 
     </span>
     <span class='ocr_line' id='line_1_96' title="bbox 971 1426 1730 1477; baseline 0.001 -14"><span class='ocrx_word' id='word_1_586' title='bbox 971 1443 1038 1464; x_wconf 81' lang='lat' dir='ltr'>xem</span> <span class='ocrx_word' id='word_1_587' title='bbox 1067 1428 1211 1477; x_wconf 79' lang='lat' dir='ltr'>aliosque</span> <span class='ocrx_word' id='word_1_588' title='bbox 1237 1426 1325 1463; x_wconf 87' lang='lat' dir='ltr'>filios</span> <span class='ocrx_word' id='word_1_589' title='bbox 1348 1429 1541 1469; x_wconf 59' lang='lat' dir='ltr'>sustuleram</span> <span class='ocrx_word' id='word_1_590' title='bbox 1577 1430 1644 1465; x_wconf 87' lang='lat' dir='ltr'>haec</span> <span class='ocrx_word' id='word_1_591' title='bbox 1666 1429 1730 1464; x_wconf 88' lang='lat' dir='ltr'>suit</span> 
     </span>
     <span class='ocr_line' id='line_1_97' title="bbox 974 1478 1730 1526; baseline 0.001 -13"><span class='ocrx_word' id='word_1_592' title='bbox 974 1479 1112 1513; x_wconf 87' lang='lat' dir='ltr'>Ethnica</span> <span class='ocrx_word' id='word_1_593' title='bbox 1130 1478 1339 1513; x_wconf 77' lang='lat' dir='ltr'>foeminarum</span> <span class='ocrx_word' id='word_1_594' title='bbox 1353 1478 1487 1526; x_wconf 78' lang='lat' dir='ltr'>peffima</span> <span class='ocrx_word' id='word_1_595' title='bbox 1507 1483 1537 1514; x_wconf 76' lang='grc' dir='ltr'>δι</span> <span class='ocrx_word' id='word_1_596' title='bbox 1549 1479 1730 1514; x_wconf 79' lang='lat' dir='ltr'>crudelissi-</span> 
     </span>
     <span class='ocr_line' id='line_1_98' title="bbox 974 1526 1733 1576; baseline 0 -13"><span class='ocrx_word' id='word_1_597' title='bbox 974 1529 1188 1568; x_wconf 85' lang='lat' dir='ltr'>1na‚·istorum</span> <span class='ocrx_word' id='word_1_598' title='bbox 1203 1528 1329 1562; x_wconf 84' lang='lat' dir='ltr'>nihilde.</span> <span class='ocrx_word' id='word_1_599' title='bbox 1344 1526 1473 1562; x_wconf 67' lang='lat' dir='ltr'>Eflherd</span> <span class='ocrx_word' id='word_1_600' title='bbox 1488 1527 1656 1576; x_wconf 86' lang='lat' dir='ltr'>quisquam</span> <span class='ocrx_word' id='word_1_601' title='bbox 1670 1542 1733 1563; x_wconf 90' lang='lat' dir='ltr'>un-</span> 
     </span>
     <span class='ocr_line' id='line_1_99' title="bbox 972 1574 1731 1628; baseline -0.003 -14"><span class='ocrx_word' id='word_1_602' title='bbox 972 1591 1070 1628; x_wconf 89' lang='lat' dir='ltr'>quam</span> <span class='ocrx_word' id='word_1_603' title='bbox 1081 1576 1264 1613; x_wconf 83' lang='lat' dir='ltr'>affirmavit.</span> <span class='ocrx_word' id='word_1_604' title='bbox 1295 1574 1446 1620; x_wconf 78' lang='lat' dir='ltr'>Estherem</span> <span class='ocrx_word' id='word_1_605' title='bbox 1457 1578 1549 1611; x_wconf 87' lang='lat' dir='ltr'>duxit</span> <span class='ocrx_word' id='word_1_606' title='bbox 1561 1574 1731 1626; x_wconf 68' lang='lat' dir='ltr'>Ahafiaeerm</span> 
     </span>
     <span class='ocr_line' id='line_1_100' title="bbox 972 1624 1734 1674; baseline -0.004 -10"><span class='ocrx_word' id='word_1_607' title='bbox 972 1631 1004 1664; x_wconf 90' lang='lat' dir='ltr'>in</span> <span class='ocrx_word' id='word_1_608' title='bbox 1018 1628 1144 1663; x_wconf 87' lang='lat' dir='ltr'>summa</span> <span class='ocrx_word' id='word_1_609' title='bbox 1164 1640 1239 1674; x_wconf 85' lang='lat' dir='ltr'>pace</span> <span class='ocrx_word' id='word_1_610' title='bbox 1257 1629 1331 1669; x_wconf 73' lang='lat' dir='ltr'>Sifis</span> <span class='ocrx_word' id='word_1_611' title='bbox 1352 1625 1489 1674; x_wconf 86' lang='lat' dir='ltr'>septimo</span> <span class='ocrx_word' id='word_1_612' title='bbox 1507 1624 1553 1660; x_wconf 89' lang='lat' dir='ltr'>sui</span> <span class='ocrx_word' id='word_1_613' title='bbox 1572 1628 1662 1674; x_wconf 81' lang='lat' dir='ltr'>regni</span> <span class='ocrx_word' id='word_1_614' title='bbox 1676 1640 1734 1661; x_wconf 87' lang='lat' dir='ltr'>an-</span> 
     </span>
     <span class='ocr_line' id='line_1_101' title="bbox 972 1675 1732 1724; baseline -0.005 -10"><span class='ocrx_word' id='word_1_615' title='bbox 972 1693 1038 1714; x_wconf 90' lang='lat' dir='ltr'>no:</span> <span class='ocrx_word' id='word_1_616' title='bbox 1054 1685 1161 1713; x_wconf 79' lang='lat' dir='ltr'>Xerxes</span> <span class='ocrx_word' id='word_1_617' title='bbox 1172 1675 1250 1712; x_wconf 75' lang='lat' dir='ltr'>vero</span> <span class='ocrx_word' id='word_1_618' title='bbox 1263 1675 1320 1710; x_wconf 91' lang='lat' dir='ltr'>suo</span> <span class='ocrx_word' id='word_1_619' title='bbox 1333 1675 1472 1724; x_wconf 86' lang='lat' dir='ltr'>septimo</span> <span class='ocrx_word' id='word_1_620' title='bbox 1483 1679 1515 1709; x_wconf 77' lang='grc' dir='ltr'>δι</span> <span class='ocrx_word' id='word_1_621' title='bbox 1527 1678 1626 1711; x_wconf 85' lang='lat' dir='ltr'>etiam</span> <span class='ocrx_word' id='word_1_622' title='bbox 1637 1677 1732 1718; x_wconf 29' lang='lat' dir='ltr'>locta-</span> 
     </span>
     <span class='ocr_line' id='line_1_102' title="bbox 973 1725 1731 1764; baseline -0.007 0"><span class='ocrx_word' id='word_1_623' title='bbox 973 1742 1016 1764; x_wconf 94' lang='lat' dir='ltr'>vo</span> <span class='ocrx_word' id='word_1_624' title='bbox 1031 1730 1064 1763; x_wconf 88' lang='lat' dir='ltr'>in</span> <span class='ocrx_word' id='word_1_625' title='bbox 1081 1726 1208 1761; x_wconf 67' lang='lat' dir='ltr'>Graecia</span> <span class='ocrx_word' id='word_1_626' title='bbox 1228 1729 1259 1760; x_wconf 90' lang='lat'>&amp;</span> <span class='ocrx_word' id='word_1_627' title='bbox 1282 1725 1373 1760; x_wconf 65' lang='lat' dir='ltr'>Ionia</span> <span class='ocrx_word' id='word_1_628' title='bbox 1392 1725 1624 1760; x_wconf 81' lang='lat' dir='ltr'>terribilissimo</span> <span class='ocrx_word' id='word_1_629' title='bbox 1643 1726 1731 1760; x_wconf 88' lang='lat' dir='ltr'>bello</span> 
     </span>
     <span class='ocr_line' id='line_1_103' title="bbox 971 1776 1731 1826; baseline -0.008 -12"><span class='ocrx_word' id='word_1_630' title='bbox 971 1776 1222 1826; x_wconf 80' lang='lat' dir='ltr'>implicabatur,</span> <span class='ocrx_word' id='word_1_631' title='bbox 1249 1779 1279 1808; x_wconf 83' lang='lat'>&amp;</span> <span class='ocrx_word' id='word_1_632' title='bbox 1299 1776 1375 1809; x_wconf 73' lang='lat' dir='ltr'>vero</span> <span class='ocrx_word' id='word_1_633' title='bbox 1388 1788 1458 1809; x_wconf 89' lang='lat' dir='ltr'>turn</span> <span class='ocrx_word' id='word_1_634' title='bbox 1471 1776 1731 1821; x_wconf 87' lang='lat' dir='ltr'>temporisince-</span> 
     </span>
     <span class='ocr_line' id='line_1_104' title="bbox 972 1823 1732 1872; baseline -0.005 -10"><span class='ocrx_word' id='word_1_635' title='bbox 972 1828 1025 1862; x_wconf 86' lang='lat' dir='ltr'>stis</span> <span class='ocrx_word' id='word_1_636' title='bbox 1039 1826 1100 1861; x_wconf 87' lang='lat' dir='ltr'>suis</span> <span class='ocrx_word' id='word_1_637' title='bbox 1110 1824 1276 1859; x_wconf 86' lang='lat' dir='ltr'>amoribus</span> <span class='ocrx_word' id='word_1_638' title='bbox 1291 1823 1320 1859; x_wconf 84' lang='lat' dir='ltr'>se</span> <span class='ocrx_word' id='word_1_639' title='bbox 1340 1836 1512 1872; x_wconf 87' lang='lat' dir='ltr'>totamque</span> <span class='ocrx_word' id='word_1_640' title='bbox 1529 1824 1618 1858; x_wconf 86' lang='lat' dir='ltr'>suam</span> <span class='ocrx_word' id='word_1_641' title='bbox 1632 1823 1732 1858; x_wconf 84' lang='lat' dir='ltr'>fami-</span> 
     </span>
     <span class='ocr_line' id='line_1_105' title="bbox 972 1874 1729 1923; baseline -0.004 -12"><span class='ocrx_word' id='word_1_642' title='bbox 972 1879 1050 1912; x_wconf 84' lang='lat' dir='ltr'>liam</span> <span class='ocrx_word' id='word_1_643' title='bbox 1072 1875 1201 1923; x_wconf 87' lang='lat' dir='ltr'>tragicis</span> <span class='ocrx_word' id='word_1_644' title='bbox 1229 1874 1469 1908; x_wconf 77' lang='lat' dir='ltr'>calamitatibus</span> <span class='ocrx_word' id='word_1_645' title='bbox 1503 1884 1630 1908; x_wconf 83' lang='lat' dir='ltr'>tantum</span> <span class='ocrx_word' id='word_1_646' title='bbox 1656 1885 1729 1908; x_wconf 85' lang='lat' dir='ltr'>non</span> 
     </span>
     <span class='ocr_line' id='line_1_106' title="bbox 972 1922 1729 1970; baseline -0.005 -9"><span class='ocrx_word' id='word_1_647' title='bbox 972 1923 1134 1961; x_wconf 85' lang='lat' dir='ltr'>obruebat</span> <span class='ocrx_word' id='word_1_648' title='bbox 1144 1948 1153 1961; x_wconf 90' lang='lat'><em>‚</em></span> <span class='ocrx_word' id='word_1_649' title='bbox 1183 1926 1210 1958; x_wconf 75' lang='grc' dir='ltr'>ἃ</span> <span class='ocrx_word' id='word_1_650' title='bbox 1229 1922 1473 1968; x_wconf 75' lang='grc' dir='ltr'>ριόειιὶὲηονίε</span> <span class='ocrx_word' id='word_1_651' title='bbox 1483 1924 1607 1970; x_wconf 76' lang='lat' dir='ltr'>nuptiis</span> <span class='ocrx_word' id='word_1_652' title='bbox 1617 1922 1729 1957; x_wconf 82' lang='lat' dir='ltr'>aberat</span> 
     </span>
     <span class='ocr_line' id='line_1_107' title="bbox 971 1971 1728 2021; baseline -0.007 -10"><span class='ocrx_word' id='word_1_653' title='bbox 971 1978 1009 2012; x_wconf 81' lang='lat' dir='ltr'>ad</span> <span class='ocrx_word' id='word_1_654' title='bbox 1021 1978 1092 2010; x_wconf 88' lang='lat' dir='ltr'>vitae</span> <span class='ocrx_word' id='word_1_655' title='bbox 1104 1972 1205 2021; x_wconf 85' lang='lat' dir='ltr'>usque</span> <span class='ocrx_word' id='word_1_656' title='bbox 1217 1971 1330 2008; x_wconf 86' lang='lat' dir='ltr'>finem.</span> <span class='ocrx_word' id='word_1_657' title='bbox 1356 1972 1506 2008; x_wconf 88' lang='lat' dir='ltr'>Pluribus</span> <span class='ocrx_word' id='word_1_658' title='bbox 1516 1984 1583 2007; x_wconf 91' lang='lat' dir='ltr'>non</span> <span class='ocrx_word' id='word_1_659' title='bbox 1592 1972 1635 2007; x_wconf 87' lang='lat' dir='ltr'>est</span> <span class='ocrx_word' id='word_1_660' title='bbox 1645 1985 1728 2020; x_wconf 85' lang='lat' dir='ltr'>opus</span> 
     </span>
     <span class='ocr_line' id='line_1_108' title="bbox 972 2024 1291 2074; baseline -0.013 -14"><span class='ocrx_word' id='word_1_661' title='bbox 972 2038 1085 2062; x_wconf 79' lang='lat' dir='ltr'>contra</span> <span class='ocrx_word' id='word_1_662' title='bbox 1099 2024 1291 2074; x_wconf 68' lang='lat' dir='ltr'>Scaltgerum.</span> 
     </span>
    </p>

    <p class='ocr_par' dir='ltr' id='par_1_14' title="bbox 971 2070 1727 2220">
     <span class='ocr_line' id='line_1_109' title="bbox 1019 2070 1724 2115; baseline -0.006 -7"><span class='ocrx_word' id='word_1_663' title='bbox 1019 2074 1131 2108; x_wconf 86' lang='lat' dir='ltr'>Restat</span> <span class='ocrx_word' id='word_1_664' title='bbox 1152 2076 1268 2108; x_wconf 74' lang='lat' dir='ltr'>oetava</span> <span class='ocrx_word' id='word_1_665' title='bbox 1285 2070 1447 2108; x_wconf 82' lang='lat' dir='ltr'>sententia</span> <span class='ocrx_word' id='word_1_666' title='bbox 1458 2071 1496 2106; x_wconf 88' lang='lat' dir='ltr'>de</span> <span class='ocrx_word' id='word_1_667' title='bbox 1508 2070 1599 2107; x_wconf 74' lang='lat' dir='ltr'>Dario</span> <span class='ocrx_word' id='word_1_668' title='bbox 1611 2073 1724 2115; x_wconf 61' lang='lat' dir='ltr'>Hyssa-</span> 
     </span>
     <span class='ocr_line' id='line_1_110' title="bbox 1535 2119 1723 2169; baseline 0.011 -16"><span class='ocrx_word' id='word_1_669' title='bbox 1535 2119 1660 2169; x_wconf 69' lang='lat' dir='ltr'>Ushmi</span> <span class='ocrx_word' id='word_1_670' title='bbox 1675 2125 1723 2161; x_wconf 86' lang='lat'>‚&amp;</span> 
     </span>
     <span class='ocr_line' id='line_1_111' title="bbox 971 2169 1727 2220; baseline -0.004 -12"><span class='ocrx_word' id='word_1_671' title='bbox 971 2176 1112 2208; x_wconf 89' lang='lat' dir='ltr'>aliorum</span> <span class='ocrx_word' id='word_1_672' title='bbox 1141 2184 1238 2220; x_wconf 87' lang='lat' dir='ltr'>quam</span> <span class='ocrx_word' id='word_1_673' title='bbox 1265 2184 1326 2206; x_wconf 91' lang='lat' dir='ltr'>nos</span> <span class='ocrx_word' id='word_1_674' title='bbox 1350 2170 1525 2218; x_wconf 84' lang='lat' dir='ltr'>sequimur.</span> <span class='ocrx_word' id='word_1_675' title='bbox 1560 2170 1615 2204; x_wconf 89' lang='lat' dir='ltr'>Ad</span> <span class='ocrx_word' id='word_1_676' title='bbox 1642 2169 1727 2205; x_wconf 84' lang='lat' dir='ltr'>hanc</span> 
     </span>
    </p>
   </div>
   <div class='ocr_carea' id='block_1_10' title="bbox 944 2219 1727 2318">
    <p class='ocr_par' dir='ltr' id='par_1_15' title="bbox 944 2219 1727 2318">
     <span class='ocr_line' id='line_1_112' title="bbox 945 2219 1727 2267; baseline -0.001 -11"><span class='ocrx_word' id='word_1_677' title='bbox 945 2256 947 2263; x_wconf 82' lang='grc'><strong>,</strong></span> <span class='ocrx_word' id='word_1_678' title='bbox 969 2222 1231 2257; x_wconf 85' lang='lat' dir='ltr'>confirmandam</span> <span class='ocrx_word' id='word_1_679' title='bbox 1241 2221 1314 2254; x_wconf 92' lang='lat' dir='ltr'>satis</span> <span class='ocrx_word' id='word_1_680' title='bbox 1323 2220 1368 2254; x_wconf 82' lang='lat' dir='ltr'>est</span> <span class='ocrx_word' id='word_1_681' title='bbox 1377 2219 1470 2267; x_wconf 78' lang='lat' dir='ltr'>quod</span> <span class='ocrx_word' id='word_1_682' title='bbox 1480 2229 1597 2255; x_wconf 83' lang='lat' dir='ltr'>caeterae</span> <span class='ocrx_word' id='word_1_683' title='bbox 1609 2232 1663 2254; x_wconf 89' lang='lat' dir='ltr'>orn</span> <span class='ocrx_word' id='word_1_684' title='bbox 1671 2233 1727 2255; x_wconf 87' lang='lat' dir='ltr'>nes</span> 
     </span>
     <span class='ocr_line' id='line_1_113' title="bbox 944 2268 1727 2318; baseline -0.004 -11"><span class='ocrx_word' id='word_1_685' title='bbox 944 2291 946 2296; x_wconf 91' lang='lat'><em>.</em></span> <span class='ocrx_word' id='word_1_686' title='bbox 969 2272 1028 2307; x_wconf 85' lang='lat' dir='ltr'>sint</span> <span class='ocrx_word' id='word_1_687' title='bbox 1040 2270 1148 2307; x_wconf 83' lang='lat' dir='ltr'>eversae</span> <span class='ocrx_word' id='word_1_688' title='bbox 1157 2294 1166 2309; x_wconf 93' lang='lat'>,</span> <span class='ocrx_word' id='word_1_689' title='bbox 1178 2283 1237 2318; x_wconf 85' lang='lat' dir='ltr'>pro</span> <span class='ocrx_word' id='word_1_690' title='bbox 1249 2269 1415 2304; x_wconf 85' lang='lat' dir='ltr'>immobili</span> <span class='ocrx_word' id='word_1_691' title='bbox 1427 2271 1514 2304; x_wconf 87' lang='lat' dir='ltr'>enim</span> <span class='ocrx_word' id='word_1_692' title='bbox 1526 2268 1727 2304; x_wconf 75' lang='lat' dir='ltr'>fundamen-</span> 
     </span>
    </p>
   </div>
   <div class='ocr_carea' id='block_1_11' title="bbox 967 2317 1729 3240">
    <p class='ocr_par' dir='ltr' id='par_1_16' title="bbox 967 2317 1729 3205">
     <span class='ocr_line' id='line_1_114' title="bbox 969 2317 1728 2369; baseline -0.009 -13"><span class='ocrx_word' id='word_1_693' title='bbox 969 2334 1005 2356; x_wconf 88' lang='lat' dir='ltr'>to</span> <span class='ocrx_word' id='word_1_694' title='bbox 1025 2321 1213 2369; x_wconf 88' lang='lat' dir='ltr'>ponendum</span> <span class='ocrx_word' id='word_1_695' title='bbox 1227 2333 1336 2354; x_wconf 86' lang='lat' dir='ltr'>veram</span> <span class='ocrx_word' id='word_1_696' title='bbox 1349 2323 1380 2354; x_wconf 78' lang='grc' dir='ltr'>δι</span> <span class='ocrx_word' id='word_1_697' title='bbox 1396 2319 1598 2353; x_wconf 77' lang='lat' dir='ltr'>canonicam</span> <span class='ocrx_word' id='word_1_698' title='bbox 1614 2317 1728 2352; x_wconf 67' lang='lat' dir='ltr'>Effhe-</span> 
     </span>
     <span class='ocr_line' id='line_1_115' title="bbox 969 2367 1725 2404; baseline -0.007 0"><span class='ocrx_word' id='word_1_699' title='bbox 969 2385 1002 2404; x_wconf 85' lang='lat' dir='ltr'>rae</span> <span class='ocrx_word' id='word_1_700' title='bbox 1012 2370 1177 2404; x_wconf 82' lang='lat' dir='ltr'>historiam</span> <span class='ocrx_word' id='word_1_701' title='bbox 1187 2367 1245 2404; x_wconf 84' lang='lat' dir='ltr'>effe</span> <span class='ocrx_word' id='word_1_702' title='bbox 1259 2382 1266 2402; x_wconf 89' lang='lat'>:</span> <span class='ocrx_word' id='word_1_703' title='bbox 1289 2370 1318 2403; x_wconf 89' lang='lat' dir='ltr'>ei</span> <span class='ocrx_word' id='word_1_704' title='bbox 1329 2369 1415 2403; x_wconf 88' lang='lat' dir='ltr'>enim</span> <span class='ocrx_word' id='word_1_705' title='bbox 1425 2379 1511 2402; x_wconf 89' lang='lat' dir='ltr'>notae</span> <span class='ocrx_word' id='word_1_706' title='bbox 1522 2380 1636 2401; x_wconf 89' lang='lat' dir='ltr'>omnes</span> <span class='ocrx_word' id='word_1_707' title='bbox 1650 2368 1725 2400; x_wconf 85' lang='lat' dir='ltr'>libri</span> 
     </span>
     <span class='ocr_line' id='line_1_116' title="bbox 971 2415 1727 2464; baseline -0.008 -10"><span class='ocrx_word' id='word_1_708' title='bbox 971 2421 1135 2454; x_wconf 90' lang='lat' dir='ltr'>Canonici</span> <span class='ocrx_word' id='word_1_709' title='bbox 1149 2421 1207 2461; x_wconf 89' lang='lat' dir='ltr'>(in</span> <span class='ocrx_word' id='word_1_710' title='bbox 1219 2430 1300 2464; x_wconf 86' lang='lat' dir='ltr'>quas</span> <span class='ocrx_word' id='word_1_711' title='bbox 1310 2429 1396 2451; x_wconf 89' lang='lat' dir='ltr'>nunc</span> <span class='ocrx_word' id='word_1_712' title='bbox 1407 2417 1566 2450; x_wconf 86' lang='lat' dir='ltr'>nonlicet</span> <span class='ocrx_word' id='word_1_713' title='bbox 1575 2415 1727 2462; x_wconf 86' lang='lat' dir='ltr'>digredi)</span> 
     </span>
     <span class='ocr_line' id='line_1_117' title="bbox 970 2463 1729 2504; baseline -0.007 0"><span class='ocrx_word' id='word_1_714' title='bbox 970 2469 1185 2504; x_wconf 88' lang='lat' dir='ltr'>conveniunt.</span> <span class='ocrx_word' id='word_1_715' title='bbox 1212 2468 1253 2501; x_wconf 88' lang='lat' dir='ltr'>Et</span> <span class='ocrx_word' id='word_1_716' title='bbox 1273 2465 1351 2503; x_wconf 72' lang='lat' dir='ltr'>vero</span> <span class='ocrx_word' id='word_1_717' title='bbox 1370 2464 1496 2500; x_wconf 72' lang='lat' dir='ltr'>summe</span> <span class='ocrx_word' id='word_1_718' title='bbox 1517 2466 1697 2499; x_wconf 84' lang='lat' dir='ltr'>cavendum</span> <span class='ocrx_word' id='word_1_719' title='bbox 1710 2463 1729 2499; x_wconf 71' lang='grc' dir='ltr'>ὲ</span> 
     </span>
     <span class='ocr_line' id='line_1_118' title="bbox 971 2513 1729 2560; baseline -0.004 -9"><span class='ocrx_word' id='word_1_720' title='bbox 971 2516 1140 2552; x_wconf 77' lang='lat' dir='ltr'>Melitonis,</span> <span class='ocrx_word' id='word_1_721' title='bbox 1149 2513 1313 2557; x_wconf 62' lang='lat' dir='ltr'>Athanasi²</span> <span class='ocrx_word' id='word_1_722' title='bbox 1327 2519 1356 2547; x_wconf 84' lang='lat'>&amp;</span> <span class='ocrx_word' id='word_1_723' title='bbox 1367 2514 1568 2550; x_wconf 69' lang='lat' dir='ltr'>Nazianzeni</span> <span class='ocrx_word' id='word_1_724' title='bbox 1578 2515 1668 2560; x_wconf 77' lang='lat' dir='ltr'>gravi</span> <span class='ocrx_word' id='word_1_725' title='bbox 1677 2526 1729 2548; x_wconf 84' lang='lat' dir='ltr'>er-</span> 
     </span>
     <span class='ocr_line' id='line_1_119' title="bbox 971 2561 1726 2612; baseline -0.003 -13"><span class='ocrx_word' id='word_1_726' title='bbox 971 2577 1053 2603; x_wconf 86' lang='lat' dir='ltr'>rore,</span> <span class='ocrx_word' id='word_1_727' title='bbox 1064 2565 1121 2612; x_wconf 87' lang='lat' dir='ltr'>qui</span> <span class='ocrx_word' id='word_1_728' title='bbox 1133 2561 1263 2597; x_wconf 71' lang='lat' dir='ltr'>Efsherae</span> <span class='ocrx_word' id='word_1_729' title='bbox 1274 2562 1359 2596; x_wconf 87' lang='lat' dir='ltr'>libro</span> <span class='ocrx_word' id='word_1_730' title='bbox 1372 2561 1575 2596; x_wconf 73' lang='lat' dir='ltr'>Canonicam</span> <span class='ocrx_word' id='word_1_731' title='bbox 1585 2574 1641 2596; x_wconf 89' lang='lat' dir='ltr'>om</span> <span class='ocrx_word' id='word_1_732' title='bbox 1648 2574 1726 2597; x_wconf 89' lang='lat' dir='ltr'>nem</span> 
     </span>
     <span class='ocr_line' id='line_1_120' title="bbox 970 2609 1725 2660; baseline -0.003 -11"><span class='ocrx_word' id='word_1_733' title='bbox 970 2615 1197 2649; x_wconf 67' lang='lat' dir='ltr'>auetoritatem</span> <span class='ocrx_word' id='word_1_734' title='bbox 1208 2610 1390 2647; x_wconf 85' lang='lat' dir='ltr'>detrahunt.</span> <span class='ocrx_word' id='word_1_735' title='bbox 1404 2609 1491 2660; x_wconf 69' lang='lat' dir='ltr'>Ergo</span> <span class='ocrx_word' id='word_1_736' title='bbox 1504 2610 1660 2658; x_wconf 64' lang='lat' dir='ltr'>supposita</span> <span class='ocrx_word' id='word_1_737' title='bbox 1671 2611 1725 2647; x_wconf 79' lang='lat' dir='ltr'>hi-</span> 
     </span>
     <span class='ocr_line' id='line_1_121' title="bbox 970 2660 1724 2708; baseline -0.003 -10"><span class='ocrx_word' id='word_1_738' title='bbox 970 2664 1073 2698; x_wconf 78' lang='lat' dir='ltr'>storiae</span> <span class='ocrx_word' id='word_1_739' title='bbox 1083 2663 1235 2701; x_wconf 84' lang='lat' dir='ltr'>veritate,</span> <span class='ocrx_word' id='word_1_740' title='bbox 1254 2660 1344 2708; x_wconf 86' lang='lat' dir='ltr'>quod</span> <span class='ocrx_word' id='word_1_741' title='bbox 1353 2660 1447 2695; x_wconf 87' lang='lat' dir='ltr'>alicui</span> <span class='ocrx_word' id='word_1_742' title='bbox 1467 2662 1550 2708; x_wconf 79' lang='lat' dir='ltr'>Regi</span> <span class='ocrx_word' id='word_1_743' title='bbox 1566 2660 1724 2696; x_wconf 66' lang='lat' dir='ltr'>Persarum</span> 
     </span>
     <span class='ocr_line' id='line_1_122' title="bbox 970 2706 1723 2758; baseline -0.004 -11"><span class='ocrx_word' id='word_1_744' title='bbox 970 2709 1099 2747; x_wconf 77' lang='lat' dir='ltr'>Eflhera</span> <span class='ocrx_word' id='word_1_745' title='bbox 1110 2706 1253 2757; x_wconf 81' lang='lat' dir='ltr'>nupserit</span> <span class='ocrx_word' id='word_1_746' title='bbox 1267 2735 1274 2748; x_wconf 95' lang='lat'>,</span> <span class='ocrx_word' id='word_1_747' title='bbox 1289 2722 1492 2758; x_wconf 82' lang='lat' dir='ltr'>nequaquam</span> <span class='ocrx_word' id='word_1_748' title='bbox 1504 2708 1579 2743; x_wconf 75' lang='lat' dir='ltr'>vcro</span> <span class='ocrx_word' id='word_1_749' title='bbox 1590 2710 1723 2758; x_wconf 68' lang='lat' dir='ltr'>nupsisse</span> 
     </span>
     <span class='ocr_line' id='line_1_123' title="bbox 968 2759 1722 2805; baseline -0.003 -9"><span class='ocrx_word' id='word_1_750' title='bbox 968 2763 1027 2796; x_wconf 89' lang='lat' dir='ltr'>ulli</span> <span class='ocrx_word' id='word_1_751' title='bbox 1038 2761 1289 2796; x_wconf 84' lang='lat' dir='ltr'>nominatorum</span> <span class='ocrx_word' id='word_1_752' title='bbox 1317 2763 1377 2802; x_wconf 92' lang='lat' dir='ltr'>(ut</span> <span class='ocrx_word' id='word_1_753' title='bbox 1390 2759 1472 2794; x_wconf 74' lang='lat' dir='ltr'>clare</span> <span class='ocrx_word' id='word_1_754' title='bbox 1484 2759 1722 2805; x_wconf 85' lang='lat' dir='ltr'>probavimus)</span> 
     </span>
     <span class='ocr_line' id='line_1_124' title="bbox 969 2806 1722 2858; baseline -0.003 -13"><span class='ocrx_word' id='word_1_755' title='bbox 969 2808 1142 2845; x_wconf 72' lang='lat' dir='ltr'>necessario</span> <span class='ocrx_word' id='word_1_756' title='bbox 1161 2806 1306 2858; x_wconf 88' lang='lat' dir='ltr'>sequitur</span> <span class='ocrx_word' id='word_1_757' title='bbox 1328 2808 1417 2843; x_wconf 89' lang='lat' dir='ltr'>fuisse</span> <span class='ocrx_word' id='word_1_758' title='bbox 1438 2814 1563 2843; x_wconf 67' lang='lat' dir='ltr'>Danum</span> <span class='ocrx_word' id='word_1_759' title='bbox 1580 2811 1722 2856; x_wconf 59' lang='lat' dir='ltr'>Hystaspis</span> 
     </span>
     <span class='ocr_line' id='line_1_125' title="bbox 969 2855 1721 2906; baseline -0.001 -13"><span class='ocrx_word' id='word_1_760' title='bbox 969 2860 1026 2906; x_wconf 88' lang='lat' dir='ltr'>qui</span> <span class='ocrx_word' id='word_1_761' title='bbox 1041 2855 1196 2893; x_wconf 70' lang='lat' dir='ltr'>Eflherem</span> <span class='ocrx_word' id='word_1_762' title='bbox 1211 2858 1348 2893; x_wconf 80' lang='lat' dir='ltr'>duxerat</span> <span class='ocrx_word' id='word_1_763' title='bbox 1359 2872 1370 2892; x_wconf 93' lang='lat'>·.</span> <span class='ocrx_word' id='word_1_764' title='bbox 1395 2858 1488 2903; x_wconf 83' lang='lat' dir='ltr'>hujus</span> <span class='ocrx_word' id='word_1_765' title='bbox 1497 2859 1676 2906; x_wconf 75' lang='lat' dir='ltr'>benignitas</span> <span class='ocrx_word' id='word_1_766' title='bbox 1687 2861 1721 2893; x_wconf 86' lang='lat' dir='ltr'>in</span> 
     </span>
     <span class='ocr_line' id='line_1_126' title="bbox 967 2908 1725 2955; baseline 0 -13"><span class='ocrx_word' id='word_1_767' title='bbox 967 2908 1096 2955; x_wconf 82' lang='lat' dir='ltr'>Judaeos</span> <span class='ocrx_word' id='word_1_768' title='bbox 1106 2932 1116 2948; x_wconf 91' lang='lat'>,</span> <span class='ocrx_word' id='word_1_769' title='bbox 1129 2910 1347 2943; x_wconf 80' lang='lat' dir='ltr'>commoratio</span> <span class='ocrx_word' id='word_1_770' title='bbox 1360 2910 1441 2955; x_wconf 65' lang='lat' dir='ltr'>sufis,</span> <span class='ocrx_word' id='word_1_771' title='bbox 1452 2908 1646 2942; x_wconf 83' lang='lat' dir='ltr'>diuturnitas</span> <span class='ocrx_word' id='word_1_772' title='bbox 1657 2909 1725 2942; x_wconf 89' lang='lat' dir='ltr'>im-</span> 
     </span>
     <span class='ocr_line' id='line_1_127' title="bbox 969 2957 1721 3005; baseline 0 -13"><span class='ocrx_word' id='word_1_773' title='bbox 969 2958 1069 3005; x_wconf 86' lang='lat' dir='ltr'>perii,</span> <span class='ocrx_word' id='word_1_774' title='bbox 1089 2970 1227 2992; x_wconf 87' lang='lat' dir='ltr'>uxorum</span> <span class='ocrx_word' id='word_1_775' title='bbox 1240 2958 1404 3005; x_wconf 81' lang='lat' dir='ltr'>pluralitas</span> <span class='ocrx_word' id='word_1_776' title='bbox 1418 2962 1446 2991; x_wconf 82' lang='lat'>&amp;</span> <span class='ocrx_word' id='word_1_777' title='bbox 1460 2958 1520 2991; x_wconf 85' lang='lat' dir='ltr'>alia</span> <span class='ocrx_word' id='word_1_778' title='bbox 1533 2982 1542 2996; x_wconf 81' lang='lat'>‚</span> <span class='ocrx_word' id='word_1_779' title='bbox 1557 2957 1637 2991; x_wconf 77' lang='lat' dir='ltr'>lianc</span> <span class='ocrx_word' id='word_1_780' title='bbox 1649 2958 1721 2992; x_wconf 80' lang='lat' dir='ltr'>sua-</span> 
     </span>
     <span class='ocr_line' id='line_1_128' title="bbox 969 3005 1721 3051; baseline 0.001 -10"><span class='ocrx_word' id='word_1_781' title='bbox 969 3007 1046 3041; x_wconf 84' lang='lat' dir='ltr'>dent</span> <span class='ocrx_word' id='word_1_782' title='bbox 1060 3006 1169 3041; x_wconf 80' lang='lat' dir='ltr'>fidem-</span> <span class='ocrx_word' id='word_1_783' title='bbox 1197 3009 1282 3049; x_wconf 78' lang='lat' dir='ltr'>Quae</span> <span class='ocrx_word' id='word_1_784' title='bbox 1303 3006 1354 3040; x_wconf 73' lang='lat' dir='ltr'>hic</span> <span class='ocrx_word' id='word_1_785' title='bbox 1375 3006 1577 3051; x_wconf 81' lang='lat' dir='ltr'>objiciuntur</span> <span class='ocrx_word' id='word_1_786' title='bbox 1596 3005 1721 3042; x_wconf 70' lang='lat' dir='ltr'>facilius</span> 
     </span>
     <span class='ocr_line' id='line_1_129' title="bbox 970 3055 1723 3103; baseline -0.001 -12"><span class='ocrx_word' id='word_1_787' title='bbox 970 3056 1014 3091; x_wconf 84' lang='lat' dir='ltr'>est</span> <span class='ocrx_word' id='word_1_788' title='bbox 1026 3055 1165 3091; x_wconf 84' lang='lat' dir='ltr'>refellere</span> <span class='ocrx_word' id='word_1_789' title='bbox 1183 3055 1280 3101; x_wconf 67' lang='lat' dir='ltr'>quam</span> <span class='ocrx_word' id='word_1_790' title='bbox 1298 3069 1368 3103; x_wconf 80' lang='lat' dir='ltr'>quae</span> <span class='ocrx_word' id='word_1_791' title='bbox 1389 3067 1501 3090; x_wconf 80' lang='lat' dir='ltr'>contra</span> <span class='ocrx_word' id='word_1_792' title='bbox 1513 3058 1631 3103; x_wconf 86' lang='lat' dir='ltr'>priores</span> <span class='ocrx_word' id='word_1_793' title='bbox 1651 3056 1723 3090; x_wconf 74' lang='lat' dir='ltr'>scn-</span> 
     </span>
     <span class='ocr_line' id='line_1_130' title="bbox 972 3105 1722 3150; baseline -0.003 -10"><span class='ocrx_word' id='word_1_794' title='bbox 972 3108 1086 3140; x_wconf 87' lang='lat' dir='ltr'>tentias</span> <span class='ocrx_word' id='word_1_795' title='bbox 1107 3105 1236 3150; x_wconf 61' lang='lat' dir='ltr'>objeeta</span> <span class='ocrx_word' id='word_1_796' title='bbox 1258 3105 1342 3139; x_wconf 83' lang='lat' dir='ltr'>sunt.</span> <span class='ocrx_word' id='word_1_797' title='bbox 1367 3106 1486 3140; x_wconf 82' lang='lat' dir='ltr'>Utrum</span> <span class='ocrx_word' id='word_1_798' title='bbox 1497 3117 1603 3140; x_wconf 86' lang='lat' dir='ltr'>autem</span> <span class='ocrx_word' id='word_1_799' title='bbox 1616 3108 1722 3150; x_wconf 65' lang='lat' dir='ltr'>Atoffiz</span> 
     </span>
     <span class='ocr_line' id='line_1_131' title="bbox 973 3154 1723 3205; baseline -0.004 -13"><span class='ocrx_word' id='word_1_800' title='bbox 973 3167 1013 3192; x_wconf 82' lang='lat' dir='ltr'>an</span> <span class='ocrx_word' id='word_1_801' title='bbox 1024 3154 1189 3199; x_wconf 72' lang='lat' dir='ltr'>Artyflona,</span> <span class='ocrx_word' id='word_1_802' title='bbox 1201 3167 1242 3191; x_wconf 81' lang='lat' dir='ltr'>an</span> <span class='ocrx_word' id='word_1_803' title='bbox 1253 3156 1314 3191; x_wconf 86' lang='lat' dir='ltr'>alia</span> <span class='ocrx_word' id='word_1_804' title='bbox 1326 3167 1365 3188; x_wconf 83' lang='lat' dir='ltr'>ex</span> <span class='ocrx_word' id='word_1_805' title='bbox 1377 3157 1520 3205; x_wconf 88' lang='lat' dir='ltr'>quinque</span> <span class='ocrx_word' id='word_1_806' title='bbox 1534 3157 1624 3192; x_wconf 78' lang='lat' dir='ltr'>Dam</span> <span class='ocrx_word' id='word_1_807' title='bbox 1637 3169 1723 3190; x_wconf 59' lang='lat' dir='ltr'>uxo&gt;⁴</span> 
     </span>
    </p>

    <p class='ocr_par' dir='ltr' id='par_1_17' title="bbox 1319 3205 1727 3240">
     <span class='ocr_line' id='line_1_132' title="bbox 1319 3205 1727 3240; baseline -0.005 -1"><span class='ocrx_word' id='word_1_808' title='bbox 1319 3206 1350 3239; x_wconf 90' lang='lat' dir='ltr'>V</span> <span class='ocrx_word' id='word_1_809' title='bbox 1374 3215 1394 3238; x_wconf 79' lang='lat'>2</span> <span class='ocrx_word' id='word_1_810' title='bbox 1634 3205 1727 3240; x_wconf 75' lang='lat' dir='ltr'>ribus</span> 
     </span>
    </p>
   </div>
   <div class='ocr_carea' id='block_1_12' title="bbox 1745 2073 1864 2111">
    <p class='ocr_par' dir='ltr' id='par_1_18' title="bbox 1745 2073 1864 2111">
     <span class='ocr_line' id='line_1_133' title="bbox 1745 2073 1864 2111; baseline 0.017 -11"><span class='ocrx_word' id='word_1_811' title='bbox 1745 2073 1864 2111; x_wconf 71' lang='lat' dir='ltr'>Ergofici&#39;t</span> 
     </span>
    </p>
   </div>
   <div class='ocr_carea' id='block_1_13' title="bbox 1747 2115 1843 2142">
    <p class='ocr_par' dir='ltr' id='par_1_19' title="bbox 1747 2115 1843 2142">
     <span class='ocr_line' id='line_1_134' title="bbox 1747 2115 1843 2142; baseline -0.01 -1"><span class='ocrx_word' id='word_1_812' title='bbox 1747 2115 1843 2142; x_wconf 45' lang='lat' dir='ltr'>Darius</span> 
     </span>
    </p>
   </div>
   <div class='ocr_carea' id='block_1_14' title="bbox 1746 2155 1885 2194">
    <p class='ocr_par' dir='ltr' id='par_1_20' title="bbox 1746 2155 1885 2194">
     <span class='ocr_line' id='line_1_135' title="bbox 1746 2155 1885 2194; baseline 0.022 -12"><span class='ocrx_word' id='word_1_813' title='bbox 1746 2155 1885 2194; x_wconf 42' lang='lat' dir='ltr'>Hystaspi&amp;</span> 
     </span>
    </p>
   </div>
  </div>
 </body>
</html>
