2048 3343
58 1358 75 1379 2
84 1348 167 1384 Patr-tl.

57 1396 103 1422 2⁶.
112 1400 137 1421 7.
148 1401 177 1428 9.

77 2991 209 3030 2Regst4.

78 3040 159 3060 ³¹·21.

450 110 519 137 ET
579 99 1246 140 CHRonotoe1c1

1309 103 1487 144 LIB.I.
1706 119 1749 153 51

212 175 329 213 Graeci,
338 184 481 211 recentes
493 174 591 209 etiam
607 187 724 210 omnes
741 176 933 219 Interpretes
948 197 958 212 ,
1011 185 1066 209 nat
1078 175 1111 209 in
1121 186 1207 209 anno
1221 177 1290 218 ejus
1307 175 1516 215 duodecimo.
1544 178 1643 228 Resp.
1669 181 1758 216 Mira

207 227 317 266 Galli,
338 224 458 272 Angli.
478 221 864 271 Belgae‚1tali,Hispani,
889 233 957 255 non

203 274 317 310 debuit
329 273 458 321 Cape-llus
467 296 477 309 ‚
504 274 538 307 in
548 283 672 308 textum
684 270 909 305 authenticum
922 281 958 305 ut

203 335 394 370 corruptum
407 318 566 357 involfiffe.

256 372 365 419 Qod
386 372 424 405 ad
440 373 510 414 ejus
528 379 758 417 argumentum
778 382 815 404 ex
842 382 859 405 2
872 370 956 418 Reg.

205 423 240 457 8.
252 424 341 457 variae
355 420 485 455 &doctis
496 417 673 453 afferuntur
684 420 935 454 conciliationes
948 442 957 458 ,

203 483 240 506 ut
252 473 285 505 in
296 468 408 516 quaest.
422 481 476 503 10.
491 480 560 515 cap.
575 469 607 504 8.
619 469 677 503 lib.
696 481 723 503 1.
737 470 956 505 diximus-Vi-

202 521 271 555 deat
290 520 346 567 qui
366 518 436 554 vult
453 520 486 552 in
506 517 588 552 hanc
610 518 844 566 quaestionem,
872 522 959 552 Peta-

202 570 295 605 vium‚
306 567 464 608 salianum,
474 566 651 602 Tormellum
662 592 671 608 ,
680 568 834 602 Henricum
847 566 957 613 Philip-

198 619 254 668 pi,
275 619 372 653 etiam
391 628 602 652 annotatores
622 619 824 665 Anglicanos
843 621 876 652 δε
891 616 959 650 ssel-

203 680 261 717 gas
272 692 284 708 ‚
305 665 450 715 aliosque
459 668 587 702 multos
597 666 638 701 ab
651 668 689 701 iis
699 669 837 706 citat053
874 679 912 700 ex
925 678 961 699 0-

204 716 336 753 mnibus
350 719 458 751 nullus
470 714 563 750 affert
582 719 728 762 pejorem
747 728 783 750 ac
795 715 897 763 magis
907 715 945 750 de

206 765 364 814 speratam
381 766 649 800 conciliationem
666 789 676 805 ,
701 764 800 811 quam
812 765 962 802 capellus,

208 817 267 862 qui
287 815 401 850 durum
414 814 546 863 quidem
562 814 688 848 nodum
708 814 835 848 duriore
855 813 962 848 multo

207 877 311 900 cuneo
323 866 444 912 rumpit
458 889 468 905 ‚
480 877 548 898 non
561 865 703 897 omnino
715 861 877 898 necessaria
889 861 962 896 sacri

206 912 312 950 textt'is
332 925 488 962 tanquam
509 914 654 958 corrupti
667 911 834 954 temeraria
851 924 961 946 corre-

209 965 327 999 ftione.
354 962 485 1010 Capellus
496 961 830 1004 admodumjuvenis,
856 972 963 994 anno-

208 1026 279 1049 rum
303 1016 363 1055 (ut
385 1010 451 1059 ipse
471 1009 668 1057 profitetur)
698 1009 815 1055 viginti
835 1007 963 1043 tantum

208 1064 359 1110 quinque
381 1061 536 1105 colligere
547 1058 652 1103 coepit
663 1056 840 1092 authentici
852 1054 963 1092 textus

210 1123 321 1150 errata,
338 1112 370 1143 in
383 1108 445 1142 hoc
456 1105 645 1153 gravisfimo
656 1105 766 1141 labore
776 1106 961 1154 persevera-

209 1162 258 1195 vit
278 1159 314 1192 ad
347 1155 444 1190 seram
471 1154 670 1190 senectutem
689 1180 700 1195 ‚
739 1156 962 1204 ultimumque

210 1208 382 1254 Spiritum.
415 1205 518 1239 Dolet
544 1203 766 1239 doctiffimum
796 1206 900 1241 virum
929 1207 963 1240 in

209 1267 278 1290 tam
302 1254 383 1290 malai
401 1252 502 1303 opera
521 1265 573 1289 tot
590 1267 693 1290 annos
713 1253 843 1302 peffime
854 1254 960 1304 perdi-

211 1304 300 1340 diss'e.

256 1353 388 1390 Tertius
398 1353 490 1388 locus
499 1366 598 1403 quem
610 1354 679 1388 vult
687 1352 820 1403 capellus
829 1351 967 1388 manife-

212 1403 259 1442 ste
278 1414 469 1453 corruptum
481 1428 491 1444 ,
504 1404 550 1439 est
570 1415 586 1437 2
601 1405 699 1439 Paral.
710 1409 768 1452 36.
779 1404 857 1440 vers.
871 1416 902 1446 9-
915 1401 972 1437 ubi

212 1451 362 1491 lechom'as
381 1453 489 1489 adiiffc
506 1466 643 1502 regnum
667 1453 784 1489 dicitur
803 1466 892 1489 anno
912 1450 969 1486 suo

217 1505 347 1541 offitavo,
362 1516 436 1539 cum
449 1515 559 1539 tamen
571 1517 591 1538 2
605 1505 752 1552 Reg‚24.
766 1504 829 1539 v.8.
839 1514 973 1551 regnate

219 1552 346 1602 ccepiffc
357 1553 481 1589 dicatur
492 1566 581 1588 anno
589 1554 718 1589 decimo
729 1554 858 1591 octavo.
875 1550 973 1599 Resp.
986 1571 987 1574 κ

220 1603 308 1639 Male
320 1602 371 1638 hic
382 1604 509 1651 Capellus
522 1600 675 1653 jesuitam
687 1607 797 1639 Canum
808 1628 818 1645 ‚
845 1606 878 1638 &
891 1603 975 1636 alios

219 1650 414 1689 Pontificios
433 1649 576 1701 sequitur
588 1656 621 1687 in
633 1653 845 1702 conspuendis
858 1650 976 1699 absque

221 1701 314 1738 causa
324 1701 536 1737 sacrosanctis
548 1704 737 1750 Scripturis:
756 1702 832 1737 cum
843 1701 908 1736 hoc
920 1714 975 1736 co-

221 1763 372 1788 narentur
392 1752 527 1801 quidam
552 1753 634 1786 olim
653 1776 663 1791 ,
688 1749 845 1792 Abulenfis
862 1763 975 1786 eorum

218 1802 415 1849 positionem
428 1803 557 1837 vocavit
567 1802 666 1836 nimis
676 1814 845 1836 erroneam
856 1828 866 1841 ,
880 1802 977 1836 nimis

217 1849 434 1885 scandalosam
444 1875 455 1891 ,
483 1864 535 1897 pet
550 1864 647 1899 quam
661 1852 815 1886 manebat
830 1851 975 1886 homini-

219 1900 280 1934 bus
293 1899 429 1934 dubium
447 1899 485 1934 de
497 1898 564 1934 totfi
578 1899 670 1935 Sacra
683 1899 864 1948 Scriptura,
888 1898 975 1935 certe

218 1950 311 1984 locus
327 1949 380 1982 hic
399 1949 643 1984 chronicorum
670 1952 704 1985 in
727 1951 882 1985 omnibus
908 1951 976 1984 He-

220 1998 334 2034 braicis
343 1998 511 2034 codicibus
523 1998 564 2033 fic
573 2000 691 2047 legitur
703 2014 711 2033 .-
726 2001 818 2034 nulla
828 2000 916 2036 varia
928 2000 975 2034 le-

216 2049 284 2082 ffio
295 2047 313 2081 :i
326 2060 491 2096 quoquam
513 2061 657 2098 unquam
673 2049 717 2084 est
728 2050 821 2084 allata
834 2076 844 2089 ‚
863 2048 975 2084 eadem

217 2097 264 2132 est
274 2098 357 2131 tatio
368 2099 521 2132 omnium
538 2098 690 2134 codicum
703 2100 894 2134 Latinorum
906 2121 918 2135 ‚
939 2101 974 2132 &

216 2148 437 2182 recentiorum
460 2149 493 2181 in
515 2148 636 2195 linguis
663 2149 800 2197 vulgatis
817 2150 974 2195 interpre-

216 2207 302 2231 tum.
334 2197 479 2231 Codices
511 2197 620 2232 Graeci
646 2200 781 2245 optimae
807 2208 893 2232 notae
919 2196 974 2231 bic

219 2244 428 2281 consentiunt
439 2270 448 2287 ‚
467 2257 532 2281 tam
544 2249 736 2288 Vaticanus,
752 2245 848 2295 quam
865 2248 973 2282 Com—

218 2295 383 2341 plutenIiS.
417 2298 541 2331 Verum
568 2297 614 2331 est
631 2294 791 2345 quosdam
819 2297 973 2336 Graecos,

220 2356 305 2390 quos
316 2343 461 2392 sequitur
470 2346 583 2392 Syrus,
610 2350 641 2381 δε
662 2345 766 2381 Arabs
786 2345 972 2381 haberean-

221 2403 283 2426 nos
303 2393 504 2434 octodecim,
521 2394 573 2430 sed
591 2395 674 2430 nihil
697 2395 762 2430 hoc
787 2395 973 2443 praejudicat

220 2440 389 2475 Hebraicae
410 2442 548 2476 veritati.
575 2445 628 2478 De
646 2444 752 2491 Cape-lli
765 2446 889 2480 ratione
903 2445 974 2479 satis

219 2490 393 2537 egimusin
407 2489 516 2537 quaest.
529 2502 582 2537 27.
595 2494 677 2537 Cap.
687 2492 800 2526 8.lib.1
810 2518 818 2526 .
830 2496 887 2541 qui
900 2495 974 2541 plu-

218 2552 252 2574 ra
263 2537 413 2573 desiderat
424 2539 516 2573 adeat
528 2539 689 2574 Henricum
707 2537 831 2588 Philippi
845 2564 854 2579 ‚
874 2542 974 2574 Salia-

219 2601 308 2627 num,
325 2587 502 2634 Torniellum
514 2610 523 2622 ‚
542 2589 577 2623 in
590 2589 702 2636 primis
720 2589 797 2623 vero
818 2589 973 2624 vindicias

220 2636 370 2681 Buxtorfii
378 2662 387 2678 ,
400 2641 430 2671 &
441 2637 608 2671 mirabitur
619 2649 732 2672 contra
742 2648 794 2672 tot
806 2638 975 2686 tantosque

221 2685 367 2732 Capellam
378 2688 557 2731 injuvcnili
567 2684 622 2721 suo
634 2700 740 2722 errore
760 2686 893 2723 voluiffe
904 2700 971 2735 per-

219 2734 370 2771 severare.
395 2735 496 2770 Certe
509 2748 646 2783 magnus
663 2740 732 2781 ejus
742 2736 889 2784 magister
901 2740 976 2771 Gro-

222 2786 279 2819 tius
305 2786 430 2819 nullum
446 2785 498 2819 bic
519 2785 552 2818 in
573 2783 659 2819 sacro
678 2796 769 2820 textu
789 2798 927 2821 errorem
939 2800 976 2820 a·

223 2833 351 2880 gnoscit
371 2859 381 2875 ‚
413 2836 489 2869 licet
512 2834 628 2868 lunium
649 2836 681 2868 in
699 2833 749 2868 lua
770 2836 973 2869 conciliatio-

226 2893 286 2919 ne,
309 2897 404 2931 quam
429 2887 482 2917 vix
501 2883 623 2919 bonam
643 2895 794 2932 putamus
809 2908 820 2924 ,
845 2884 908 2931 ipse
926 2882 974 2919 sc-

227 2942 355 2977 quatur.
932 2958 942 2968 t

277 2982 422 3025 Quartus
446 2983 539 3018 locus
564 2984 581 3019 ἐι
597 2981 713 3031 capedo
724 2981 974 3022 condemnatus,

231 3025 276 3061 est
296 3031 408 3078 ¹Reg.
425 3044 479 3077 14·
492 3046 521 3068 v.
534 3046 582 3068 ει.
605 3033 662 3067 ubi
684 3029 869 3066 Rhehoboam
888 3044 974 3066 anno

228 3074 287 3109 suo
297 3080 534 3127 quadragelimo
546 3084 653 3130 primo
666 3082 780 3117 dicitur
788 3080 918 3129 coepiffe
928 3093 975 3115 re·

229 3138 339 3172 gnare.
349 3140 386 3161 cx
397 3127 447 3162 his
458 3130 599 3167 detrahit
609 3131 735 3180 Capellus
743 3145 847 3167 annos
858 3131 976 3179 viginti

230 3187 360 3217 novem,
371 3175 446 3211 cum
458 3179 587 3217 initium
598 3184 687 3232 regni
701 3180 898 3219 Rbehoboami
909 3193 973 3231 po—

1007 223 1072 258 haec
1085 223 1215 258 audacia
1225 223 1267 258 est
1279 227 1539 271 corrigendarurn
1548 233 1646 264 toties
1654 229 1758 265 sacra-

1007 285 1079 306 rum
1101 274 1335 320 Scripturarum
1361 272 1482 322 absque
1499 278 1564 312 ulli}
1588 279 1756 314 necessaria

1005 323 1143 360 ratione.
1168 324 1220 356 De
1231 335 1264 357 re
1281 321 1344 370 ips&
1361 323 1488 370 egimus
1507 328 1615 373 quaest.
1629 342 1659 374 3.
1676 329 1757 365 dieti

1006 373 1131 418 capitis.

1055 421 1247 454 Lectionem
1268 420 1332 454 loci
1352 421 1510 457 Hebraici
1525 434 1587 470 prae
1607 426 1759 462 manibus

1007 465 1185 517 sequuntur
1193 482 1310 504 omnes
1322 472 1526 518 Interprctes‚
1537 483 1661 508 veteres
1672 499 1683 515 ‚
1695 489 1761 509 no-

1008 520 1061 553 vi:
1084 521 1234 565 Tar-gum
1251 517 1416 553 Ionatham
1431 545 1439 557 ,
1463 533 1484 555 L
1500 533 1521 554 x
1540 533 1577 554 x.
1598 525 1760 570 Interpre-

1008 579 1078 602 tum
1088 567 1247 603 editiones
1256 581 1381 606 omnes,
1391 571 1495 616 Syrus,
1508 570 1621 612 Arabs,
1633 573 1762 607 omncs-

1010 630 1074 664 que
1087 619 1216 656 Latini,
1231 621 1262 652 &
1275 619 1420 666 vulgares
1434 618 1534 653 hodie
1546 632 1662 656 omnes
1675 648 1682 659 ,
1708 621 1761 656 sed

1010 666 1105 714 quod
1130 665 1236 700 multo
1255 671 1356 714 majus
1373 667 1439 709 est,
1463 670 1574 704 auctor
1594 682 1610 704 2
1631 671 1761 708 Chron.

1016 727 1028 749 1
1038 729 1069 750 2.
1080 729 1111 751 v.
1129 727 1182 762 13.
1207 714 1476 753 hancleetionem
1490 719 1674 754 confirmat,
1701 722 1761 756 Fa-

1012 777 1081 799 teor
1092 778 1246 812 magnum
1259 767 1366 813 Capelli
1377 778 1550 814 patronum
1564 770 1693 804 Grotium
1704 783 1763 805 an-

1012 826 1124 848 notare
1136 816 1167 848 in
1178 813 1264 849 hunc
1275 813 1400 855 locum,
1417 817 1572 863 quosdam
1588 819 1693 868 legere
1705 832 1764 854 an·
1804 834 1806 838 ·

1013 875 1058 896 no
1072 863 1228 910 vigesimo
1238 865 1345 909 primo
1356 889 1365 905 ,
1378 867 1433 912 qui
1444 866 1502 901 sint
1511 879 1620 902 autem
1633 871 1679 904 illi
1691 871 1765 916 qui-

1011 914 1084 945 dam
1093 923 1161 944 non
1172 910 1269 945 dicit:
1282 911 1303 945 fi
1318 913 1474 959 Sulpnium
1491 924 1632 952 Severum
1644 917 1768 964 fignifi-

1012 970 1062 994 cat
1073 983 1083 1000 ,
1097 970 1231 993 noverat
1244 961 1277 993 in
1293 960 1555 1010 Clironologicis
1568 979 1695 1011 parvam
1707 964 1766 1001 effe

1011 1012 1081 1055 ejus
1092 1009 1484 1058 auc'toritatemdnptimis
1493 1025 1568 1047 cum
1577 1016 1676 1051 Sacrae
1684 1018 1767 1050 Scri-

1012 1069 1111 1106 pturae
1125 1058 1331 1093 contradicit.

1057 1108 1215 1142 Rationes
1234 1120 1314 1156 quas
1336 1121 1395 1155 pto
1419 1107 1449 1144 se
1466 1108 1557 1147 affert
1584 1109 1712 1158 Cap'ellus
1731 1114 1766 1147 in

1013 1156 1137 1191 Criticz‘i
1152 1155 1205 1191 snei
1217 1156 1297 1192 sacra
1317 1170 1391 1206 pag.
1410 1171 1487 1206 357.
1509 1160 1682 1207 parvisunt
1694 1174 1768 1196 mo-

1013 1207 1128 1241 menti.
1152 1208 1259 1241 Prima
1271 1206 1336 1242 haec
1348 1208 1402 1243 est.
1431 1208 1565 1244 Salomon
1578 1213 1706 1245 tantum
1718 1224 1767 1246 re-

1009 1257 1123 1305 gnavit
1133 1261 1225 1291 annis
1237 1257 1447 1305 quadraginta
1457 1283 1466 1298 ,
1479 1263 1510 1293 δι
1524 1261 1701 1294 admodum
1712 1265 1768 1306 ju-

1015 1307 1103 1340 venis
1120 1306 1250 1354 suscepit
1262 1319 1409 1354 regnum.
1435 1307 1530 1355 Resp.
1556 1310 1636 1344 Non
1646 1314 1772 1356 tamju-

1018 1357 1107 1392 venis
1126 1354 1188 1390 fuit
1208 1354 1343 1403 Solamen
1362 1356 1436 1392 cum
1455 1356 1591 1406 suscepit
1616 1360 1772 1406 regnurm

1018 1406 1101 1453 quin
1110 1406 1239 1453 viginti,
1250 1417 1307 1440 aut
1318 1408 1435 1454 viginti
1444 1407 1526 1441 duos
1536 1421 1640 1443 annos
1650 1409 1775 1443 habue-

1020 1456 1072 1489 rit.
1098 1453 1205 1502 Qod
1226 1454 1373 1490 Rabbini
1393 1457 1524 1505 quidam
1538 1481 1547 1494 ‚
1574 1462 1607 1494 &
1626 1458 1697 1506 post
1717 1470 1775 1494 eos

1022 1506 1216 1548 Hieronymus
1226 1505 1260 1539 in
1270 1504 1407 1552 epistol&
1418 1506 1455 1541 ad
1467 1511 1494 1542 V
1498 1506 1598 1542 italem
1616 1520 1648 1555 13
1658 1520 1689 1544 2.
1706 1520 1776 1541 ma-

1021 1553 1126 1589 tutius
1137 1556 1252 1589 volunt
1262 1553 1439 1591 Solomonem
1450 1555 1560 1592 adiiss‘e
1570 1570 1706 1606 regnum
1717 1582 1726 1597 ,
1741 1561 1776 1592 &

1020 1604 1160 1653 genuisse
1181 1601 1363 1638 Rhehohoam
1387 1618 1475 1640 anno
1509 1605 1566 1641 suo
1594 1608 1776 1642 undecimo

1022 1664 1077 1690 aut
1088 1652 1289 1689 duodecimo
1300 1680 1309 1693 ,
1326 1651 1433 1689 fabula
1444 1655 1487 1689 cst
1498 1654 1562 1690 fine
1573 1653 1774 1690 fundamen-

1024 1715 1061 1739 to
1073 1730 1082 1744 ‚
1108 1707 1139 1738 δέ
1150 1714 1316 1750 utcunque
1327 1703 1382 1738 ista
1393 1703 1422 1739 se
1441 1703 1592 1745 habeant,
1606 1717 1671 1739 tam
1682 1705 1777 1740 Rab«

1024 1754 1093 1789 bini
1102 1752 1201 1801 quam
1212 1753 1405 1797 Hieronymus
1416 1755 1450 1788 in
1462 1755 1554 1788 annis
1564 1755 1682 1801 quibus
1694 1752 1778 1788 Rhe-

1023 1801 1141 1838 hoboam
1153 1814 1286 1848 regnum
1308 1804 1384 1837 adiit
1395 1829 1402 1841 ,
1420 1803 1437 1837 a
1452 1807 1478 1836 C
1480 1802 1563 1851 apelli
1570 1805 1776 1839 correctione

1024 1856 1259 1898 Scripturarum
1273 1853 1368 1887 valde
1380 1851 1451 1888 sunt
1459 1853 1565 1886 alieni.

1069 1901 1216 1936 Secunda
1231 1901 1342 1946 Capelli
1357 1903 1451 1937 ratio.
1477 1901 1611 1937 solomon
1623 1911 1698 1935 ante
1713 1901 1779 1934 ini-

1024 1962 1094 1986 tum
1115 1962 1253 1999 regnum
1266 1949 1328 1986 fuit
1341 1949 1400 1985 sub
1419 1950 1606 1999 paedagogizi
1623 1947 1777 1984 Natham's

1025 2000 1214 2048 Prophetae,
1235 2002 1290 2047 qni
1310 2013 1479 2048 nunquam
1494 2013 1569 2034 eum
1592 1997 1778 2047 permisisset

1024 2062 1162 2085 uxorem
1174 2050 1288 2084 ducere
1300 2051 1533 2085 Ammonitidcm
1543 2060 1658 2084 contra
1669 2050 1779 2096 legem

1024 2102 1124 2134 Deut.
1138 2111 1154 2133 2
1164 2113 1194 2133 τ.
1206 2098 1283 2134 vers.
1295 2111 1325 2143 3.
1351 2099 1449 2146 Resp.
1479 2112 1506 2136 ι,
1526 2101 1703 2146 Nunquam
1714 2095 1781 2131 fuit

1022 2148 1157 2183 Salomon
1172 2148 1230 2183 sub
1250 2147 1435 2196 paedagogifi
1447 2145 1600 2183 Nathanis
1609 2173 1618 2188 ,
1633 2148 1677 2181 ita
1692 2158 1726 2180 ut
1737 2146 1779 2181 ab

1022 2198 1085 2234 hoc
1096 2202 1165 2244 ejus
1176 2199 1299 2244 nuptiae
1310 2196 1500 2245 penderent.
1528 2211 1558 2231 2.
1568 2195 1645 2231 Esto
1656 2192 1780 2240 fuisset3

1021 2251 1088 2284 Lex
1116 2249 1171 2282 illa
1195 2249 1451 2283 Deuteronomii
1481 2259 1550 2282 non
1585 2245 1778 2281 excludebat

1021 2296 1256 2338 Ammonitidas,
1272 2308 1326 2331 aut
1337 2294 1520 2331 Moabite'a'as
1531 2300 1547 2330 :i
1555 2297 1678 2344 nuptiis
1688 2297 1780 2341 Israb'-

1019 2347 1133 2383 litarum
1145 2372 1156 2388 ,
1181 2359 1256 2382 cum
1276 2346 1457 2381 evadebant
1469 2346 1650 2393 proselytae,
1669 2345 1778 2378 nullus

1019 2398 1107 2433 enim
1118 2398 1262 2444 unquam
1275 2393 1377 2430 Ruthae
1385 2398 1516 2442 nuptias
1526 2397 1577 2431 vel
1591 2397 1712 2442 priores
1722 2392 1775 2426 vel

1020 2447 1211 2495 posteriores
1239 2446 1469 2493 illegitimavit.
1506 2457 1537 2490 3.
1562 2444 1626 2478 Etsi
1644 2444 1774 2476 licitum

1019 2510 1087 2532 non
1103 2495 1201 2530 fuerit
1221 2496 1383 2541 AEgyptiis
1405 2496 1522 2529 intrare
1540 2491 1769 2538 congregatio-

1019 2557 1094 2580 nem
1115 2544 1322 2578 Israie‘litarutn
1345 2552 1420 2575 ante
1442 2543 1567 2575 tertiam
1586 2540 1770 2587 generatio-

1021 2605 1097 2628 nem
1111 2615 1120 2628 ,
1130 2604 1197 2626 non
1209 2601 1317 2624 tamen
1330 2589 1394 2624 hoc
1405 2590 1621 2637 illegitimavit
1638 2590 1770 2636 nuptias

1021 2641 1176 2676 Solomonis
1195 2652 1267 2674 cum
1290 2637 1355 2672 filia
1374 2636 1534 2672 Pharaonis
1558 2637 1707 2687 AEgyptiz‘i
1733 2640 1770 2673 in

1020 2690 1233 2738 generatione
1250 2686 1353 2735 prim&
1366 2713 1374 2726 ‚
1397 2701 1457 2722 nec
1472 2689 1685 2723 Davidt'scum
1698 2686 1766 2723 filia

1020 2739 1136 2775 Talmai
1147 2739 1243 2785 Regis
1254 2740 1317 2785 Ges
1314 2734 1376 2770 hur.
1407 2738 1498 2782 Qin
1512 2741 1545 2771 δε
1559 2739 1640 2772 inter
1650 2739 1770 2784 prima-

1020 2792 1086 2824 rios
1099 2791 1151 2822 Da
1159 2788 1230 2821 mdis
1248 2787 1346 2822 duces
1361 2787 1490 2821 fuerunt
1510 2785 1600 2821 Uriah
1618 2788 1748 2822 Hittites
1760 2809 1770 2823 ³

1020 2844 1051 2873 &
1065 2836 1162 2877 Zelek
1180 2839 1389 2882 Ammonitas
1403 2850 1419 2870 2
1436 2838 1519 2870 Sam.
1535 2849 1589 2881 23.
1600 2849 1629 2871 v.
1645 2849 1699 2884 37.
1714 2849 1773 2880 39.

1022 2901 1055 2930 4.
1081 2888 1110 2920 Si
1130 2899 1279 2933 negarem
1304 2884 1500 2920 Rhehohoami
1519 2898 1654 2920 matrem
1679 2883 1770 2920 fuiffe

1023 2935 1302 2976 Ammonitidem,
1320 2949 1361 2970 eo
1373 2935 1462 2982 quod
1479 2934 1637 2970 editiones
1658 2948 1675 2968 ι.
1695 2947 1718 2968 x
1733 2947 1770 2969 x.

1018 2990 1230 3033 Interpretum
1242 2987 1376 3033 optimae
1396 2996 1481 3019 notae
1493 3009 1503 3025 ‚
1527 2984 1745 3020 Alexandrina
1757 3009 1769 3025 ,

1019 3034 1231 3071 Londinenfis
1244 3059 1254 3075 ,
1274 3039 1304 3070 ὃ(
1316 3047 1430 3068 omnes
1441 3035 1546 3068 Latini
1564 3036 1676 3082 legunt
1690 3039 1770 3067 Am-

1020 3085 1134 3119 manitis
1145 3109 1155 3122 ,
1172 3088 1206 3120 δε
1220 3097 1286 3118 non
1298 3086 1511 3124 Ammonttaeis,'
1523 3085 1555 3118 in
1568 3084 1630 3119 lioc
1648 3083 1770 3131 seque-

1019 3148 1070 3170 rer
1081 3135 1344 3169 novaturientem
1357 3133 1499 3173 Capellam
1509 3156 1517 3169 ‚
1532 3132 1586 3168 sed
1597 3135 1613 3169 ,ἱ
1625 3146 1676 3170 me
1687 3145 1769 3180 pro-

1021 3186 1073 3222 cul
1084 3183 1165 3220 absst
1175 3182 1309 3220 audacia
1328 3182 1457 3220 fontem
1475 3183 1649 3222 Hebraeum
1669 3183 1768 3265 11111'111S

1389 3234 1424 3269 G
1452 3246 1469 3268 ,ι
1672 3233 1743 3268 rivu
1758 3231 1770 3264 i
