2048 3343
56 1185 113 1220 .Λᾶ
123 1195 147 1220 3.

61 2019 119 2051 Aa!
127 2029 154 2055 4.

89 3041 187 3080 ,Λᾱςὲ

484 80 550 109 ετ
613 70 1256 109 Cnnouotoc1ct

211 155 283 181 uon
308 142 422 180 debuit
447 142 754 192 quinquagesimum
785 143 959 188 attingere,

209 193 300 242 quod
313 192 436 227 malum
454 192 497 227 est
515 204 744 241 argumentum
757 191 799 226 ad
811 193 956 238 proban-

209 245 290 278 dum
302 242 463 279 calculum
476 245 629 277 Gtaecum
646 252 810 275 annorum
823 251 957 275 centum

208 293 355 339 triginta.

254 340 413 377 Secundo
433 350 680 387 argumentatur
703 341 825 386 lssmcus.
857 338 886 372 Si
906 346 956 372 Ar-

202 393 337 439 pbaxad,
349 391 448 430 treber,
459 393 492 423 &
503 391 558 425 alii
569 401 635 423 tam
646 389 774 424 mature
787 388 958 436 genuerint

207 440 306 488 quim
319 441 387 474 vult
397 438 503 472 codex
515 439 763 479 Hebraumum
776 448 957 486 potueruut

207 487 321 525 vidisti:
341 488 586 536 generationem
606 487 623 522 zi
643 487 673 522 se
693 487 954 533 decimamquiu-

208 550 277 574 tam
287 565 294 578 ,
307 549 360 572 aut
372 536 572 571 vicesimam.
599 540 703 584 Atqui
715 537 782 572 hoc
795 537 838 571 est
850 536 959 571 absur-

209 588 302 623 dum.
338 586 434 634 Res'p.
447 588 500 622 De
515 588 663 634 potentii
673 599 843 634 nunquam
854 584 960 621 dedu-

212 636 264 673 ἃᾶ
281 638 314 671 in
326 637 435 670 actum
447 638 526 682 quid
537 638 651 671 attinet
665 640 834 684 quaerere?
866 636 960 668 Patet

210 696 328 721 eorum
341 686 467 719 nullum
479 688 734 733 generationem
744 686 904 720 decimam
916 684 961 716 vi-

208 733 410 781 disse‚idque
429 747 465 769 ex
476 736 604 770 ratione
617 733 795 774 manifesta,
809 733 963 780 supponit

210 787 300 820 enim
318 796 548 832 argumentum
574 784 784 831 posterorum
815 782 962 829 singulos

207 831 351 883 genuisse
363 845 451 866 anno
462 831 645 874 tricesimo,
657 835 749 879 atqui
759 834 847 878 Moses
859 831 960 865 diser-

208 884 242 919 te
255 893 359 918 narrat
379 885 505 918 Tlmram
516 896 584 916 non
596 882 738 930 genuisse
749 894 823 915 ante
835 879 960 927 septua-

207 931 370 981 gesimum
385 955 394 968 ‚
408 936 442 966 &
457 931 495 975 (si
505 932 602 978 Isium
612 931 803 973 credimus)
827 926 960 962 centeii-

209 994 304 1017 mum
327 979 528 1015 tricesimum
544 1006 554 1020 ,
580 982 761 1015 Abralmmus
777 978 877 1010 ctiam
899 987 959 1022 gc-

210 1034 281 1067 nuit
300 1031 425 1076 Jfimcum
437 1028 635 1066 centesimo,
657 1031 689 1061 δέ
706 1028 819 1073 Ifitacus
829 1027 959 1060 Iacobum

210 1078 411 1127 sexagesimo
430 1102 441 1118 ‚
471 1077 586 1111 Iacobus
604 1077 760 1111 Reubcncm
774 1075 849 1123 post
860 1076 958 1109 oero-

210 1128 384 1180 gesimam.

259 1177 410 1210 Tertium
423 1175 490 1217 ejus
503 1186 742 1222 argumentum.
772 1171 960 1210 Patriarchae

207 1225 280 1276 post
301 1224 438 1259 fluvium
459 1236 524 1258 non
537 1235 721 1272 genuerunt
734 1236 823 1258 anno
833 1225 961 1257 circiter

208 1273 385 1323 trigesimo,
401 1286 476 1307 cum
488 1274 606 1308 diebus
615 1275 706 1321 lsaaci
717 1299 726 1313 ‚
743 1273 880 1323 quando
893 1273 958 1306 vita

207 1324 388 1359 hominum
400 1324 505 1357 altero
516 1335 612 1358 tanto
628 1335 696 1359 erat
710 1322 844 1358 brevior
854 1348 864 1360 ‚
880 1334 960 1369 qua-

208 1373 412 1422 dragesimus
432 1385 536 1408 annus
553 1373 686 1408 habitus
705 1373 742 1408 fit
755 1373 958 1420 projuvenili

210 1435 318 1459 aetate.
353 1422 452 1470 Resp.
471 1424 628 1472 intelligit
648 1426 695 1458 vir
711 1422 960 1468 doctusjuveu-

211 1484 319 1509 tutem
331 1473 422 1519 isaaci
435 1472 476 1506 de
489 1485 578 1507 auno
597 1477 669 1519 ejus
688 1473 825 1520 nuptiali
842 1497 851 1509 ‚
879 1470 960 1518 quid

212 1521 290 1557 huic
308 1532 505 1571 argumento
518 1523 597 1557 inest
616 1525 760 1557 vitium?
787 1525 903 1556 Annus
913 1528 963 1556 Ia-

214 1570 277 1606 cohi
286 1573 439 1619 nuptialis
451 1584 520 1606 erat
531 1571 620 1619 supra
629 1570 872 1618 octogesimum
885 1595 895 1611 ‚
913 1578 965 1605 Iu-

215 1623 285 1657 dam
298 1631 407 1655 tamen
425 1624 459 1655 &
474 1622 673 1666 Benjaminum
684 1619 964 1668 oportuitduxisse

215 1682 337 1706 uxores
349 1681 424 1704 ante
435 1669 635 1705 tricesimum
648 1694 659 1707 ‚
676 1683 752 1704 nam
767 1672 920 1715 Benjamin
932 1672 964 1704 in

219 1721 402 1768 AEgyptum
423 1718 623 1754 descendens
648 1731 725 1753 ante
745 1719 835 1753 suum
855 1718 965 1754 vicesi-

218 1780 313 1802 mum
331 1769 462 1803 tertium
484 1780 577 1815 pater
593 1778 661 1803 erat
683 1767 829 1803 filiorum
855 1770 965 1816 legiti-

218 1829 442 1854 morum,uon
457 1819 648 1864 pauciorum
661 1817 759 1864 quim
771 1818 886 1852 decem
901 1844 911 1861 ‚
930 1822 964 1853 δε

213 1868 287 1901 Iuda
304 1868 338 1899 in
360 1865 415 1899 suo
426 1867 674 1915 quadragesimo
685 1869 782 1902 tertio
795 1868 862 1902 duo
872 1879 966 1902 erant

213 1927 431 1964 pronepotes,
479 1916 578 1962 Qid
598 1917 655 1950 ista
675 1917 716 1951 ad
741 1930 809 1951 rem
830 1918 964 1965 praesen-

214 1978 280 2001 tem
304 1973 314 1999 ἒ

267 2015 439 2061 Qartum
452 2014 613 2050 viridocsti
624 2028 870 2062 argumentum.
898 2016 965 2051 Ab·

215 2062 349 2099 surdum
362 2065 406 2098 est
419 2063 560 2111 (inquit)
572 2066 714 2112 prorsus,
726 2070 760 2100 δέ
772 2064 914 2102 infelicis
923 2066 967 2100 est

215 2113 344 2161 judicii,
356 2116 412 2160 qui
423 2116 584 2149 existimat
595 2115 764 2162 contigiffe
777 2140 786 2154 ,
811 2117 903 2163 quod
915 2127 966 2149 ta-

216 2176 294 2198 men
315 2163 476 2198 Hebraeus
495 2163 638 2199 calculus
657 2169 754 2211 ponit
777 2191 787 2205 ,
815 2168 968 2200 Noachum

215 2212 323 2249 vixisse
334 2215 375 2247 ad
389 2215 548 2248 Abrahasm‘
558 2213 866 2263 quinquagesimum
881 2216 971 2250 odra-

216 2274 296 2298 vum
309 2287 318 2303 ‚
338 2266 372 2298 δε
393 2266 530 2298 shemum
544 2262 655 2298 vidisse
672 2260 801 2299 iambum
812 2263 828 2300 ὲ
839 2264 871 2300 se
881 2264 971 2299 deci·

218 2323 311 2345 mum
324 2314 468 2347 tertium.
494 2312 590 2361 Resp.
600 2315 662 2348 Vix
674 2313 783 2348 decuit
795 2316 898 2348 virum
911 2314 972 2348 do-

223 2361 314 2394 etum
350 2373 542 2410 oppugnare
566 2360 741 2409 expressam
775 2364 973 2411 Scripturnm

227 2409 327 2442 meris
338 2409 564 2445 assertionibus
577 2416 610 2446 &
623 2413 779 2447 conviciis
799 2427 808 2453 ς
832 2413 913 2459 quid
925 2413 976 2446 hic

231 2457 367 2491 tandem
381 2456 530 2492 absurdi?
552 2461 633 2504 quid
648 2463 681 2493 in
694 2461 802 2496 nostra
812 2461 879 2496 fide
895 2459 974 2496 infe-

229 2506 364 2542 licitatis
382 2505 424 2539 cst
441 2506 567 2550 judicii,
582 2506 602 2539 fi
614 2509 979 2554 credamusgeneratio-

231 2567 310 2590 nem
324 2554 482 2589 decimam
496 2554 512 2589 Ξι
527 2558 642 2590 Noacbo
654 2579 662 2593 .
684 2560 718 2590 δε
738 2558 901 2591 decimam
914 2570 979 2591 ter-

231 2606 312 2639 tiam
334 2603 351 2638 ἓι
367 2606 467 2638 Shcmo
485 2604 694 2651 conspeffilzam
718 2609 731 2638 ?
767 2609 890 2640 Annon
907 2617 982 2640 ante

231 2652 371 2687 fluvium
390 2655 508 2689 Adamas
520 2657 678 2687 leitcuu]
702 2657 844 2690 Lamacho
862 2657 981 2690 Noactnt

233 2713 327 2750 patre
339 2705 431 2736 annis
445 2702 604 2748 sexaginta
615 2704 673 2744 (tx,
685 2708 718 2738 &
732 2717 807 2738 cum
820 2705 980 2750 Methusala

232 2754 383 2787 ducentis
404 2752 753 2800 quinquagintatribus
772 2778 781 2790 ,
807 2757 841 2788 &
869 2766 981 2788 tamen

236 2799 427 2847 Methusalem
447 2800 488 2834 ab
508 2804 615 2835 adamo
626 2799 688 2834 fuit
702 2805 862 2842 octavus,
879 2807 914 2838 δε
926 2810 982 2837 La·

238 2852 317 2885 mech
335 2862 465 2884 nonus.
505 2851 598 2896 Qid
617 2850 711 2896 quod
730 2851 865 2898 Ephraim
890 2853 985 2887 iacobi

238 2911 400 2946 nepos‚ut
413 2912 490 2933 mox
503 2901 675 2947 apparebit
693 2925 703 2941 ,
732 2901 788 2934 diu
800 2900 872 2948 post
882 2913 982 2948 gene.

1318 65 1431 112 Lm}
1462 71 1492 111 1.
1705 78 1760 115 21'

1008 153 1157 188 tempora
1169 154 1394 179 memorantur
1404 145 1513 180 muitae
1524 168 1533 186 ,
1549 143 1629 180 nulli
1641 157 1753 183 tamen

1008 204 1044 225 cx
1063 191 1250 226 Gentilibus
1270 196 1491 229 meminerunt
1510 198 1639 231 Noacbi.
1671 201 1755 232 Prae-

1010 240 1096 275 terea
1108 265 1116 278 ‚
1129 239 1150 274 st
1160 252 1177 274 u
1184 239 1259 287 sque
1270 241 1313 275 ad
1327 243 1521 280 abrahamum
1533 244 1653 280 vixislet
1666 254 1754 281 Noa-

1008 292 1089 330 clnu,
1108 290 1174 323 hoc
1186 293 1352 337 Mosesnon
1364 293 1622 338 praetermilisset.
1655 296 1756 344 Resp.

1008 339 1123 373 Secula
1141 341 1255 374 Noachi
1272 337 1346 373 sum
1359 342 1442 375 intra
1453 345 1611 377 terminos
1621 354 1760 392 tempo-

1010 390 1052 421 ris
1065 388 1165 422 &157ae
1176 389 1214 422 de
1226 401 1294 434 quo
1308 388 1481 435 scriptores
1500 393 1637 437 gentiles
1650 392 1758 435 silent,

1010 448 1141 484 tempus
1158 439 1273 479 μυθικὲν
1284 438 1352 479 post
1368 440 1538 472 Diluvium
1559 442 1660 485 coepit
1677 468 1688 482 ‚
1715 443 1760 478 de

1010 498 1076 533 quo
1097 485 1176 519 nihil
1196 484 1254 521 nist
1280 484 1407 521 fabulas
1434 488 1559 523 habent
1586 486 1761 537 scriptores

1011 538 1150 579 Etlmici3
1178 540 1212 570 &
1235 534 1315 570 vero
1339 536 1400 572 istae
1419 536 1539 572 fabulae
1561 536 1632 571 satis
1657 541 1761 586 plenae

1011 582 1083 618 sunt
1096 584 1302 621 historiarum
1322 587 1364 621 de
1376 595 1448 622 lano
1461 612 1470 627 ,
1490 588 1546 634 qui
1561 587 1693 635 geminii
1705 587 1760 623 suci

1011 630 1094 667 facie
1114 647 1291 682 utrumque
1306 637 1467 671 mundum
1480 636 1646 685 conspexit
1665 663 1675 679 ,
1700 639 1762 685 qui

1012 683 1153 718 edoctus
1178 682 1195 718 εὶ
1221 692 1345 721 Saturno
1373 687 1493 732 primus
1513 697 1630 720 terram
1646 690 1759 722 colere

1012 732 1129 766 docuit
1149 736 1184 767 &
1211 735 1294 768 vites
1317 734 1466 780 plantare
1485 761 1494 776 ‚
1521 737 1576 783 qui
1590 748 1686 770 verus
1697 733 1761 770 fuit

1014 784 1193 817 Prometheus
1208 785 1300 829 Iapeti
1321 795 1408 832 pater
1421 783 1532 833 porius
1548 785 1648 833 quam
1661 784 1760 825 filius,

1011 832 1067 877 qui
1094 832 1221 877 primus
1241 832 1436 868 hominibus
1461 835 1556 869 luteis
1581 836 1690 881 ignem
1719 834 1763 869 de

1012 881 1100 913 coelo
1112 874 1296 926 surreptum
1308 906 1318 921 ‚
1329 881 1449 918 scilicet
1463 884 1669 931 prudentiam
1682 910 1691 925 ‚
1710 889 1762 917 in-

1011 927 1153 960 sinuavit
1162 952 1171 966 ,
1183 931 1217 961 &
1229 928 1620 967 Astronomiamdocuit.
1654 933 1764 979 Qod

1010 976 1047 1010 ad
1058 976 1168 1019 Mofhm
1176 977 1201 1009 is
1211 976 1351 1025 expresse
1360 977 1431 1012 satis
1443 983 1594 1015 Noacbum
1605 984 1765 1017 abrahami

1010 1023 1128 1059 diebus
1144 1023 1250 1060 vixisse
1265 1025 1407 1061 declarat
1434 1027 1625 1063 volentibus
1644 1030 1761 1065 secun-

1010 1073 1091 1108 dum
1111 1074 1218 1108 textus
1237 1074 1313 1109 sacri
1331 1075 1763 1122 calculumflisertiffimum,

1010 1122 1176 1170 utriusque
1187 1137 1291 1160 annos
1305 1126 1388 1161 inter
1402 1125 1432 1161 se
1444 1139 1664 1174 componere.

1057 1175 1207 1208 Sextum.
1235 1174 1394 1210 Calculus
1407 1177 1593 1211 Hebraicus
1605 1175 1680 1211 facit
1699 1202 1708 1216 ‚
1725 1187 1763 1211 ut

1008 1224 1101 1257 turris
1113 1223 1321 1271 Babylonica:
1332 1227 1491 1260 extructio
1503 1251 1513 1266 ‚
1534 1224 1761 1273 disper-stoque

1007 1273 1153 1321 gentium
1180 1273 1362 1308 acciderint
1387 1277 1438 1309 vix
1458 1287 1528 1309 nno
1548 1275 1660 1311 seculo
1688 1275 1761 1323 post

1009 1322 1180 1356 Diluvium
1203 1347 1213 1360 ‚
1237 1324 1377 1370 quando
1396 1323 1503 1359 forsan
1523 1326 1637 1359 tertius
1648 1327 1762 1361 noachi

1008 1370 1107 1405 haeres
1118 1371 1270 1407 nondum
1283 1384 1351 1408 erat
1363 1385 1471 1409 natus.
1507 1374 1558 1409 Ut
1577 1374 1661 1408 hanc
1673 1373 1777 1410 diffi--

1010 1420 1166 1456 cultatem
1186 1420 1315 1457 solvant
1335 1424 1468 1471 quidam
1488 1449 1496 1462 ‚
1524 1426 1607 1458 mira
1620 1426 1762 1458 commi-

1010 1469 1177 1505 niscuntur
1193 1495 1204 1512 ,
1229 1471 1349 1507 scilicet
1370 1472 1386 1507 ὲ
1407 1474 1543 1507 Diluvio
1558 1477 1663 1508 Patres
1674 1486 1762 1508 anno

1013 1520 1216 1556 duodecimo
1225 1524 1259 1556 &
1270 1520 1358 1568 prius
1370 1522 1480 1557 liberis
1488 1523 1664 1571 gignendis
1676 1537 1763 1571 ope-

1012 1582 1081 1604 ram
1104 1569 1235 1605 dedisse.
1270 1571 1367 1618 Resp.
1390 1575 1492 1620 leleg
1506 1573 1641 1619 quintus
1660 1574 1763 1607 mini-

1015 1617 1108 1654 mum
1120 1618 1183 1654 fuit
1200 1619 1216 1654 a
1231 1622 1363 1662 Nomio,
1375 1626 1407 1655 δε
1420 1621 1642 1669 siopponenti
1654 1622 1767 1657 crede-

1013 1682 1141 1708 remus,
1153 1668 1255 1703 sextus
1268 1687 1276 1709 ‚-
1296 1681 1356 1703 nec
1366 1669 1550 1716 quisquam,
1563 1683 1661 1716 puto,
1675 1668 1766 1705 affir-

1016 1721 1118 1754 mavit
1129 1731 1277 1766 unquam
1291 1719 1490 1753 patriarchas
1503 1720 1573 1767 post
1591 1721 1766 1755 Diluvium

1016 1769 1136 1804 dedisse
1162 1780 1296 1816 operam
1332 1770 1503 1816 gignendis
1535 1767 1648 1802 liberis
1674 1781 1765 1803 anno

1015 1819 1223 1853 duodecimo
1238 1842 1248 1857 ,
1276 1819 1397 1851 nedum
1409 1817 1497 1864 prius
1518 1833 1530 1861 3
1556 1815 1634 1851 cum
1647 1830 1767 1853 eorum

1015 1869 1198 1901 waidb'musv
1213 1864 1352 1913 expresse
1364 1878 1469 1912 ponat
1477 1868 1566 1913 Moses
1574 1868 1605 1900 in
1615 1879 1703 1901 anno
1717 1866 1769 1902 su-

1017 1929 1072 1965 pra
1088 1916 1281 1965 vigesimum
1307 1917 1465 1950 octavum
1487 1941 1496 1956 ,
1523 1929 1631 1963 neque
1653 1919 1769 1958 etiam,

1784 1183 1841 1216 »Ad
1850 1188 1878 1215 6.

1017 1978 1100 2013 puto
1115 1992 1125 2007 ‚
1140 1965 1315 2013 quisquam
1334 1967 1578 2001 extructionem
1594 1968 1688 2000 turris
1705 1969 1771 2001 Ba·
1821 1983 1823 1986 ⁴

1017 2015 1177 2064 bylonicae
1188 2027 1332 2061 unquam
1343 2013 1452 2063 posuit
1462 2026 1536 2050 ante
1547 2016 1699 2050 exactum
1711 2027 1772 2048 an·-

1016 2079 1094 2099 nutn
1106 2065 1124 2099 ιὶ
1135 2064 1274 2099 Diluvio
1285 2063 1496 2099 centesimum
1507 2065 1536 2098 in
1549 2075 1627 2098 ortu
1636 2067 1769 2112 Phalegi,

1016 2114 1100 2150 certe
1121 2113 1328 2149 doetiffimus
1346 2114 1436 2159 [fizaci
1462 2125 1554 2160 patet
1568 2121 1686 2149 loannes
1706 2121 1769 2149 Ge-

1017 2166 1118 2200 rardus
1133 2165 1166 2197 in
1178 2164 1245 2198 hoc
1255 2161 1325 2210 ipso
1338 2162 1436 2201 libro,
1448 2176 1547 2210 quem
1560 2161 1660 2197 nobis
1674 2163 1769 2198 dedit

1018 2214 1123 2249 nihilo
1134 2214 1271 2248 doctior
1281 2211 1367 2247 filius
1381 2224 1451 2261 pag.
1463 2224 1515 2259 53.
1542 2211 1666 2261 probat
1683 2214 1770 2249 divi-

1020 2263 1341 2310 sionemlinguarum
1355 2266 1389 2297 &
1400 2262 1551 2310 gentium
1564 2261 1771 2304 factamuion

1022 2316 1053 2349 in
1066 2324 1143 2347 ortu
1158 2314 1286 2359 phalagi,
1294 2311 1348 2359 sed
1359 2311 1463 2346 media
1476 2315 1545 2356 ejus
1556 2323 1650 2346 :etate
1660 2324 1771 2348 cente-

1021 2363 1104 2398 simo
1116 2361 1275 2412 vigesimo
1287 2363 1409 2396 ostavo
1423 2361 1497 2407 post
1511 2361 1692 2397 Diluvium.

1075 2415 1274 2461 Septimum.
1315 2412 1502 2458 Qotquot
1527 2411 1705 2459 Judaicuru
1727 2408 1774 2444 se-

1025 2473 1172 2509 quumut
1184 2462 1334 2496 codicem
1353 2459 1514 2507 assignant
1532 2473 1629 2507 regna
1647 2461 1776 2494 Semira-

1026 2513 1107 2546 midis
1126 2515 1160 2546 &
1173 2513 1251 2544 Nmi
1262 2522 1350 2544 anno
1370 2509 1642 2556 quinquagesimo
1655 2509 1775 2544 ottavo

1029 2560 1100 2605 post
1125 2560 1296 2591 Diluvium
1319 2582 1330 2596 ,
1356 2557 1422 2590 hoe
1447 2568 1557 2590 autem
1584 2554 1779 2595 absurdum,

1027 2608 1158 2640 stultum
1170 2630 1180 2646 ,
1208 2609 1242 2640 &
1269 2604 1471 2652 impossibile
1492 2605 1548 2638 est.
1580 2605 1676 2654 Resp.
1702 2609 1778 2642 De·-

1031 2654 1147 2690 buisi'ct
1163 2654 1335 2688 virdoems
1345 2667 1382 2688 ex
1398 2654 1460 2689 illis
1473 2654 1629 2688 omnibus
1644 2655 1777 2703 aliquos

1030 2702 1206 2739 nomin-affe
1218 2726 1230 2744 ‚
1246 2702 1334 2737 cette:
1347 2705 1404 2750 qui
1416 2703 1577 2739 calculum
1591 2703 1776 2740 Hebraeum

1028 2754 1207 2801 sequuntur
1219 2776 1228 2792 ‚
1247 2755 1388 2788 Ntmrodi
1406 2765 1541 2801 regnum
1555 2778 1565 2794 ,
1585 2755 1641 2801 qui
1660 2754 1778 2802 procul

1031 2803 1136 2838 dubio
1163 2805 1271 2837 Ninum
1294 2806 1329 2837 &
1356 2805 1571 2839 Scmz'mmidem
1598 2803 1780 2842 antecessit,

1030 2864 1097 2887 non
1110 2851 1267 2885 inchoant
1279 2863 1353 2887 ante
1364 2851 1480 2888 centeii
1488 2852 1610 2888 mum'a
1627 2855 1782 2895 Diluvio,

1034 2901 1115 2943 &‚si
1128 2901 1185 2935 suo
1197 2903 1277 2948 patri
1288 2903 1413 2944 credat,
1423 2914 1498 2937 ante
1513 2902 1778 2938 ducentesimum

242 2951 406 2983 rationem
428 2948 516 2984 suam
537 2952 697 2984 decimam
718 2951 861 2985 videatur
879 2952 985 2986 conti·
1033 2951 1200 2986 decimum
1218 2952 1393 2986 octavum.
1436 2953 1523 2998 Qae
1548 2953 1589 2987 de
1614 2952 1777 2999 Dynasliis

245 2997 346 3032 nuasse
358 2998 439 3033 dies.

290 3047 530 3094 Argumentum
548 3049 715 3097 quintum.
749 3051 845 3085 Varia
856 3061 931 3085 ante
946 3059 985 3085 A«

245 3093 413 3131 brabamum
426 3111 623 3146 rfgnaerant
634 3099 811 3133 constituta
829 3126 839 3143 ,
864 3105 898 3136 &
918 3102 988 3147 Dy-

246 3143 353 3181 nastiae
364 3147 560 3194 AEgyptiacae
577 3148 618 3185 ab
635 3150 824 3187 austotibus
844 3161 920 3201 ante
935 3151 989 3186 illa

1033 3002 1283 3049 AEgyptiorum,
1308 3005 1343 3036 ὃς
1366 3000 1532 3036 annalibus
1543 3006 1644 3037 Serum
1657 3004 1778 3051 tangit,

1034 3052 1173 3099 proprio
1185 3051 1261 3084 loco
1272 3052 1527 3099 perpendemus.

1085 3102 1266 3135 oeeavum.
1299 3101 1487 3135 Secundum
1515 3100 1677 3137 calculum
1707 3102 1778 3136 He-

1035 3149 1157 3188 braeum
1170 3149 1378 3188 omittendus
1397 3151 1440 3186 est
1453 3154 1567 3189 cainan
1580 3153 1714 3199 iunior,
1731 3161 1780 3184 at-

1373 3201 1406 3248 .C
1436 3214 1450 3249 3
1726 3200 1784 3247 qui

1796 2410 1892 2449 staff

1798 3107 1892 3140 fids,
