2048 3343
430 123 496 154 ET
552 113 948 154 C-HRoNot

15 202 16 240 J
37 205 174 248 phiuppfca
194 201 211 236 ὲ
231 193 372 248 ‘Philippa
390 194 542 246 Amynta,
561 177 848 242 *Alexandripatrm
870 198 939 240 non

6 267 11 270 >
35 249 144 291 periodus
192 246 270 285 ver&
281 245 298 280 :i
309 242 439 291 Philippo
447 241 561 277 Audeo
572 239 668 274 fratre
677 262 687 278 ‚
702 238 751 271 sed
765 247 880 269 merito
891 234 941 267 hic

14 288 15 292 Ἰ
38 288 124 321 ’Μιὲὲ
191 297 209 333 εὶ
220 294 343 331 Pera-vio
355 294 508 341 arguitur,
523 294 553 325 δι’
563 288 603 323 ab
614 284 731 334 UJherio
742 283 874 331 aliisque
883 295 943 316 no-

14 354 15 360 *
33 332 151 368 s‘abgm
190 347 330 382 strorum
344 342 642 385 Chronologorum
653 333 803 369 deseritur
820 356 830 372 ,
856 329 942 366 nullz‘i

0 382 16 423 '7¹
35 375 150 412 “posu“
190 397 280 431 enim
291 388 598 428 commodaratione
610 383 866 430 Philippicorum
884 381 938 415 de-

190 440 376 480 nominatio
386 440 436 474 illi
455 434 597 483 ‘Phihppo
614 433 783 471 tribuitur,
808 433 864 475 qui
877 442 939 465 tre-

191 496 298 530 decim
307 491 397 526 annis
409 498 482 522 ante
490 497 602 520 eorum
611 484 741 517 initium
754 480 882 516 exccsfit
894 481 942 515 vi-

191 544 238 583 tfi,
260 546 292 577 &
317 540 365 575 isti
386 536 516 584 Philippo
533 533 731 581 denegatur,
753 543 826 565 cum
848 533 940 574 cnjus

189 592 406 642 qualicunque
415 599 517 635 regno
526 596 640 620 omnes
650 580 793 617 fatentur
804 593 859 616 eos
870 592 938 614 coe-

13 682 15 690 ,
191 642 279 691 pisse.

0 692 15 728 ιἔ
37 703 146 732 Munus
237 693 289 725 De
298 701 384 724 anno
395 699 462 735 qno
471 681 645 720 Alexander
655 691 804 731 mortuus
815 675 860 712 est
871 700 882 717 ,
909 677 940 709 δι’

0 716 15 783 ii
36 727 149 772 imessaa-
191 737 338 788 Philippus
349 737 481 773 Arideus
493 740 525 769 &
543 734 706 766 Ptolcmm
724 732 800 778 Lagi
809 737 942 774 regnare

0 787 4 819 ἱ
37 784 169 812 “hm‘'’n‘
189 793 397 838 inceperunt,
414 786 469 821 etsi
480 784 759 834 Scriptura-taceat,
774 788 884 812 tamen
896 777 939 808 Io-

29 821 147 864 finsmde
185 840 286 888 fephus
305 837 363 873 lib.
384 849 407 871 i.
428 845 543 870 contra
567 834 732 878 Appmnem
749 838 871 874 magno
880 824 941 880 do-

35 874 170 936 aznssr-
188 892 314 925 &orum
324 884 478 923 consensu
499 880 648 929 perhibet
662 876 750 913 fuisse
764 878 941 932 Olympia-

36 945 137 976 κεκλή.
189 939 229 974 de
244 951 258 974 1
270 950 324 981 14.
334 947 444 971 tantus
453 933 497 968 est
513 930 564 965 hic
577 931 661 964 inter
674 926 866 975 posteriores
882 923 942 956 ho-

113 995 116 998 ’
189 991 239 1024 die
250 985 346 1036 quam
360 984 423 1019 fuit
436 984 516 1017 olim
529 981 613 1014 inter
622 978 743 1026 priores
753 969 940 1027 consensus:

190 1050 274 1073 unus
291 1038 480 1078 Hieronymus
499 1033 534 1065 in
555 1031 642 1062 Dan.
657 1038 692 1070 9.
708 1019 942 1079 Olympiadem

192 1089 265 1124 vult
275 1084 481 1121 centesimam
492 1078 652 1113 decimam
664 1083 800 1107 tertiam.
811 1068 942 1124 Capelltfs

191 1136 338 1185 sphalma
347 1133 410 1168 hoc
419 1128 577 1165 existimat
587 1122 752 1172 putidum,
763 1120 814 1154 sed
826 1118 942 1173 exscri-

193 1193 409 1235 ptorum,non
421 1177 572 1214 auctoris,
580 1178 612 1208 &
623 1169 856 1218 corrigendum
867 1166 941 1223 scri-

191 1236 239 1282 pti
250 1230 419 1268 mendum,
433 1224 575 1274 legendo
589 1235 663 1258 cum
673 1221 792 1256 caeteris
803 1219 943 1253 auetori-

190 1285 250 1317 bus
259 1278 459 1327 Olympiade
474 1271 647 1309 centesima
665 1267 789 1305 decima
807 1265 944 1315 quart33

190 1331 409 1368 nihilominus
426 1327 568 1372 priorem
593 1327 626 1357 &
646 1330 860 1355 communem
895 1315 940 1352 le-

189 1383 336 1416 stionem
347 1379 466 1413 retinet
484 1372 631 1407 Henricus
648 1368 793 1416 Philippi,
815 1378 883 1402 non
895 1377 943 1401 ta-

189 1444 265 1467 men
283 1439 421 1465 conatur
436 1424 609 1460 conciliare
634 1418 844 1455 discordiam,
863 1428 942 1472 nos,

189 1481 270 1517 dum
281 1479 397 1514 melior
407 1473 534 1510 aliunde
549 1470 700 1507 afferatur
710 1492 720 1510 ,
737 1469 820 1503 hanc
832 1463 944 1502 offeri-

190 1528 551 1566 musconciliationem.

238 1579 456 1625 Unaquaeque
489 1571 660 1620 Olympias
689 1567 806 1602 habuit
842 1576 945 1600 annos

33 1578 158 1614 Hierony-

32 1631 84 1648 mus
90 1629 142 1647 cum

32 1663 120 1690 ceteris

33 1703 149 1730 comitia-

32 1752 79 1773 uu.

189 1691 262 1715 mus
274 1688 379 1713 annus
390 1672 567 1721 incipiebat
577 1672 661 1705 circa
672 1667 854 1703 Solstitium
865 1664 943 1700 aesti-

188 1741 267 1766 vum
276 1754 286 1770 ‚
299 1727 447 1773 adeoque
464 1723 599 1757 ultimus
610 1721 694 1754 circa
709 1718 794 1751 idem
806 1714 944 1749 finieba-

187 1790 263 1813 tur:
284 1777 426 1812 fatentur
437 1786 491 1807 om
497 1784 551 1807 nes
563 1779 726 1804 mortuum
737 1763 945 1801 Alexandrum

186 1830 293 1875 primo
306 1823 516 1872 Olympiadis
528 1846 538 1860 ,
550 1819 646 1865 hujus
657 1828 767 1852 autem
779 1815 855 1849 anni
874 1813 944 1870 (sic-

185 1888 222 1912 ut
235 1876 344 1911 omnis
355 1873 551 1920 Olympici)
574 1868 719 1903 medium
738 1867 824 1914 prius
834 1874 944 1900 eratin

185 1938 255 1961 uno
266 1937 352 1959 anno
366 1922 476 1957 Iuliano
486 1946 496 1962 ,
512 1920 568 1969 qui
577 1917 755 1965 incipiebat
767 1915 784 1949 a
799 1914 942 1962 Januario

185 1975 257 2024 post
275 1973 444 2008 solstitium
464 1970 664 2016 hybernum,
681 1971 716 2001 δε
736 1965 893 2014 posterius
909 1964 943 1998 in

186 2023 290 2060 altero
307 2037 315 2058 :
343 2023 423 2058 ficut
442 2032 522 2068 ergo
542 2017 676 2066 Capellus
696 2017 760 2050 hoc
777 2011 848 2062 ipso
866 2013 942 2048 loco

188 2073 363 2121 distinguit
383 2083 502 2106 annum
522 2068 749 2115 AEgyptiacum
762 2064 779 2099 Ξι
790 2064 919 2111 juliano
932 2088 942 2104 ,

191 2127 225 2159 &
239 2120 461 2158 vilexandrum
480 2129 647 2154 mortuum
658 2116 728 2151 vult
736 2127 824 2148 anno
837 2111 943 2147 Nalm„

188 2174 298 2218 naffmk
318 2168 636 2220 quadringentesimo
655 2163 806 2200 vicesimo
827 2175 944 2211 quarto

190 2223 394 2269 AEgyptiaco,
404 2220 418 2253 s
416 2220 455 2255 ed
465 2214 779 2267 quadringentesimo
791 2213 944 2248 vicesimo

192 2261 290 2306 teftio
307 2269 461 2319 Julian03
478 2272 523 2303 ita
541 2280 600 2302 nos
616 2266 744 2301 meliori
764 2266 799 2298 &
819 2263 944 2296 clariori

193 2323 263 2364 jure
283 2319 512 2367 distinguimus
539 2328 661 2351 annum
689 2313 910 2359 Olympicum
930 2310 947 2346 a

197 2367 328 2414 juliano
339 2391 348 2406 ‚
374 2373 405 2401 &
416 2367 505 2414 quod
514 2378 600 2399 anno
620 2365 727 2411 primo
739 2361 946 2408 Olympiadis

199 2415 378 2450 centefimae
397 2415 530 2448 decimae
549 2424 667 2459 quartae
686 2413 802 2445 Graeco
821 2410 872 2444 vel
894 2411 947 2443 0-

196 2466 349 2511 -lympico
368 2464 525 2510 contigit,
550 2461 632 2495 ῐεᾶὲ
651 2460 753 2507 potest
778 2456 949 2506 contigisse

8 2527 11 2543 ⁴
199 2527 286 2548 anno
304 2515 423 2547 ultimo
442 2513 571 2560 Juliano
591 2508 798 2556 Olympiadis
815 2508 948 2543 centefi-

199 2577 259 2598 mae
283 2563 417 2598 decimae
442 2563 542 2596 tertiae
560 2585 569 2598 ‚
601 2559 692 2606 quod
717 2556 816 2592 habet
841 2556 949 2592 Hiero-

9 2607 11 2663 ᾖ
201 2626 309 2656 nymus.

48 2663 91 2706 ᾖε
106 2673 152 2704 „a
252 2663 301 2698 Ut
314 2663 396 2696 inter
412 2662 557 2695 auRores
574 2670 710 2705 magnus
727 2656 770 2692 est
783 2653 954 2690 consensus

8 2743 11 2752 .
49 2715 131 2745 mundi
203 2712 241 2748 de
250 2725 338 2746 anno
349 2711 531 2757 Olympico
540 2711 653 2743 mortis
666 2705 849 2745 Alexandri,
864 2706 908 2738 ita
919 2708 952 2739 &

9 2762 11 2778 ¹
50 2756 184 2803 magnaais-
205 2763 242 2796 de
260 2774 347 2796 anno
365 2758 568 2802 Nabonaffaris
585 2762 615 2791 &
635 2754 762 2793 christi,
785 2767 852 2789 tam
864 2755 954 2787 enirn

9 2818 11 2834 ³
49 2805 178 2837 ⁶⁷‘p‘”⁵¹“'
206 2810 417 2846 Protestantes
437 2808 533 2856 quam
552 2804 718 2841 Pontificii
735 2803 956 2839 «Alexandrum

207 2871 371 2894 mortuum
391 2857 518 2893 censent
540 2855 610 2902 post
631 2854 854 2898 Nabonaffarem
874 2863 955 2898 qua-

208 2907 463 2955 dringentesimo
489 2904 645 2942 vicesimo
662 2915 800 2952 quarto,
827 2905 858 2935 ὅ(
879 2910 953 2934 ante

207 2952 354 2991 Chrissum
368 2971 447 3004 324.
460 2970 517 2992 nec
528 2955 572 2991 est
582 2954 639 2989 nisi
651 2955 746 2988 unius
758 2962 813 2986 aut
825 2951 954 3002 alterius

206 3008 280 3041 anni
303 3008 385 3040 inter
396 3008 540 3041 αυᾶοτεε
555 3007 588 3040 in
603 3004 735 3051 utraque
747 3001 807 3036 hac
820 2998 878 3034 aerii
891 2999 951 3033 dit-

205 3055 358 3093 ferentia,
378 3069 448 3103 quae
468 3069 534 3089 non
550 3052 724 3088 difficulter
742 3051 954 3086 conciliatur:

206 3104 258 3139 sed
269 3106 300 3138 in
317 3102 373 3138 aerzi
384 3106 495 3138 mundi
507 3104 612 3138 multo
628 3106 728 3147 major
747 3103 830 3135 inter
841 3110 954 3134 omnes

207 3155 251 3189 est
265 3153 486 3199 discrepantia.
512 3151 839 3193 Calvifiusiecundum
855 3150 954 3183 ratio-

208 3217 264 3239 nes
277 3201 417 3254 Scaligeri
433 3226 444 3244 ‚
462 3212 628 3239 mortuum
647 3201 716 3240 vult
731 3214 820 3237 anno
837 3196 954 3235 mundi

189 1640 331 1679 quatuor
342 1635 501 1673 integram
512 1621 736 1666 verzyoee-rnglh,
751 1628 865 1652 eorum
876 1616 942 1663 pri-
993 1630 1012 1664 q

972 3098 975 3137 1
998 3110 1038 3132 νο
1051 3100 1084 3130 &
1095 3099 1241 3134 revolvo,
1252 3099 1383 3133 invenio
1393 3097 1524 3132 tandem

974 3247 977 3269 ¹
1339 3245 1443 3283 Bbz

1298 113 1331 151 L
1352 125 1367 150 1
1387 121 1422 152 Β.
1454 112 1481 152 1.
1662 124 1734 163 193

985 194 1034 218 ter
1048 184 1218 221 millesimo
1236 183 1464 222 sexcentesimo
1478 186 1630 223 vicesimo
1641 186 1738 236 septi-

987 246 1042 266 mo
1052 259 1061 273 2
1083 235 1168 269 hunc
1179 233 1326 280 sequitur
1337 234 1417 268 obbo
1429 237 1560 272 Emmins
1570 262 1580 278 ,
1598 241 1627 271 ὃ(
1642 238 1735 283 Isaac-

977 284 1062 328 fimas
1073 284 1198 319 duobus
1211 283 1340 318 tantum
1354 287 1443 318 annis
1455 285 1579 322 differtz
1609 285 1687 321 sed(
1699 300 1737 320 a-

982 330 1056 378 pello
1076 334 1180 379 placer
1206 344 1253 366 ter
1275 333 1462 367 millesimus
1494 335 1737 370 iexcentcsimus

987 379 1158 426 septimu53
1179 379 1302 429 Uslwrio
1324 394 1373 416 ter
1397 382 1582 423 millesimus
1603 385 1738 419 sexcen—

986 429 1114 464 tesimus
1138 431 1395 478 quadragesimus
1422 433 1545 478 primus
1566 448 1577 475 3
1611 437 1740 468 ilcnnco

988 477 1109 527 Philippi
1120 481 1363 514 termilleiiinus
1375 481 1675 527 septingentesimus
1684 492 1741 516 <ie-

986 530 1088 563 cimus
1106 529 1259 576 septimus
1278 543 1287 563 z
1327 530 1470 564 Tor-mello
1490 543 1537 565 ter
1551 531 1738 565 millesimus

987 576 1289 626 septingenteiimus
1299 579 1467 614 vicesimus
1485 585 1615 620 rionus3
1644 584 1737 614 Ieta-

986 627 1034 661 vio
1047 639 1096 662 tei·
1113 627 1297 663 millesimus
1308 628 1536 677 sexagesimus5
1564 629 1679 664 Saliam
1691 641 1738 664 ter

985 676 1174 712 millesimus
1216 676 1513 726 septingentciimus
1547 679 1738 714 tricesimus.

987 728 1073 769 Quis
1085 725 1226 760 Palaemon
1236 736 1338 762 tantas
1349 727 1467 762 valebit
1477 742 1679 777 componere
1696 729 1737 762 li-

985 781 1057 810 tes?
1081 776 1264 813 Maximus,
1284 775 1403 815 fateor,
1423 774 1733 813 utilimmus&sua-

986 823 1128 860 viffimus
1148 851 1158 865 ,
1183 827 1258 860 licet
1284 824 1495 862 difficillimus
1511 853 1521 869 ,
1556 826 1599 863 est
1616 829 1648 863 in
1667 826 1738 863 tota'i

988 874 1217 920 Chronologiz‘i
1227 874 1342 917 labor,
1364 889 1495 911 :eratum
1510 880 1593 912 inter
1610 877 1638 913 se
1658 890 1739 913 con—

986 925 1082 958 nexio
1094 946 1103 959 ,
1122 927 1152 956 &
1164 923 1334 958 auctorum
1349 927 1430 959 circa
1443 928 1527 961 varia
1539 928 1573 962 in
1588 927 1653 962 unii
1670 927 1740 976 plu·

985 972 1114 1006 ribusve
1130 973 1196 1005 aeris
1218 984 1256 1006 ex
1277 972 1403 1007 diverfis
1422 972 1481 1008 suis
1507 978 1675 1024 principiis
1694 977 1744 1011 di-

985 1021 1168 1069 screpantiae
1180 1023 1385 1058 conciliatio,
1396 1022 1506 1056 {altem
1520 1023 1582 1071 qua
1593 1028 1626 1059 &
1637 1039 1743 1072 quan-

986 1069 1059 1105 tum
1082 1070 1151 1105 fieri
1169 1070 1283 1119 potest.
1307 1072 1384 1105 Hoc
1402 1072 1552 1119 equidem
1571 1086 1675 1120 opus,
1705 1078 1741 1108 &

986 1120 1039 1154 hic
1072 1119 1166 1154 labor
1203 1119 1500 1169 chronologorum
1540 1121 1742 1157 doftiss'imos

986 1168 1096 1204 mult&
1108 1169 1210 1217 magis
1222 1170 1364 1210 deceret,
1381 1170 1478 1218 quam
1496 1182 1688 1219 perpetuum
1704 1172 1744 1206 ad

985 1218 1074 1253 hunc
1091 1218 1177 1252 diem
1194 1221 1346 1254 omnium
1360 1221 1394 1254 in
1405 1219 1465 1255 hac
1477 1220 1608 1256 scientia
1627 1225 1745 1256 cacoe-

987 1268 1067 1308 thes,
1078 1268 1116 1302 ad
1126 1268 1215 1302 suam
1229 1268 1380 1304 diverbio
1390 1274 1456 1316 jam
1469 1282 1615 1306 notatam
1629 1266 1749 1306 nimis·

988 1330 1049 1366 que
1062 1319 1208 1352 meritam
1220 1317 1402 1361 infamiam,
1419 1321 1648 1356 controversias
1659 1322 1749 1355 mul-

988 1367 1133 1414 tiplicare
1143 1371 1175 1402 &
1186 1381 1390 1416 exaggerare.
1413 1373 1521 1416 Impar
1531 1384 1584 1405 om
1592 1373 1670 1405 nino
1679 1383 1743 1404 no-

989 1418 1055 1451 stris
1064 1417 1205 1452 humeris
1216 1421 1259 1452 eit
1270 1419 1332 1453 'noc
1343 1431 1441 1459 onnS,
1451 1432 1555 1467 neque
1565 1419 1617 1454 liic
1627 1420 1664 1454 ad
1676 1421 1744 1455 tale

991 1467 1072 1513 quid
1085 1467 1274 1502 conandum
1292 1467 1428 1503 idoneus
1439 1469 1482 1503 cst
1499 1471 1587 1504 locus
1597 1495 1607 1512 ‚
1629 1468 1746 1503 statui-

989 1530 1061 1551 mus
1084 1528 1196 1551 tamen
1218 1530 1276 1564 pro
1296 1520 1457 1553 tenuitate
1483 1519 1589 1554 nostra
1620 1518 1746 1567 (quam
1781 1545 1786 1549 -

991 1580 1141 1614 magnam
1155 1565 1227 1601 satis
1239 1566 1469 1614 agnoscimus)
1483 1569 1557 1603 huic
1569 1581 1674 1615 opera:
1687 1569 1746 1602 ali-

1017 1616 1071 1651 uid
1083 1615 1202 1650 laboris
1220 1616 1404 1663 impendere
1417 1641 1424 1651 ,
1448 1617 1469 1651 fi
1481 1618 1604 1652 dederit
1624 1619 1747 1652 Domi-

990 1679 1049 1701 nus
1060 1665 1175 1700 libello
1188 1667 1297 1713 ptimo
1310 1665 1348 1700 de
1361 1666 1466 1700 dubiis
1488 1666 1748 1714 Chronologicis

991 1719 1065 1751 Vet.
1088 1715 1289 1750 Testamenti
1315 1715 1538 1762 colophonem
1566 1718 1746 1764 imponere.

990 1768 1175 1812 Antequam
1189 1763 1230 1798 eo
1242 1764 1485 1808 devenerimus,
1499 1766 1744 1801 Sacrosan6wm

988 1815 1050 1850 hoc
1065 1814 1308 1862 Chronologiae
1320 1815 1452 1863 adytum
1464 1839 1474 1853 ‚
1498 1814 1658 1863 hujusque
1669 1817 1745 1850 artis

989 1863 1137 1899 altiffima
1156 1862 1305 1910 mysteria
1325 1864 1364 1899 de
1386 1868 1544 1900 eAErarum
1570 1878 1745 1907 connexu,

989 1917 1149 1961 attingere
1162 1923 1314 1960 putamus
1324 1914 1600 1962 intempestivum.

1037 1964 1148 1998 Altera
1166 1962 1353 2011 quaestionis
1373 1976 1444 2011 pars
1457 1963 1502 1998 est
1522 1964 1561 1999 de
1570 1965 1668 1999 totali
1682 1963 1746 1998 hu-
1767 1981 1830 2010 ΕΜ
1840 1984 1895 2020 53„-

985 2016 1038 2058 jus
1059 2011 1198 2060 Epochae
1217 2013 1351 2047 summa.
1387 2014 1540 2047 Diximus
1564 2013 1604 2047 de
1624 2025 1747 2060 magno
1767 2023 1840 2052 dubia
1858 2034 1893 2054 <9-

989 2062 1166 2097 dorstatum
1192 2057 1350 2096 consensu
1370 2062 1408 2096 de
1435 2075 1522 2097 anno
1535 2064 1651 2097 mortis
1662 2061 1748 2096 Ale-
1767 2075 1813 2093 non
1822 2063 1909 2093 dubia„-

989 2111 1099 2147 xandrz
1111 2113 1144 2146 iri
1164 2113 1270 2157 primo
1283 2111 1464 2147 centefimae
1474 2112 1607 2147 decimae
1628 2123 1749 2159 quartae

990 2161 1199 2209 Olympiadis
1216 2187 1224 2201 ,
1240 2172 1350 2196 tantus
1365 2158 1450 2196 certe
1463 2163 1560 2196 etiam
1578 2161 1622 2195 est
1634 2162 1672 2195 de
1685 2163 1750 2209 pri-

991 2224 1047 2245 mo
1061 2212 1138 2254 Cyri.
1165 2210 1304 2260 Scaliger,
1315 2210 1465 2251 Permitto,
1477 2215 1508 2245 &
1520 2211 1573 2245 alii
1588 2222 1617 2243 m
1624 2212 1684 2245 ulti
1696 2224 1749 2246 ce-

989 2260 1114 2295 lebrant
1127 2259 1205 2294 illud
1220 2260 1357 2307 Africani
1375 2260 1458 2307 apud
1471 2258 1640 2309 Eusebium,
1659 2259 1748 2295 scili-

988 2320 1041 2345 cet
1065 2308 1221 2344 omnibus
1242 2320 1365 2345 certum
1385 2310 1442 2345 effe
1461 2310 1588 2359 coepiffe
1607 2310 1675 2354 Cyri
1702 2323 1750 2344 re-

991 2373 1094 2408 gnum
1121 2360 1320 2408 Olympiade
1342 2358 1607 2409 quinquagesima}
1626 2358 1751 2406 quintii.

994 2411 1026 2443 Si
1038 2410 1174 2457 liqueret
1186 2411 1347 2457 loquutos
1367 2412 1521 2456 antiquos
1531 2408 1569 2441 de
1580 2419 1665 2441 anno
1685 2409 1755 2454 pri-

994 2471 1049 2493 mo
1063 2459 1157 2503 hujus
1182 2458 1390 2506 Olympiadis
1403 2486 1410 2497 ‚
1431 2462 1460 2492 ἃ
1473 2457 1511 2492 dc
1530 2457 1650 2504 Regno
1662 2455 1732 2499 Cyri
1745 2479 1755 2492 ,

994 2509 1045 2541 vel
1057 2505 1184 2541 Perfice
1202 2508 1271 2542 solo
1283 2510 1332 2542 vel
1343 2507 1546 2552 Babylonico
1557 2531 1567 2546 ‚
1579 2507 1691 2539 omnia
1702 2502 1755 2539 hic

995 2555 1092 2589 client
1106 2555 1264 2603 proclivia
1274 2579 1282 2592 ,
1301 2555 1354 2589 sed
1367 2554 1516 2601 prochix‘)
1528 2554 1690 2596 Africanus
1701 2554 1757 2588 irr-

999 2616 1095 2639 nuere
1117 2603 1243 2638 videtur
1261 2604 1327 2647 Cyri
1343 2616 1483 2651 regnum
1499 2602 1755 2650 Babylonicum,

997 2654 1129 2701 quando
1141 2652 1234 2687 solvit
1245 2653 1465 2700 captivitatem
1477 2652 1661 2699 Judaeorum
1674 2678 1683 2694 ‚
1699 2653 1755 2687 alii

997 2713 1105 2737 autem
1132 2703 1278 2750 plerique
1312 2702 1351 2736 de
1378 2702 1497 2750 Regno
1519 2701 1643 2737 Persico
1666 2704 1754 2737 acci-

1000 2754 1113 2799 piunt:
1146 2762 1257 2786 utrum
1275 2754 1374 2787 eriam
1386 2750 1426 2786 de
1444 2754 1551 2799 primo
1563 2776 1572 2788 ,
1589 2751 1730 2786 secundo
1743 2776 1755 2792 ‚

999 2803 1097 2835 tertio
1111 2824 1120 2836 ‚
1146 2814 1185 2835 an
1206 2814 1323 2846 quarto
1344 2801 1551 2848 Olympiadis
1568 2801 1655 2835 istius
1665 2813 1754 2835 anno

996 2852 1148 2896 loquatur
1167 2852 1326 2896 Asncanus
1338 2876 1348 2891 ‚
1375 2850 1469 2886 verba
1487 2850 1569 2896 apud
1594 2848 1751 2897 Eusebium

999 2901 1031 2933 in
1044 2898 1202 2947 ambiguo
1215 2903 1414 2948 relinquunt.
1440 2900 1611 2946 Expec‘tavi
1629 2900 1752 2935 dubio-

997 2961 1068 2984 rum
1082 2947 1217 2983 istorum
1230 2949 1428 2985 solutionem
1449 2949 1464 2983 a
1485 2948 1617 2983 Dmdoro
1636 2948 1751 2990 Siculo,

997 3011 1095 3047 quem
1108 2999 1249 3043 primum
1262 3012 1336 3035 ante
1349 3001 1428 3033 alios
1442 2999 1520 3032 citat
1537 2998 1583 3032 ibi
1594 2999 1750 3045 Africanus

998 3061 1054 3096 pro
1066 3045 1124 3081 suo
1135 3047 1209 3083 teste
1224 3063 1231 3088 ς
1256 3049 1309 3082 {ed
1321 3048 1398 3082 dum
1414 3047 1539 3082 Diodori
1558 3047 1658 3082 libros
1671 3050 1749 3083 vol-

1539 3096 1659 3144 periiss'e
1670 3098 1747 3133 istos

996 3148 1034 3182 ad
1045 3149 1292 3192 quosAfricanus
1307 3145 1413 3186 refert,
1423 3159 1536 3182 omnes
1544 3144 1666 3182 scilicet
1678 3148 1748 3194 post

997 3198 1150 3246 quintum
1163 3197 1202 3234 aci
1214 3197 1433 3234 undecimum.
1457 3196 1658 3245 Utcunque,
1675 3201 1750 3230 Sca-

1664 3244 1750 3295 liger,

982 120 1235 150 OGICI

1757 800 1882 828 Connexio

1756 850 1857 867 aerarum

1757 890 1872 918 mdgnum

1758 929 1830 958 opere
1837 928 1894 959 pre-

1761 966 1829 992 tium.
