2048 3343
130 967 238 1006 Phyfion
246 967 267 994 ei

127 1012 225 1047 opponit
239 1011 266 1036 i»

129 1053 204 1086 Syria
212 1053 263 1083 Λ-

126 1092 216 1117 texan-

127 1130 196 1158 drum
203 1135 253 1160 Ze-

127 1171 219 1200 binam.

125 1364 269 1392 Demetrius

125 1403 142 1432 ἃ
156 1404 253 1432 Zebina

125 1445 255 1474 debellatus

125 1486 157 1512 ab
167 1497 244 1515 uxore

125 1535 232 1557 necatur.

126 1621 147 1645 S
148 1619 170 1644 el
172 1630 241 1647 eucus

126 1660 250 1689 Demetrii

124 1698 141 1726 ἒι
148 1709 222 1729 matre

124 1751 154 1768 [Ξ
167 1753 200 1771 us.

117 2202 232 2237 :Antio-

121 2247 179 2273 chus
187 2249 253 2285 Gry-

116 2287 181 2325 plius
189 2289 250 2315 tollit

123 2330 150 2356 Z
151 2328 243 2356 chin-zm
245 2350 253 2363 ,

121 2498 197 2523 Suam
204 2497 261 2524 item

121 2545 230 2567 matrem.

120 2894 162 2923 ,Λ
166 2895 245 2930 fratre

120 2937 140 2961 C
136 2945 154 2970 ,γ
158 2936 242 2970 {isene

119 2984 235 3006 vincitur.

286 130 365 159 230
622 111 939 149 Ori-:xt1s

288 184 448 221 Demetrius
467 181 649 229 assequutus
665 206 676 222 ‚
699 179 895 216 Parthorum
907 179 1043 225 imperia

290 233 446 281 neglexit.
647 262 651 268 .

339 285 376 317 In
397 282 489 327 Syriae
513 279 639 314 throno
663 278 715 312 vix
743 277 859 312 resedit
879 279 1041 312 Demetrius

291 330 392 366 cuma
407 332 498 365 socru
510 323 661 378 Cleopatrd
672 330 705 361 in
717 329 895 375 AEgyptum
906 338 1043 361 vocatus

292 382 349 415 est.
375 382 535 415 Ptolomeus
543 385 688 430 Euergetes
697 376 748 411 vel
762 377 884 427 Physcon
892 375 982 410 tanta
993 387 1044 422 ty«

287 429 428 464 rannide
446 427 608 477 populum
626 424 822 473 oppresserat
833 426 961 460 utillius
973 437 1044 472 per-

290 480 353 523 taefi
366 490 501 527 regnum
516 478 629 518 uxori,
650 475 765 517 sorori,
778 479 812 510 &
823 476 907 522 glori
920 472 1045 508 detule-

289 531 363 563 rint.
398 530 480 563 Haec
494 528 633 576 Judaico
644 527 793 574 inprimis
806 525 907 575 milite
917 520 1045 556 suffulta

288 579 444 612 maritum
457 578 623 622 Physconem
635 580 669 610 in
683 577 830 622 Cyprum
842 574 956 618 sugere
967 573 1059 604 coe--

289 630 356 676 git.
390 627 449 661 Iste
478 628 630 673 Cleopatra
655 625 738 657 odio
764 631 976 655 communem
1004 618 1040 652 fi-

286 678 369 712 llum
397 676 565 711 diss'edtum
593 683 738 717 arcaeque
768 668 929 703 inclusum
953 668 1043 715 quafi

288 725 428 761 strenam
446 726 488 760 ad
509 734 647 758 man-cm
668 719 753 752 misit
771 743 781 758 ‚
809 719 862 754 illa
874 719 965 753 dono
980 718 1043 752 hoc

289 774 421 809 efferata
433 775 610 810 Demetrium
620 770 652 803 in
662 770 843 816 AEgyptum
852 779 963 808 vocar,
973 769 1041 802 Re-

287 837 391 870 gnum
406 825 433 857 ci
444 821 618 868 spondens.
655 814 969 852 verumenimvero
982 824 1043 851 De-

287 873 404 908 mettius
414 872 500 918 apud
515 869 653 904 Parthos
670 878 797 916 tantam
808 865 992 914 superbiam
1006 869 1041 900 &

287 921 514 955 crudelitatem
526 920 693 960 didicerat,
705 928 740 951 ut
749 917 909 951 omnibus
919 917 1041 950 intole-

288 970 410 1005 randus
419 969 564 1005 evaserit.
590 969 659 1017 Syri
671 979 750 1014 crgo
761 979 803 1000 eo
815 967 849 1000 in
860 970 1041 1015 AEgyptum

288 1017 426 1068 digresso
445 1017 604 1053 rebellant
622 1035 632 1059 ;
661 1021 818 1053 Ptolemaeus
836 1017 873 1050 ad
886 1019 1041 1062 Syrorum

288 1067 508 1104 rebellionem
526 1066 811 1104 confirmandam,
828 1066 865 1100 iis
877 1064 1042 1099 submittit

288 1117 533 1153 adolescentem
569 1115 810 1165 suppofitirium
845 1117 1042 1151 Alexandrum

289 1169 550 1215 Zebinam‚quem
563 1166 604 1200 ab
618 1164 755 1202 Antiocho
767 1167 860 1201 Sidete
868 1176 942 1199 ante
953 1178 1043 1199 mor·

291 1228 359 1252 tem
372 1218 568 1264 adoptatum
579 1214 682 1264 fingit.
707 1218 809 1250 Hunc
817 1214 939 1262 absque
953 1213 1043 1249 scru-

288 1269 369 1314 pulo
376 1264 600 1302 seditiosissimi
612 1267 778 1301 Antiocheni
787 1267 913 1313 Regem
924 1264 1042 1298 admit-

288 1326 363 1350 tunt
385 1340 395 1355 ,
423 1319 458 1350 &
480 1317 563 1349 totis
585 1315 708 1349 viribus
729 1325 848 1348 contra
865 1315 1045 1359 Demetrium

287 1363 478 1399 sustentant.
504 1362 693 1399 Commisso
705 1364 818 1412 praelio
830 1360 977 1396 funditur
985 1370 1043 1396 De-

288 1416 404 1450 metrius
418 1438 426 1450 ‚
446 1417 480 1448 &
499 1415 705 1449 Ptolemaidem
718 1413 761 1447 ad
773 1423 909 1447 uxorem
922 1414 1043 1458 Cleopa-

288 1474 367 1500 tram
380 1465 543 1498 minorem
556 1463 662 1511 fugit,
677 1462 730 1497 illa
743 1460 872 1497 tantum
883 1459 990 1496 abfuit
1007 1471 1043 1496 ut

285 1512 465 1561 fugitivum
484 1514 640 1547 maritum
651 1514 842 1548 admitteret
860 1535 871 1553 ‚
896 1521 931 1546 ut
943 1512 1043 1553 etiam

287 1563 368 1609 Tyri
379 1574 502 1598 curaret
515 1562 753 1597 occidendum.

338 1613 500 1658 Qatuor
526 1610 669 1646 habebat
688 1611 745 1646 ista
766 1612 915 1659 Cleopatra
931 1609 1042 1656 filios3

287 1672 365 1695 natu
377 1661 557 1695 maximum
570 1662 726 1696 Alexandri
736 1663 807 1696 Balae
814 1663 941 1712 Tryphon
951 1662 1038 1695 occi-

285 1711 376 1746 derat
397 1729 407 1753 3
433 1712 579 1746 Demetrio
589 1711 712 1757 peperit
730 1713 875 1746 Seleucum
894 1713 926 1743 &
941 1712 1040 1744 Antio-

284 1763 369 1795 chum
382 1763 538 1807 Gryphum,
549 1759 589 1794 ab
602 1760 736 1795 adunco
751 1758 831 1794 naso
841 1757 884 1793 fic
896 1758 1040 1800 dietum,

284 1809 413 1856 ejusque
426 1809 520 1844 fratri
534 1812 669 1845 Antiocho
689 1811 786 1845 Sidete
797 1811 967 1844 Antiochum
982 1817 1039 1859 Cy·

285 1861 432 1896 zicenum.
466 1862 595 1894 Seleucus
615 1859 724 1893 occiso
733 1857 757 1893 ’ὲ
779 1869 882 1893 matre
893 1861 1039 1894 Demetrio

285 1919 378 1955 patre
389 1934 399 1950 ,
411 1908 439 1943 sc
451 1909 580 1955 Regem
596 1909 678 1944 dixit
698 1922 706 1943 :
734 1907 790 1942 sed
799 1908 902 1942 statim
914 1910 947 1942 &
960 1905 1040 1942 illea

284 1967 390 1992 matre
410 1957 534 1992 occisus
558 1957 630 1999 est,
660 1957 756 2004 quod
777 1954 1041 2005 ipsfiinconsultfi

284 2005 379 2040 ausus
399 2005 437 2040 fit
456 2006 766 2056 diadeniainduere.
792 2008 958 2054 Profirpina
969 2006 1038 2040 hate

283 2056 381 2090 tertio
395 2055 468 2090 filio
476 2058 585 2105 Grypho
599 2058 758 2104 Regnum
770 2057 923 2090 attribuit
940 2054 977 2090 est
987 2055 1037 2090 le-

280 2116 322 2151 ge
338 2129 348 2144 ,
373 2116 408 2139 ut
421 2104 480 2153 ipsi
493 2106 602 2153 Regni
614 2108 729 2141 titulus
745 2132 754 2146 ‚
783 2104 843 2140 fibi
855 2104 934 2141 vero
944 2117 993 2140 res
1004 2109 1038 2140 δε

279 2154 661 2189 ευέὶοῑὶῑαςτεηπαηετετ.

331 2201 460 2236 Interea
471 2205 635 2239 Alexander
647 2206 758 2239 Zebina
778 2205 967 2251 pleramque
978 2202 1038 2252 S'y-

284 2249 366 2284 riam
386 2249 539 2290 tenebat,
557 2263 702 2299 cumque
718 2265 759 2285 eo
771 2256 909 2286 Hircanm
922 2254 1037 2286 Ponti-

283 2298 334 2333 fex
347 2298 456 2335 foedus
467 2301 647 2347 pepigerat.
674 2300 737 2335 Sed
756 2301 864 2335 Zebina
881 2312 956 2333 cum
974 2303 1038 2335 im-

281 2350 377 2395 perio
397 2347 579 2396 superbiam
600 2348 761 2384 assumens
781 2346 936 2396 sequaces
957 2352 1037 2386 alie-

282 2400 396 2439 navit,
422 2400 465 2432 ita
483 2409 519 2432 ut
539 2396 633 2434 facile
654 2398 672 2433 ἐι
693 2396 803 2450 thpho
822 2399 926 2434 victus
936 2412 1038 2434 neca-

281 2458 380 2482 retur.

332 2499 459 2545 Gryphue
471 2495 632 2532 crescente
642 2496 792 2544 potentiz'i
804 2497 900 2532 matri
911 2503 1035 2543 gravis,

280 2545 320 2580 ab
339 2559 376 2581 ea
396 2558 526 2580 veneno
545 2549 692 2594 petitur3
719 2547 815 2593 quod
834 2558 945 2581 tamen
963 2560 1036 2582 eam

278 2594 377 2637 filius,
388 2592 498 2630 fraude
512 2594 814 2642 compertfi,bibere
828 2597 946 2643 co'e‘git.
976 2599 1035 2631 Vi-

277 2646 377 2680 vebat
394 2656 464 2679 tutn
488 2644 587 2680 frater
604 2656 682 2678 natu
704 2646 859 2679 minimus
879 2648 977 2688 Cyzici
991 2647 1034 2681 ad

276 2705 419 2740 pontum
440 2709 449 2736 ς
477 2694 564 2728 hunc
575 2707 615 2728 ne
625 2694 807 2739 aliquando
817 2705 934 2727 contra
945 2693 1034 2728 sein-

277 2741 424 2791 surgeret
439 2767 449 2783 ,
478 2745 602 2790 Grjphue
623 2754 753 2776 veneno
767 2743 882 2777 tollere
896 2754 1033 2777 conatus

279 2792 337 2826 est.
375 2794 436 2827 scd
456 2791 686 2840 Cyzicenushas
717 2790 850 2826 insidias
870 2793 973 2838 aperti
998 2794 1031 2827 in

284 2844 424 2890 Gryphum
437 2841 642 2888 bellijustam
655 2839 780 2876 causam
795 2837 920 2877 habuit.

331 2892 407 2924 Erat
420 2894 530 2941 Grypho
539 2903 620 2925 uxor
631 2893 795 2940 ‘T'ryphena‚
806 2892 946 2925 Ptolemaei
957 2893 1030 2941 Phy-

278 2939 362 2983 scone}
374 2941 456 2975 filia:
479 2943 626 2974 moriens
640 2941 760 2990 Physcon
772 2941 861 2974 uxori
877 2942 1031 2986 Cleopatra

277 2990 342 3031 jam
353 2989 564 3033 reconciliare
573 2991 766 3035 potestatem
777 2989 1030 3036 reliquit‚utrum

279 3037 375 3070 vellet
394 3051 429 3075 cx
451 3038 521 3073 filiis
534 3041 660 3087 Regem
675 3040 806 3086 AEgypti
819 3038 1027 3075 constituere.

277 3083 418 3119 Amabat
434 3087 485 3121 illa
500 3091 691 3123 Alexandrum
712 3090 875 3131 minorem
894 3100 957 3135 prae
970 3094 1029 3122 La-

277 3134 357 3182 thyro
371 3137 491 3176 majore
508 3148 515 3168 :
541 3139 683 3185 populus
696 3148 806 3171 tamen
817 3138 955 3171 invitam
967 3150 1028 3171 co-

276 3182 342 3229 Egit
357 3184 510 3230 Lathyrum
523 3186 649 3233 Regem
663 3188 894 3235 pronunciare.
926 3187 1028 3222 Hunc

1000 105 1492 146 Hisrontcr

1086 179 1153 222 jam
1177 178 1307 226 Regem
1334 175 1445 212 effecit
1478 179 1662 226 Cleopatram
1689 178 1836 214 sororem
1857 173 1998 202 Ptolemae:

1088 225 1173 260 suam
1189 222 1355 261 dimittere
1367 251 1376 263 ,
1394 231 1428 261 &
1443 225 1589 262 sororem
1611 232 1745 264 alteram
1766 233 1840 265 Sele·
1859 214 1982 283 ῗέᾖζῖ

1078 287 1143 311 'nen
1153 277 1280 311 ducere.
1309 279 1460 324 Cleopatra
1480 275 1547 312 haec
1566 278 1715 312 amanto
1729 284 1762 314 &
1775 278 1840 313 fra·
1861 293 1987 333 Cleopa&

1091 336 1138 360 tre
1150 325 1275 360 dimissa
1286 326 1326 360 ad
1344 328 1514 361 Antiochum
1525 332 1551 362 C
1548 329 1701 370 yzicenum
1719 328 1746 362 se
1759 341 1841 363 con—
1861 335 1973 374 AEgypto

1092 373 1165 408 tulit
1175 400 1185 416 ‚
1205 375 1317 421 illique
1330 375 1458 410 nubens
1471 377 1631 422 Cyprium
1647 377 1745 424 patris
1757 390 1844 412 exer·
1859 379 1967 416 pellitur,

1095 425 1197 456 citum
1225 424 1267 457 ad
1282 428 1362 469 ejus
1380 425 1539 471 suppetias
1550 425 1697 460 adduxit.
1723 426 1785 460 His
1797 429 1846 460 vi·-

1095 470 1185 505 ribus
1204 473 1359 507 adauctus
1378 477 1633 524 Cyzicenus-cum
1653 472 1754 510 fratre
1776 483 1848 521 Gry-

1092 523 1146 568 pho
1157 521 1303 556 decertat
1315 522 1428 569 praelio
1443 549 1452 564 ,
1471 524 1575 559 vietus
1597 527 1754 569 cyzicenus
1766 524 1848 560 effu-

1095 572 1164 618 git,
1188 568 1243 605 sed
1270 583 1352 605 uxor
1363 576 1530 620 Cleopatra
1555 577 1702 620 Tryphone
1725 573 1847 608 sororis

1093 618 1458 667 diligentiinquisltione
1471 632 1582 668 capta,
1600 619 1744 661 multum
1756 625 1846 657 relu-
1885 629 1889 634 '

1096 670 1204 704 &ante
1219 668 1330 716 Grypho
1341 669 1517 705 crudeliter
1534 681 1648 704 necata
1668 670 1721 706 est.
1746 675 1849 718 Cyzi·
1882 691 1889 699 ·

1093 731 1172 754 cenus
1189 718 1371 753 recollecto
1392 722 1536 755 exercitu
1565 717 1708 769 Gryphurn
1733 719 1847 756 debel-

1092 770 1154 806 lat,
1181 773 1216 803 δε
1232 770 1349 815 Regno
1359 771 1468 814 ejicit,
1494 781 1695 817 captamque
1713 773 1847 818 Tryplmf

1091 830 1160 852 nam
1171 814 1336 853 confodit.

1142 868 1301 913 Cleopatra
1315 870 1430 912 major,
1439 881 1538 914 quam
1552 869 1696 916 primum
1713 863 1844 904 occasio

1094 916 1169 951 data
1179 917 1237 953 est,
1252 919 1408 960 Lathyrum
1418 915 1524 954 filiurn
1543 920 1688 966 AEgypro
1699 919 1842 964 expellit,

1093 976 1128 999 ut
1140 964 1206 1013 ipsa
1216 964 1282 1001 sola
1291 976 1444 1012 regnaret
1455 989 1462 1001 ‚
1475 964 1551 1001 licet
1563 970 1683 1012 juniori
1694 966 1765 1003 filio
1776 970 1844 1002 Ale-

1092 1017 1201 1050 xandro
1212 1016 1348 1050 titulum
1362 1016 1464 1062 Regis
1474 1016 1686 1051 concederet.

1138 1065 1334 1100 Vicinorum
1354 1065 1402 1099 hae
1421 1063 1634 1100 confusiones
1661 1067 1759 1101 loanni
1772 1067 1841 1100 Hir·
1859 1058 1991 1127 ξῂῑῖμὴ

1916 1112 2000 1131 01011318

1093 1163 1231 1205 debant,
1243 1167 1394 1210 quamvis
1405 1176 1616 1212 nequaqnam
1631 1168 1664 1198 in
1676 1176 1748 1199 otio
1761 1178 1839 1201 con·
1860 1144 2000 1221 ZZZ-Z„
2027 1164 2031 1166 “

1092 1212 1227 1249 terebat.
1244 1215 1405 1249 ldumaeos
1415 1212 1566 1261 subigens
1577 1217 1840 1262 co'egitcircurn—
1859 1230 1904 1254 ret.

1092 1264 1159 1297 cidi
1170 1290 1179 1303 ,
1197 1266 1230 1298 &
1240 1264 1274 1296 in
1286 1275 1387 1298 unum
1398 1275 1473 1297 cum
1482 1263 1598 1311 Judaeis
1608 1265 1775 1312 populum
1786 1277 1846 1299 co-

1094 1312 1244 1348 alescere.
1274 1314 1455 1347 Samariam
1467 1315 1566 1347 etiam
1579 1313 1669 1348 fame
1679 1315 1845 1349 domitam

1093 1362 1203 1410 c'epit,
1220 1367 1252 1397 &
1266 1361 1333 1398 'una
1354 1374 1429 1397 cum
1451 1364 1578 1411 templo
1595 1365 1842 1398 Garizimitano

1092 1411 1242 1446 funditus
1254 1413 1380 1447 evertit.
1404 1412 1455 1446 Eo
1471 1413 1658 1460 imperante
1675 1425 1752 1448 ortae
1771 1414 1845 1447 sunt

1098 1460 1348 1503 Pharisaeorum,
1359 1461 1611 1497 Sadducaeorum
1622 1488 1633 1504 ‚
1654 1466 1688 1498 δε
1708 1462 1846 1497 Eueno-

1091 1523 1163 1545 rum
1178 1509 1280 1545 set'ftae.
1305 1514 1449 1546 Hircanus
1458 1510 1512 1543 hic
1532 1513 1702 1558 inmagnis
1719 1511 1844 1558 opibus

1090 1560 1163 1608 post
1173 1561 1307 1607 triginta
1319 1561 1413 1594 unius
1424 1570 1588 1592 annorum
1605 1559 1842 1594 Pontificatum
1859 1565 1960 1595 Ioannis

1089 1611 1234 1645 moriens
1248 1612 1398 1656 quinque
1409 1607 1493 1642 filios
1509 1608 1641 1655 reliquit
1653 1633 1661 1646 ‚
1681 1621 1759 1643 natu
1772 1621 1841 1643 ma-
1856 1606 1925 1654 filim
1933 1609 1988 1639 -Ᾰ-

1089 1661 1194 1694 ximus
1206 1660 1380 1706 aristobulus
1390 1659 1486 1705 regiis
1499 1660 1620 1706 opibus
1632 1657 1758 1696 fruens,
1767 1661 1838 1693 Re·
1858 1648 1987 1683 ristobulus

1088 1711 1135 1756 gis
1147 1721 1272 1743 nomen
1284 1709 1491 1744 &Diadema
1499 1707 1673 1757 assumpsit.
1699 1710 1760 1743 Sed
1770 1721 1841 1742 ma-
1852 1689 1979 1760 5253&

1086 1758 1117 1793 le
1128 1757 1282 1807 cessitipsi
1292 1758 1360 1793 haec
1370 1758 1606 1797 ambitio‚nam
1619 1761 1705 1792 intra
1716 1770 1841 1793 annum
1919 1752 1929 1762 ”
1948 1757 1959 1770 ⁴

1088 1810 1188 1844 vitam
1201 1806 1263 1843 una
1274 1821 1349 1843 cum
1362 1809 1486 1857 Regno
1498 1808 1664 1856 deposuit.

1137 1857 1283 1893 Amabat
1303 1859 1358 1893 ille
1377 1860 1571 1893 Alexandrum
1582 1856 1717 1893 fratrem
1732 1882 1740 1894 ‚
1759 1861 1793 1892 86
1807 1857 1841 1892 in

1086 1909 1191 1955 Regni
1211 1905 1407 1942 societatem
1428 1905 1635 1954 assumpserat
1647 1932 1657 1948 ‚
1687 1905 1739 1939 scd
1760 1919 1843 1941 uxot

1087 1958 1195 1993 Solome
1206 1959 1371 1993 Alexandra
1383 1957 1470 1991 dicta
1481 1980 1490 1992 ‚
1513 1958 1688 2004 impatiens
1707 1954 1842 2000 hujusce

1089 2006 1253 2042 societatis
1263 2032 1272 2046 ‚
1295 2005 1431 2041 affiduas
1442 2017 1561 2040 eontra
1573 2007 1771 2041 Alexandrum
1789 2016 1844 2038 ca-

1086 2057 1228 2092 lumnias
1238 2055 1391 2092 struebat.
1416 2057 1507 2100 Dum
1517 2057 1658 2104 graviter
1668 2065 1841 2103 aegrotaret

1088 2107 1158 2141 Rex
1174 2107 1357 2153 Aristobulus‚
1378 2107 1539 2141 Alexander
1548 2106 1588 2141 de
1601 2108 1722 2138 lturaei's
1734 2102 1841 2149 splen.

1089 2156 1204 2191 didam
1216 2158 1392 2191 victoriam
1403 2153 1547 2189 referens
1558 2177 1567 2190 ‚
1581 2154 1687 2186 statim
1700 2151 1716 2185 al
1727 2151 1839 2198 pugna

1087 2208 1120 2238 in
1130 2199 1295 2252 templum
1307 2217 1382 2238 cum
1396 2201 1555 2236 militibus
1574 2212 1716 2235 armatus
1730 2200 1842 2235 ascen-

1087 2253 1174 2286 derat
1186 2251 1437 2287 sacrificaturus:
1457 2249 1589 2284 susurrat
1599 2252 1767 2287 Alexandra
1778 2250 1842 2285 ad-

1089 2311 1221 2336 ventare
1239 2302 1438 2335 Alexandrum
1454 2311 1615 2334 armatum
1638 2311 1674 2333 ut
1692 2297 1842 2347 Aristobu-

1087 2351 1147 2383 lum
1158 2360 1290 2383 necaret
1302 2364 1311 2390 ·,
1340 2361 1461 2384 evocat
1470 2349 1510 2383 ad
1523 2348 1552 2383 se
1566 2351 1762 2384 Alexandrum
1771 2351 1839 2383 Ari-

1079 2397 1204 2444 stobulus
1215 2425 1222 2437 ‚
1232 2397 1285 2433 scd
1299 2409 1335 2432 ut
1347 2400 1471 2433 veniret
1480 2400 1614 2434 inermis
1624 2401 1756 2433 monuit
1767 2412 1775 2431 :
1791 2398 1839 2432 ast

1087 2450 1251 2483 Alexandra
1270 2460 1325 2496 per
1337 2448 1479 2483 eundem
1497 2449 1652 2482 nuncium
1669 2450 1837 2483 contraria.

1087 2500 1249 2532 Alexandro
1265 2497 1420 2532 mandata
1431 2497 1510 2532 clam
1523 2496 1698 2537 submittit,
1718 2495 1838 2544 cupere

1087 2548 1241 2581 nimirum
1260 2546 1447 2591 Aristobulum
1471 2549 1505 2580 in
1524 2549 1619 2580 novis
1651 2543 1715 2579 suis
1739 2547 1838 2580 armis

1088 2595 1220 2631 fratrem
1234 2597 1433 2644 conspicere.
1457 2595 1654 2630 satellitibus
1668 2596 1838 2642 aristobulus

1084 2648 1257 2693 imperavit
1269 2656 1304 2680 ut
1315 2647 1510 2680 Alexandrum
1521 2670 1531 2685 ,
1552 2644 1573 2678 si
1587 2647 1711 2680 veniret
1728 2657 1836 2679 arma-

1084 2707 1147 2736 tus,
1160 2694 1357 2729 tollerentin
1367 2693 1426 2729 via.
1454 2696 1618 2729 Alexander
1638 2694 1717 2728 nihil
1735 2692 1832 2741 suspi-

1083 2755 1172 2777 catus
1191 2743 1329 2784 fraudis,
1349 2743 1389 2778 ad
1408 2743 1543 2777 fratrem
1557 2755 1593 2777 ut
1610 2755 1676 2778 erat
1687 2754 1831 2777 armatus

1082 2792 1255 2828 secundum
1269 2795 1435 2828 Alexandra
1444 2792 1616 2827 confilium
1630 2791 1801 2833 accedens,
1811 2791 1831 2826 εὶ

1082 2842 1272 2878 satellitibus
1281 2842 1424 2890 propein
1432 2842 1550 2877 aedium
1564 2839 1737 2880 vestibulo,
1747 2853 1832 2875 con-

1080 2890 1182 2927 fofl'us
1195 2892 1247 2926 est.
1277 2894 1445 2938 Aristobulus
1457 2888 1588 2932 hujusce
1611 2887 1735 2934 sceleris
1756 2903 1830 2937 pce-

1081 2941 1219 2974 niteutiss
1233 2942 1369 2981 duCtus‚
1382 2940 1499 2974 morbo
1513 2938 1604 2971 simul
1620 2938 1831 2973 &conscien-

1081 2989 1122 3023 tifi
1133 2999 1264 3022 vexatus
1274 3013 1284 3028 ‚
1298 2988 1484 3034 sanguinem
1505 2988 1645 3021 multum
1658 2991 1806 3022 evomuit
1823 3003 1831 3023 ε

1079 3038 1135 3085 qui
1154 3037 1238 3071 hanc
1255 3035 1411 3071 efferebat
1423 3038 1455 3069 in
1468 3038 1552 3084 pelvi
1572 3050 1652 3083 puer
1665 3063 1674 3077 ‚
1690 3037 1831 3082 lapsante

1079 3088 1172 3134 pede,
1184 3086 1305 3121 eodem
1318 3085 1397 3119 loco
1411 3084 1466 3119 ubi
1479 3099 1583 3133 nuper
1595 3089 1756 3121 Alexander
1767 3099 1832 3120 cae-

1079 3136 1128 3170 sus
1140 3146 1219 3175 erat,
1239 3136 1356 3169 cadens
1369 3160 1379 3175 ,
1405 3133 1596 3182 sanguinem
1615 3134 1745 3176 effudit,
1773 3136 1830 3182 qui

1078 3185 1238 3231 Aristobuli
1256 3184 1447 3234 sanguinem
1467 3184 1695 3233 supet-affusum
1716 3183 1829 3238 fratris

1715 3243 1825 3266 cruori

1088 1126 1158 1149 cano
1169 1115 1409 1160 Hierosolymis
1423 1111 1566 1149 securam
1588 1128 1701 1161 pacem
1724 1128 1841 1149 conce-

1851 2709 1963 2736 Fratrem

1849 2756 1927 2777 necat.
