2048 3343
120 1233 185 1260 1:011·ae
187 1233 242 1269 βα-

111 1275 185 1312 gisia.

226 1787 228 1789 ·
275 1781 351 1803 caru
358 1782 388 1804 m
400 1771 522 1804 incuria
533 1770 677 1805 delituit.

116 2372 186 2400 Caius
196 2379 227 2401 2³2¹

115 2417 202 2441 LuJus
208 2414 247 2440 Ll-

116 2464 160 2481 vtae
167 2463 229 2481 artr-

112 2494 156 2522 lmi·
162 2503 220 2531 per-

113 2544 180 2565 enm.

275 84 354 116 304
622 66 938 102 openis

1001 58 1481 99 His-ron1-‹21

274 144 379 180 voluit
403 140 574 175 nominare
600 133 811 172 successorem
833 159 842 172 ‚
867 134 1026 167 annulum
1075 129 1198 165 morbo
1213 132 1264 166 seu
1279 136 1362 168 Livia
1372 134 1484 171 fraude
1499 140 1747 186 periit‚«quart0
1762 166 1770 179 ,
1790 141 1839 175 se-

274 204 385 227 tamen
402 190 493 225 suum
519 189 639 236 Agrippa
655 199 720 220 non
731 187 868 221 Marcello
878 181 1027 230 praebuit,
1081 182 1225 215 cundum
1237 185 1404 226 salianum,
1415 186 1486 231 post
1498 187 1661 222 Christum
1674 203 1770 226 ann0.

273 241 351 277 hinc
364 241 495 275 Marcelli
512 240 545 271 in
559 240 713 285 Agrippam
724 235 859 283 levirum
873 228 1027 265 offensio.

276 289 366 324 Cum
378 286 584 324 convaluisset
596 283 865 333 Augustus,legavit
873 282 1031 335 dAgrippam

275 341 309 374 in
321 340 458 385 Syriam,
480 337 548 379 urit
560 338 688 371 Marcelli
698 335 820 368 invidia
835 329 1032 376 cOiispeClcu-

279 401 344 434 que
356 387 601 422 subduceretur,
617 385 668 420 sed
683 395 758 417 mox
770 384 922 417 Marcellus
934 381 966 412 in
979 381 1030 422 ju-

278 439 424 473 ventutis
435 438 573 471 introitu
585 435 708 469 interiit
720 432 860 470 morbo,
870 432 1031 464 virtutum

279 487 411 522 suarum
432 485 540 522 multo
565 485 654 533 apud
678 494 796 518 omnes
815 480 928 515 relicto
949 474 1033 510 desi-

279 537 467 632 ἂεῗίῖζέιιβιις
501 586 653 631 Agrippam
690 581 824 613 Marcello
861 572 1033 610 substituit,

279 636 446 669 mandans
458 645 493 668 ut
505 629 632 667 dimissa
643 623 781 663 Marcelli
794 626 1033 661 luliamMarcelli

280 684 419 719 duceret
429 709 437 723 ‚
456 683 522 717 haec
534 685 579 716 illi
589 691 650 713 tres
663 678 751 712 filios
762 677 901 724 peperit,
916 674 1033 718 cajum,

276 736 407 770 Lucium,
420 737 453 768 δέ
467 734 614 778 Agrippam
627 726 849 774 posthumum.
877 726 965 770 Qae
977 722 1033 779 lia-

276 782 378 816 bebat
393 781 522 828 Augustus
535 779 620 813 bella
637 779 671 810 in
684 780 794 810 Ponto
813 801 821 817 ‚
847 777 1031 812 Pannonia,

279 836 314 866 &
329 831 507 865 Cantabria
517 854 527 869 ,
542 829 663 875 Agrippa
673 825 815 862 feliciter
824 822 1031 859 administra-

275 882 323 916 vit
336 905 346 920 ,
372 878 437 927 ipse
459 879 551 925 Caesar
569 887 690 925 pacato
709 876 838 924 agmine
859 883 1030 920 peragrata

275 930 396 971 Gallia,
409 927 577 977 Hispania,
591 928 715 961 Graecia
727 950 734 963 ‚
750 929 783 959 δε
799 921 1030 970 Afia,provin-

273 981 340 1013 cias
353 990 471 1014 omnes
486 977 654 1012 ordinavit
683 989 691 1010 ε
719 977 866 1010 Romam
887 969 1031 1006 reversus

274 1032 361 1063 cives
381 1030 556 1062 Romanos
583 1028 616 1059 in
638 1025 694 1060 suo
717 1024 813 1059 censu
834 1020 1030 1068 quadragies

272 1079 395 1112 centies
409 1076 498 1111 mille
511 1076 697 1110 numeravit
707 1100 717 1116 ‚
729 1076 905 1109 Senatores
918 1072 957 1105 ad
970 1082 1032 1104 tre-

277 1137 394 1162 centos
412 1127 520 1160 statuit
539 1126 689 1161 reducere
702 1150 712 1166 ‚
730 1123 784 1158 sed
797 1120 1030 1156 metuinvidiae

276 1176 445 1212 sexcentos
458 1173 602 1210 admisit.

328 1228 419 1260 Dum
431 1225 447 1260 a
457 1224 547 1260 bello
561 1223 756 1259 Pannonico
769 1221 887 1256 rediret
901 1221 1034 1266 Agrippa,

274 1287 450 1321 antequam
469 1276 503 1308 in
523 1273 641 1308 urbem
662 1273 772 1311 venit,
799 1272 832 1303 in
855 1268 1038 1315 Campania

276 1324 484 1360 decumbens
494 1323 666 1370 expiravit.
678 1322 798 1354 Donec
808 1317 1034 1352 adolescerent

278 1376 401 1421 Agrippa
413 1373 472 1408 filii
484 1374 625 1408 Tiberium
638 1371 826 1419 privignum
850 1365 948 1400 rebus
968 1367 1033 1399 do-

277 1426 325 1457 mi
335 1421 479 1471 forisque
488 1422 636 1468 regendis
648 1419 781 1467 Augustus
791 1414 936 1465 praefecit
948 1439 955 1452 ‚
967 1416 1032 1452 illi-

279 1475 458 1519 queluliam
472 1471 573 1506 filiam
589 1475 709 1518 Agrippa
722 1469 855 1503 viduam
868 1467 962 1502 dedit
973 1467 1031 1502 du-

279 1521 436 1556 cendam.
469 1521 591 1556 Tiberius
609 1518 720 1553 multis
734 1517 826 1552 bellis
841 1515 914 1551 satis
927 1516 1031 1552 selici-

276 1581 327 1604 ter
345 1570 523 1606 defunctus
541 1570 586 1604 est
602 1593 610 1609 ,
626 1565 682 1602 sed
696 1566 771 1601 cum
785 1571 876 1609 Caius
890 1570 924 1601 &
936 1569 1033 1602 Lucius

273 1620 313 1654 ad
334 1620 460 1656 virilem
482 1631 611 1655 aetatem
640 1616 855 1665 pervenissent
873 1642 882 1657 ,
913 1629 954 1651 ne
974 1629 1033 1651 eos

277 1667 459 1706 offenderet
470 1696 478 1708 ‚
493 1672 525 1704 in
535 1669 698 1704 Rhodum
713 1665 831 1702 seceffit
842 1691 851 1707 ,
870 1665 927 1701 ubi
939 1667 1034 1701 variis

276 1722 367 1755 annis
380 1723 411 1754 in
425 1733 544 1768 magna
556 1719 715 1754 modestia
726 1743 735 1758 ,
755 1720 789 1752 δε
803 1729 909 1751 rerum
924 1716 1034 1763 publi-

713 1768 810 1802 Utor
827 1767 900 1801 Iulia
914 1767 1034 1800 Romae

273 1818 427 1854 remansit
440 1820 633 1854 :mulierum
643 1817 709 1852 haec
723 1813 829 1850 multo
840 1815 1036 1863 spurciffima

275 1870 419 1902 evaserat
432 1894 442 1910 ‚
461 1868 540 1901 dum
553 1869 655 1901 multa
665 1870 732 1909 ejus
744 1865 901 1900 adulteria
917 1865 957 1900 ad
975 1878 1035 1913 pa-

275 1918 332 1951 tris
346 1917 479 1952 tandem
491 1929 583 1951 aures
593 1914 809 1956 accessissent,
824 1917 850 1949 is
861 1915 1030 1949 adultero-

272 1979 344 2002 rum
358 1967 441 2000 alios
455 1966 661 2004 morte‚alios
672 1964 769 1999 exilio
783 1963 1031 2012 punivit,ipsam

270 2017 304 2049 in
315 2015 451 2051 insulam
465 2016 632 2063 deportari
645 2015 722 2049 fecit
733 2039 741 2052 ,
761 2026 796 2048 ut
807 2018 839 2048 in
850 2014 946 2048 exilio
957 2028 1030 2049 mo-

272 2077 410 2106 reretur,
426 2064 520 2100 misso
532 2068 562 2099 ei
573 2063 662 2112 prius
673 2066 809 2098 nomine
820 2065 923 2098 Tiberii
932 2063 1029 2099 libel-

272 2113 308 2147 lo
322 2116 444 2160 repudii
463 2129 470 2149 z
493 2115 558 2148 hoc
573 2113 699 2162 pudore
712 2112 926 2148 confususdiu
936 2113 953 2147 zi
965 2127 1028 2162 pu-

273 2161 367 2196 blico
385 2163 558 2203 abstinuit.
598 2162 698 2197 Certe
720 2164 753 2195 in
774 2163 834 2196 hoc
854 2164 1027 2209 puniendo

271 2210 529 2257 flagitiojustum
548 2209 577 2244 se
590 2209 923 2257 praebuissetjudicem
935 2235 945 2249 ‚
967 2211 1025 2244 nisi

270 2261 336 2308 ipse
351 2259 446 2294 fiinili
466 2261 593 2294 crimini
613 2257 719 2292 fuisset
732 2255 838 2291 affinis
850 2281 859 2293 ‚
875 2259 908 2290 in
927 2258 1027 2290 nimia

270 2321 346 2344 cum
359 2314 512 2344 Mccaenatis
524 2304 655 2344 terentia
664 2305 900 2342 familiaritate.

317 2358 367 2393 Ut
380 2357 523 2404 primum
534 2358 627 2403 Cajus
637 2360 670 2390 &
683 2358 784 2390 Lucius
797 2354 919 2389 militiae
929 2354 1025 2389 labo-

269 2407 357 2443 ribus
369 2407 511 2443 ferendis
524 2404 723 2446 erant,illum
737 2408 768 2439 in
786 2404 894 2439 Aliam
906 2416 1026 2439 contra

270 2458 407 2492 Parthos
419 2481 429 2499 ‚
442 2459 498 2504 qui
516 2458 683 2489 minorem
702 2456 896 2489 Armeniam
911 2466 1027 2502 rapue-

270 2520 340 2542 rant
352 2533 361 2548 ,
374 2507 458 2541 hunc
469 2507 502 2539 in
516 2505 709 2553 Hispaniam
722 2505 761 2539 ad
773 2506 949 2539 exercitum
964 2506 1025 2538 mi-

271 2556 308 2590 sit
326 2572 334 2591 ι
361 2556 415 2590 sed
435 2556 577 2591 Luciusnt
589 2552 730 2603 primum
745 2554 831 2588 venit
845 2552 1022 2588 Maffiliam

271 2606 390 2641 morbo
402 2615 572 2652 correptus
583 2605 718 2640 interiit,
729 2616 787 2637 nec
803 2604 856 2637 diu
871 2605 959 2647 Cajus
970 2602 1022 2638 su—

270 2658 426 2704 pervixit.
463 2657 601 2690 Phraates
622 2654 757 2698 quidem
778 2652 912 2685 Parthus
928 2652 967 2685 ab
981 2665 1021 2686 eo

269 2717 418 2740 metuens
439 2705 631 2738 Armeniam
652 2702 814 2735 minorem
829 2702 932 2734 statim
947 2701 1021 2736 red-

268 2755 370 2788 didit:
390 2754 443 2789 sed
464 2754 544 2788 dum
562 2752 635 2786 esset
657 2753 689 2784 in
709 2752 866 2784 Armenia
879 2751 1019 2784 totoin-

266 2802 429 2848 spestante
453 2804 597 2837 exercitu
628 2800 759 2842 dederat
782 2808 903 2834 Domnes
930 2797 1019 2834 sche-

266 2850 377 2886 dulam
389 2851 626 2899 quasithesauri
641 2874 651 2890 ‚
669 2848 750 2883 lianc
769 2851 844 2883 dum
858 2848 1018 2884 attentius

266 2901 385 2947 legeret
405 2909 497 2945 Cayus
510 2928 519 2942 ,
538 2912 694 2948 magnum
715 2900 742 2932 ei
762 2898 878 2932 vulnus
899 2907 1020 2933 Domnes

269 2949 381 2983 inlliint
394 2976 402 2989 ‚
422 2950 526 2984 statim
540 2952 673 2997 quidem
696 2950 712 2981 a
732 2948 1016 2982 circumstantibus

270 2997 321 3030 hic
343 2999 385 3031 est
401 2999 550 3033 concisus
566 3025 576 3039 ,
606 3003 696 3044 Casus
716 3009 828 3032 tamen
849 2999 903 3032 diu
922 3011 958 3032 cx
978 3010 1018 3031 eo

271 3048 402 3079 vulnere
413 3049 699 3083 laboravit‚animo
710 3050 846 3081 etiamin
857 3049 932 3081 vitia
942 3061 1017 3094 pro-

270 3107 315 3128 no
327 3096 425 3127 voluit
438 3097 469 3128 in
484 3096 554 3129 Asia
563 3099 783 3135 commorari,
794 3109 853 3130 nec
866 3096 921 3130 nisi
933 3097 1017 3144 aegre

272 3144 421 3179 Romam
432 3149 599 3180 revocanti
614 3160 675 3184 avo
690 3149 798 3194 paruit
824 3160 833 3184 ;
856 3147 890 3181 in
901 3147 951 3183 via
962 3148 1014 3181 seu

1133 231 1277 266 Mortuo
1308 235 1379 279 Cajo
1400 236 1534 269 tertium
1561 237 1652 271 suum
1679 252 1837 289 nepotem
1856 247 1992 276 EtiamA-

1087 283 1236 327 Agrippam
1255 283 1468 329 posthumum
1488 287 1624 332 Augustus
1641 289 1812 336 adoptavit
1832 290 1938 327 :grippa

1085 328 1136 362 sed
1151 340 1218 363 tarn
1238 344 1359 376 pravos
1373 333 1480 367 statim
1500 340 1570 377 ejus
1583 348 1691 371 mores
1701 351 1838 388 compe·
1856 329 1959 365 Postlm-

1085 377 1140 432 t{t‚
1150 388 1186 411 ut
1198 380 1416 427 adoptionem
1429 382 1515 417 illam
1530 389 1737 422 moxirritam
1746 388 1838 426 fece-
1855 382 1915 399 mus.

1087 437 1129 459 rit
1145 450 1168 485 ,x
1182 431 1217 462 δε
1245 431 1396 479 Agrippam
1416 434 1606 481 relegaverit
1632 438 1665 470 in
1683 437 1839 475 Insulam.

1089 476 1175 525 Ergo
1185 479 1327 520 Tiberius,
1345 480 1526 517 secundum
1542 486 1652 520 matris
1670 499 1788 523 votum
1802 502 1840 524 ex

1087 524 1144 558 sno
1162 525 1275 562 secessu
1297 529 1439 565 Rhodio
1461 544 1631 568 revocatus
1653 548 1726 570 cum
1742 538 1842 574 fratre

1087 576 1178 621 Drufii
1189 577 1369 625 adoptatus
1379 579 1434 616 est.
1468 582 1576 628 Drufits
1594 584 1625 616 in
1641 587 1842 622 Germanico
1861 582 1871 593 ⁸

1088 625 1173 659 bello
1183 628 1313 673 aliquot
1326 641 1434 664 annos
1445 632 1586 666 versatus
1598 632 1669 667 satis
1681 637 1845 684 prospere,

1087 686 1124 709 ex
1145 677 1266 710 morbo
1284 679 1410 713 interiit
1426 705 1437 721 ‚
1465 682 1583 716 relicto
1611 689 1779 721 Germanico
1807 690 1843 722 &

1087 727 1213 759 claudio
1225 725 1310 761 filiis.

1133 775 1230 808 Solus
1247 777 1371 812 Tiberius
1387 779 1507 827 Augusto
1535 783 1567 817 in
1585 782 1758 819 senectutis
1774 783 1843 819 ful—-

1086 833 1176 856 crum
1191 825 1319 859 relictus
1329 839 1397 861 etat
1416 840 1425 860 :
1447 830 1600 876 pethunc
1613 835 1698 868 varia
1709 833 1794 869 bella
1807 836 1841 869 in

1088 873 1257 908 Dalmatia
1276 878 1310 908 δε
1328 875 1460 922 Illyrico
1479 879 1624 916 confecit
1644 901 1653 922 ς
1680 887 1839 929 „Quintilius

1087 932 1199 978 tamen
1220 930 1307 958 Varus
1326 926 1360 958 in
1381 928 1495 975 Belgio
1509 941 1583 963 cum
1596 931 1843 981 tribusintegris

1083 970 1289 1025 legionibus,
1302 974 1534 1024 equitibusque
1551 982 1584 1014 ὃς
1599 981 1720 1015 auxiliis
1732 982 1773 1015 ab
1786 991 1844 1018 Ar-

1085 1025 1173 1056 mimo
1185 1022 1314 1058 deletus
1325 1024 1381 1061 est.
1408 1025 1569 1063 Effecerat
1581 1029 1716 1081 Augustus
1724 1042 1758 1065 ut
1773 1039 1845 1067 Ger-

1086 1074 1210 1106 manicus
1224 1072 1358 1108 &Teberio
1369 1086 1487 1120 patruo
1499 1078 1729 1126 adoptaretur,
1741 1092 1775 1114 ut
1786 1094 1844 1128 per

1088 1123 1292 1157 Germanicum
1304 1124 1457 1171 prospere
1466 1125 1539 1161 satis
1551 1126 1676 1164 bellurn
1685 1130 1718 1164 in
1728 1129 1845 1180 Belgio

1088 1171 1349 1206 administratum
1363 1175 1416 1209 est.

1137 1219 1293 1256 Tandem
1319 1224 1560 1271 ingravescente
1588 1228 1679 1263 senio
1706 1230 1844 1281 Augustus
1863 1230 1967 1267 ,Augu-

1087 1278 1176 1302 anno
1187 1273 1290 1305 aetati's
1300 1270 1537 1322 septuagesimo
1548 1277 1731 1315 sexto‚durn
1742 1272 1920 1318 Bene-stffm'
1929 1274 1978 1299 Le-

1088 1329 1225 1352 ventum
1248 1321 1347 1369 usque
1375 1326 1515 1360 Tiberium
1544 1329 1709 1373 Illyricum
1739 1329 1846 1365 versus
1861 1320 1992 1341 '’mmm''

1087 1366 1270 1404 deduxisset
1298 1397 1307 1412 ,
1346 1375 1472 1409 rediens
1502 1377 1652 1411 Romam
1682 1378 1781 1413 Nolae
1810 1380 1843 1413 in

1074 1417 1272 1464 1Campania
1292 1423 1464 1468 expiravit.
1504 1426 1676 1461 Matar-asse
1695 1440 1840 1463 mortem

1085 1468 1231 1502 creditur
1241 1493 1250 1508 ,
1267 1468 1360 1515 quod
1373 1475 1524 1518 Agrippam
1536 1475 1567 1506 i'n
1582 1475 1686 1508 Insula
1699 1476 1844 1511 planaria

1084 1517 1248 1552 invisisset.
1281 1520 1399 1553 Itinere
1418 1520 1566 1556 hoclicet
1579 1523 1789 1560 secretissimo
1801 1526 1844 1561 ad

1083 1569 1198 1602 Liviam
1220 1580 1418 1611 emanante,
1440 1571 1493 1605 illa
1513 1571 1596 1607 ficus
1609 1574 1849 1621 aliquotinar-

1085 1619 1167 1652 bore
1194 1618 1378 1663 pendentes
1403 1632 1533 1655 veneno
1554 1621 1712 1669 aspersisse
1732 1623 1849 1666 fertur,

1087 1680 1166 1715 quas
1180 1669 1314 1715 Augustus
1324 1668 1505 1719 decerpens
1517 1675 1546 1706 δι
1561 1674 1752 1710 comedens,
1764 1672 1848 1707 dum

1086 1718 1150 1764 ipsa
1162 1720 1301 1765 integras
1313 1731 1475 1767 carperet,
1494 1734 1531 1756 ex
1543 1721 1713 1770 profluvio
1725 1723 1849 1758 ventris

1087 1768 1219 1816 placide
1233 1771 1404 1817 expiravit.
1782 1799 1787 1804 .

1134 1819 1257 1854 Tiberim
1270 1822 1419 1867 properis
1431 1820 1446 1855 ὲ
1458 1831 1563 1855 matre
1572 1822 1700 1856 nunciis
1711 1821 1845 1857 accerfi-
1862 1828 1957 1856 meria

1087 1879 1139 1903 tus
1162 1870 1213 1901 vix
1233 1866 1403 1915 spirantem
1418 1872 1544 1905 invenit
1559 1895 1569 1908 ,
1595 1875 1629 1906 &
1648 1872 1723 1905 licet
1736 1872 1842 1905 statim
1862 1868 1994 1906 difficulter

1085 1919 1264 1952 exercitum
1286 1922 1318 1953 ὃ(
1339 1923 1514 1967 Imperium
1534 1933 1638 1955 omne
1660 1922 1843 1969 arripuerit,
1862 1915 1968 1979 senati?

1085 1970 1135 2002 vix
1147 1979 1259 2002 tamen
1281 1971 1315 2002 δε
1336 1968 1419 2017 aegre
1432 1969 1714 2018 valdeimperandi
1729 1971 1840 2005 onusa
1855 1953 1982 2021 {gsmr‘e‘

1084 2016 1224 2065 supplice
1235 2019 1356 2053 Senatu
1379 2016 1438 2052 fibi
1456 2019 1647 2066 impofitum
1667 2021 1841 2056 admittere
1888 2001 1905 2032 p
1976 2012 1984 2020 ⁹

1084 2066 1112 2100 se
1125 2066 1210 2114 polle
1219 2065 1381 2103 simulavit
1394 2093 1404 2110 ‚
1420 2080 1509 2103 anno
1520 2071 1621 2103 aetatis
1633 2071 1842 2116 quinquage-
1873 2068 1878 2079 ⁸

1082 2115 1165 2150 simo
1181 2118 1315 2163 quinto.

1129 2167 1237 2199 Prima
1264 2177 1338 2199 cura
1368 2162 1433 2198 fuit
1463 2162 1604 2198 immisso
1631 2167 1840 2202 Centurione

1081 2215 1235 2257 Agrippam
1248 2212 1453 2252 confodere,-
1465 2213 1603 2247 secunda
1616 2239 1626 2254 ,
1637 2217 1743 2250 Iuliam
1756 2216 1839 2250 olim

1080 2271 1222 2293 uxorem
1249 2258 1336 2295 suam
1364 2260 1438 2308 post
1458 2274 1617 2296 annorum
1641 2266 1757 2311 viginti
1775 2268 1843 2300 exi-

1080 2308 1159 2342 lium
1173 2308 1294 2356 Rhegii
1307 2310 1383 2343 tabe
1395 2314 1426 2345 ὃ(
1439 2310 1544 2346 inedia
1560 2311 1738 2347 conficere.
1777 2323 1840 2349 Au-

1075 2357 1147 2404 gusti
1166 2357 1352 2393 honorifice
1375 2361 1408 2393 in
1426 2372 1544 2406 campo
1565 2363 1689 2395 Martio
1702 2366 1839 2397 cremati

1079 2406 1225 2454 reliqniae
1236 2408 1268 2441 i'n
1282 2408 1459 2443 Mausoleo
1474 2411 1621 2458 repositae
1635 2410 1703 2445 sunt
1715 2437 1725 2453 ,
1756 2413 1838 2447 dum

1078 2457 1209 2503 quidam
1222 2457 1458 2504 equesjurz‘iffet
1472 2460 1580 2495 vidisse
1596 2461 1625 2495 se
1636 2469 1714 2508 Augu
1741 2474 1789 2497 um
1802 2464 1836 2495 in

1078 2507 1199 2541 coelum
1212 2508 1400 2546 ascendere,
1413 2510 1549 2560 Augustus
1559 2511 1591 2543 in
1605 2511 1759 2545 divorum
1774 2524 1838 2545 nu-

1078 2568 1205 2590 merum
1218 2558 1337 2591 relatus
1348 2557 1403 2598 est,
1417 2563 1448 2592 δε
1463 2564 1610 2606 perjurus
1621 2572 1722 2607 eques
1735 2559 1835 2595 multa

1076 2606 1217 2653 pecunia
1228 2605 1244 2640 ὲ
1257 2607 1338 2641 Liria
1352 2619 1590 2644 remuneratur.

1126 2656 1427 2691 Verumenimvero
1449 2658 1620 2699 redeamus
1642 2662 1708 2703 jam
1729 2658 1830 2693 adres
1850 2658 1989 2698 Resludaev·

1072 2703 1267 2751 Judaeorum
1289 2709 1323 2739 δε
1345 2718 1396 2740 eas
1406 2706 1446 2740 ad
1461 2709 1570 2742 Christi
1588 2712 1728 2743 natalem
1754 2732 1765 2748 ,
1793 2712 1827 2742 &
1848 2700 1981 2736 'masth’

1072 2766 1144 2800 quae
1157 2766 1235 2788 mox
1246 2755 1381 2802 sequuta
1391 2757 1565 2797 est,Herodis
1573 2760 1674 2804 Magni
1685 2768 1827 2791 mortem
1846 2741 1949 2780 ''fi'fflm‘

1072 2804 1300 2841 deducamus.
1349 2808 1478 2841 Auctor
1503 2806 1553 2839 hic
1579 2807 1678 2838 nobis
1704 2806 1828 2854 lofi’plms

1072 2865 1154 2887 unus
1165 2853 1307 2898 superest
1320 2877 1330 2893 ,
1353 2866 1554 2900 quaecunque
1569 2856 1656 2888 enim
1676 2858 1822 2896 Salianus,

1071 2904 1236 2941 Tormenta,
1251 2906 1391 2947 Capellm‚
1407 2904 1559 2949 Usherz'ws,
1575 2903 1655 2948 Rofiz‚
1672 2908 1703 2938 δέ
1721 2906 1772 2938 alii
1783 2906 1826 2940 de

1069 2950 1165 2985 rebus
1177 2962 1255 2984 tunc
1265 2949 1407 2994 Judaicis
1419 2951 1563 2985 referunt
1580 2977 1589 2992 ,
1609 2966 1645 2986 ea
1660 2956 1772 2987 omnia
1786 2966 1824 2988 ex

1070 3012 1137 3034 uno
1146 3000 1255 3045 Iofieplio
1267 3001 1429 3034 hauriunt.
1460 3003 1547 3042 Quoe
1558 3002 1648 3036 addit
1663 3006 1825 3038 Garionides

1070 3049 1136 3083 fide
1147 3049 1246 3096 digua
1259 3060 1324 3081 non
1336 3047 1407 3082 sunt
1417 3074 1424 3085 ‚
1436 3048 1510 3084 litet
1521 3052 1723 3086 doersfimus
1736 3060 1826 3087 Mun-

1062 3100 1152 3144 flerus
1164 3109 1287 3132 textum
1301 3100 1368 3141 ejus
1391 3099 1597 3136 Hebraicum
1620 3100 1769 3138 versione
1789 3105 1825 3135 δε

1071 3149 1160 3183 notis
1172 3146 1323 3194 dignatus
1335 3145 1385 3184 sit.

1746 3197 1824 3232 Post
