<?xml version="1.0" encoding="UTF-8"?>
<!DOCTYPE html PUBLIC "-//W3C//DTD XHTML 1.0 Transitional//EN"
    "http://www.w3.org/TR/xhtml1/DTD/xhtml1-transitional.dtd">
<html xmlns="http://www.w3.org/1999/xhtml" xml:lang="en" lang="en">
 <head>
  <title>
</title>
<meta http-equiv="Content-Type" content="text/html;charset=utf-8" />
  <meta name='ocr-system' content='tesseract 3.04.00' />
  <meta name='ocr-capabilities' content='ocr_page ocr_carea ocr_par ocr_line ocrx_word'/>
</head>
<body>
  <div class='ocr_page' id='page_1' title='image "./operishistoricie00bail_0443.png"; bbox 0 0 2048 3343; ppageno 0'>
   <div class='ocr_carea' id='block_1_1' title="bbox 56 2253 193 2280">
    <p class='ocr_par' dir='ltr' id='par_1_1' title="bbox 56 2253 193 2280">
     <span class='ocr_line' id='line_1_1' title="bbox 56 2253 193 2280; baseline -0.007 0"><span class='ocrx_word' id='word_1_1' title='bbox 56 2253 193 2280; x_wconf 76' lang='lat' dir='ltr'><em>Peroratio.</em></span> 
     </span>
    </p>
   </div>
   <div class='ocr_carea' id='block_1_2' title="bbox 604 95 1352 139">
    <p class='ocr_par' dir='ltr' id='par_1_2' title="bbox 604 95 1352 139">
     <span class='ocr_line' id='line_1_2' title="bbox 604 95 1352 139; baseline -0.007 0"><span class='ocrx_word' id='word_1_2' title='bbox 604 99 1017 139; x_wconf 60' lang='lat' dir='ltr'>Draritissa</span> <span class='ocrx_word' id='word_1_3' title='bbox 1080 95 1352 135; x_wconf 74' lang='lat' dir='ltr'>PR1MA.</span> 
     </span>
    </p>
   </div>
   <div class='ocr_carea' id='block_1_3' title="bbox 211 171 983 2001">
    <p class='ocr_par' dir='ltr' id='par_1_3' title="bbox 211 171 983 2001">
     <span class='ocr_line' id='line_1_3' title="bbox 212 171 964 221; baseline -0.003 -15"><span class='ocrx_word' id='word_1_4' title='bbox 212 177 292 207; x_wconf 45' lang='lat' dir='ltr'>*izo*</span> <span class='ocrx_word' id='word_1_5' title='bbox 309 173 405 213; x_wconf 80' lang='lat' dir='ltr'>Esto,</span> <span class='ocrx_word' id='word_1_6' title='bbox 425 173 610 221; x_wconf 81' lang='lat' dir='ltr'>impoffibile</span> <span class='ocrx_word' id='word_1_7' title='bbox 622 173 794 221; x_wconf 77' lang='lat' dir='ltr'>sitregulari</span> <span class='ocrx_word' id='word_1_8' title='bbox 806 171 964 206; x_wconf 88' lang='lat' dir='ltr'>definitio-</span> 
     </span>
     <span class='ocr_line' id='line_1_4' title="bbox 211 221 964 270; baseline -0.008 -12"><span class='ocrx_word' id='word_1_9' title='bbox 211 236 250 258; x_wconf 86' lang='lat' dir='ltr'>ne</span> <span class='ocrx_word' id='word_1_10' title='bbox 262 222 543 270; x_wconf 81' lang='lat' dir='ltr'>comprehendere,</span> <span class='ocrx_word' id='word_1_11' title='bbox 561 224 629 269; x_wconf 88' lang='lat' dir='ltr'>quis</span> <span class='ocrx_word' id='word_1_12' title='bbox 642 221 676 256; x_wconf 87' lang='lat' dir='ltr'>sit</span> <span class='ocrx_word' id='word_1_13' title='bbox 690 222 848 256; x_wconf 82' lang='lat' dir='ltr'>haereticus</span> <span class='ocrx_word' id='word_1_14' title='bbox 859 244 869 260; x_wconf 93' lang='lat'>,</span> <span class='ocrx_word' id='word_1_15' title='bbox 889 232 964 253; x_wconf 91' lang='lat' dir='ltr'>num</span> 
     </span>
     <span class='ocr_line' id='line_1_5' title="bbox 211 266 966 319; baseline -0.008 -13"><span class='ocrx_word' id='word_1_16' title='bbox 211 283 314 307; x_wconf 83' lang='lat' dir='ltr'>tamen</span> <span class='ocrx_word' id='word_1_17' title='bbox 328 273 418 318; x_wconf 85' lang='lat' dir='ltr'>hujus</span> <span class='ocrx_word' id='word_1_18' title='bbox 437 272 684 319; x_wconf 84' lang='lat' dir='ltr'>impossibilitatis</span> <span class='ocrx_word' id='word_1_19' title='bbox 703 269 864 305; x_wconf 74' lang='lat' dir='ltr'>necessaria</span> <span class='ocrx_word' id='word_1_20' title='bbox 881 266 966 302; x_wconf 88' lang='lat' dir='ltr'>causa</span> 
     </span>
     <span class='ocr_line' id='line_1_6' title="bbox 211 316 967 370; baseline -0.009 -14"><span class='ocrx_word' id='word_1_21' title='bbox 211 321 303 357; x_wconf 81' lang='lat' dir='ltr'>fuerit</span> <span class='ocrx_word' id='word_1_22' title='bbox 319 348 329 363; x_wconf 88' lang='lat'>‚</span> <span class='ocrx_word' id='word_1_23' title='bbox 355 322 442 370; x_wconf 73' lang='lat' dir='ltr'>quod</span> <span class='ocrx_word' id='word_1_24' title='bbox 460 321 619 356; x_wconf 85' lang='lat' dir='ltr'>haereticus</span> <span class='ocrx_word' id='word_1_25' title='bbox 638 332 757 354; x_wconf 88' lang='lat' dir='ltr'>errores</span> <span class='ocrx_word' id='word_1_26' title='bbox 771 316 841 352; x_wconf 91' lang='lat' dir='ltr'>suos</span> <span class='ocrx_word' id='word_1_27' title='bbox 859 327 967 351; x_wconf 89' lang='lat' dir='ltr'>contra</span> 
     </span>
     <span class='ocr_line' id='line_1_7' title="bbox 211 362 967 406; baseline -0.009 -1"><span class='ocrx_word' id='word_1_28' title='bbox 211 373 323 406; x_wconf 81' lang='lat' dir='ltr'>mentis</span> <span class='ocrx_word' id='word_1_29' title='bbox 338 371 392 406; x_wconf 78' lang='lat' dir='ltr'>suae</span> <span class='ocrx_word' id='word_1_30' title='bbox 406 370 584 404; x_wconf 83' lang='lat' dir='ltr'>sententiam</span> <span class='ocrx_word' id='word_1_31' title='bbox 596 371 719 403; x_wconf 85' lang='lat' dir='ltr'>tuetur?</span> <span class='ocrx_word' id='word_1_32' title='bbox 738 366 815 401; x_wconf 84' lang='lat' dir='ltr'>nihil</span> <span class='ocrx_word' id='word_1_33' title='bbox 828 365 911 400; x_wconf 72' lang='lat' dir='ltr'>certe</span> <span class='ocrx_word' id='word_1_34' title='bbox 923 362 967 398; x_wconf 91' lang='lat' dir='ltr'>fa-</span> 
     </span>
     <span class='ocr_line' id='line_1_8' title="bbox 212 414 968 468; baseline -0.011 -12"><span class='ocrx_word' id='word_1_35' title='bbox 212 422 299 456; x_wconf 88' lang='lat' dir='ltr'>cilius</span> <span class='ocrx_word' id='word_1_36' title='bbox 312 445 323 461; x_wconf 94' lang='lat'>‚</span> <span class='ocrx_word' id='word_1_37' title='bbox 349 420 442 468; x_wconf 75' lang='lat' dir='ltr'>quam</span> <span class='ocrx_word' id='word_1_38' title='bbox 460 419 539 452; x_wconf 88' lang='lat' dir='ltr'>hanc</span> <span class='ocrx_word' id='word_1_39' title='bbox 557 416 731 465; x_wconf 82' lang='lat' dir='ltr'>hypocrisin</span> <span class='ocrx_word' id='word_1_40' title='bbox 748 414 968 450; x_wconf 89' lang='lat' dir='ltr'>accuratiffimo</span> 
     </span>
     <span class='ocr_line' id='line_1_9' title="bbox 212 464 967 518; baseline -0.011 -13"><span class='ocrx_word' id='word_1_41' title='bbox 212 470 358 518; x_wconf 88' lang='lat' dir='ltr'>penicillo</span> <span class='ocrx_word' id='word_1_42' title='bbox 371 468 497 504; x_wconf 83' lang='lat' dir='ltr'>cuilibet</span> <span class='ocrx_word' id='word_1_43' title='bbox 509 468 626 502; x_wconf 89' lang='lat' dir='ltr'>volenti</span> <span class='ocrx_word' id='word_1_44' title='bbox 640 467 818 514; x_wconf 81' lang='lat' dir='ltr'>depingere.</span> <span class='ocrx_word' id='word_1_45' title='bbox 844 464 908 499; x_wconf 87' lang='lat' dir='ltr'>Cui</span> <span class='ocrx_word' id='word_1_46' title='bbox 917 477 967 500; x_wconf 91' lang='lat' dir='ltr'>va-</span> 
     </span>
     <span class='ocr_line' id='line_1_10' title="bbox 212 514 968 565; baseline -0.008 -11"><span class='ocrx_word' id='word_1_47' title='bbox 212 531 261 554; x_wconf 86' lang='lat' dir='ltr'>cat</span> <span class='ocrx_word' id='word_1_48' title='bbox 273 520 503 554; x_wconf 85' lang='lat' dir='ltr'>antecedentem</span> <span class='ocrx_word' id='word_1_49' title='bbox 512 515 657 565; x_wconf 81' lang='lat' dir='ltr'>inspicere</span> <span class='ocrx_word' id='word_1_50' title='bbox 669 517 822 563; x_wconf 82' lang='lat' dir='ltr'>paginam,</span> <span class='ocrx_word' id='word_1_51' title='bbox 836 514 968 550; x_wconf 88' lang='lat' dir='ltr'>inveniet</span> 
     </span>
     <span class='ocr_line' id='line_1_11' title="bbox 212 562 967 617; baseline -0.008 -14"><span class='ocrx_word' id='word_1_52' title='bbox 212 582 342 603; x_wconf 88' lang='lat' dir='ltr'>omnem</span> <span class='ocrx_word' id='word_1_53' title='bbox 362 567 545 617; x_wconf 59' lang='lat' dir='ltr'>eAugustino</span> <span class='ocrx_word' id='word_1_54' title='bbox 564 565 774 600; x_wconf 82' lang='lat' dir='ltr'>difficultatem</span> <span class='ocrx_word' id='word_1_55' title='bbox 800 562 967 599; x_wconf 84' lang='lat' dir='ltr'>definiendi</span> 
     </span>
     <span class='ocr_line' id='line_1_12' title="bbox 212 613 967 660; baseline -0.007 -8"><span class='ocrx_word' id='word_1_56' title='bbox 212 618 348 654; x_wconf 76' lang='lat' dir='ltr'>haeretici</span> <span class='ocrx_word' id='word_1_57' title='bbox 368 629 485 652; x_wconf 88' lang='lat' dir='ltr'>motam</span> <span class='ocrx_word' id='word_1_58' title='bbox 503 616 562 651; x_wconf 81' lang='lat' dir='ltr'>esse</span> <span class='ocrx_word' id='word_1_59' title='bbox 581 629 615 650; x_wconf 85' lang='lat' dir='ltr'>ex</span> <span class='ocrx_word' id='word_1_60' title='bbox 635 613 698 650; x_wconf 66' lang='lat' dir='ltr'>sola</span> <span class='ocrx_word' id='word_1_61' title='bbox 718 613 879 660; x_wconf 76' lang='lat' dir='ltr'>‘Philastrii</span> <span class='ocrx_word' id='word_1_62' title='bbox 896 625 967 648; x_wconf 90' lang='lat' dir='ltr'>cum</span> 
     </span>
     <span class='ocr_line' id='line_1_13' title="bbox 212 664 967 717; baseline -0.009 -14"><span class='ocrx_word' id='word_1_63' title='bbox 212 668 379 717; x_wconf 79' lang='lat' dir='ltr'>Epiphanio</span> <span class='ocrx_word' id='word_1_64' title='bbox 392 666 563 702; x_wconf 66' lang='lat' dir='ltr'>differentia</span> <span class='ocrx_word' id='word_1_65' title='bbox 576 667 606 700; x_wconf 91' lang='lat' dir='ltr'>in</span> <span class='ocrx_word' id='word_1_66' title='bbox 620 664 675 700; x_wconf 88' lang='lat' dir='ltr'>suis</span> <span class='ocrx_word' id='word_1_67' title='bbox 688 665 905 699; x_wconf 83' lang='lat' dir='ltr'>haereticorum</span> <span class='ocrx_word' id='word_1_68' title='bbox 918 675 967 697; x_wconf 89' lang='lat' dir='ltr'>ca-</span> 
     </span>
     <span class='ocr_line' id='line_1_14' title="bbox 213 713 967 766; baseline -0.011 -14"><span class='ocrx_word' id='word_1_69' title='bbox 213 719 335 766; x_wconf 82' lang='lat' dir='ltr'>talogis.</span> <span class='ocrx_word' id='word_1_70' title='bbox 364 716 452 752; x_wconf 89' lang='lat' dir='ltr'>Nihil</span> <span class='ocrx_word' id='word_1_71' title='bbox 471 716 551 750; x_wconf 86' lang='lat' dir='ltr'>aliud</span> <span class='ocrx_word' id='word_1_72' title='bbox 574 715 635 749; x_wconf 86' lang='lat' dir='ltr'>vult</span> <span class='ocrx_word' id='word_1_73' title='bbox 653 713 887 748; x_wconf 73' lang='lat' dir='ltr'>modestissimus</span> <span class='ocrx_word' id='word_1_74' title='bbox 902 713 946 748; x_wconf 93' lang='lat' dir='ltr'>vir</span> <span class='ocrx_word' id='word_1_75' title='bbox 958 736 967 752; x_wconf 89' lang='lat'>,</span> 
     </span>
     <span class='ocr_line' id='line_1_15' title="bbox 214 763 968 815; baseline -0.009 -13"><span class='ocrx_word' id='word_1_76' title='bbox 214 768 308 815; x_wconf 73' lang='lat' dir='ltr'>quam</span> <span class='ocrx_word' id='word_1_77' title='bbox 321 765 537 801; x_wconf 80' lang='lat' dir='ltr'>difficillimum</span> <span class='ocrx_word' id='word_1_78' title='bbox 550 763 608 798; x_wconf 80' lang='lat' dir='ltr'>effe</span> <span class='ocrx_word' id='word_1_79' title='bbox 621 789 630 803; x_wconf 90' lang='lat'>‚</span> <span class='ocrx_word' id='word_1_80' title='bbox 656 775 719 797; x_wconf 88' lang='lat' dir='ltr'>tam</span> <span class='ocrx_word' id='word_1_81' title='bbox 739 763 825 797; x_wconf 85' lang='lat' dir='ltr'>claris</span> <span class='ocrx_word' id='word_1_82' title='bbox 843 774 968 809; x_wconf 88' lang='lat' dir='ltr'>tamque</span> 
     </span>
     <span class='ocr_line' id='line_1_16' title="bbox 215 812 969 852; baseline -0.008 -1"><span class='ocrx_word' id='word_1_83' title='bbox 215 819 305 852; x_wconf 85' lang='lat' dir='ltr'>certis</span> <span class='ocrx_word' id='word_1_84' title='bbox 318 817 402 850; x_wconf 86' lang='lat' dir='ltr'>notis</span> <span class='ocrx_word' id='word_1_85' title='bbox 415 816 576 850; x_wconf 79' lang='lat' dir='ltr'>haereticos</span> <span class='ocrx_word' id='word_1_86' title='bbox 590 812 759 848; x_wconf 84' lang='lat' dir='ltr'>describere</span> <span class='ocrx_word' id='word_1_87' title='bbox 775 837 784 851; x_wconf 91' lang='lat'>‚</span> <span class='ocrx_word' id='word_1_88' title='bbox 810 823 843 846; x_wconf 92' lang='lat' dir='ltr'>ut</span> <span class='ocrx_word' id='word_1_89' title='bbox 859 824 969 846; x_wconf 88' lang='lat' dir='ltr'>eorum</span> 
     </span>
     <span class='ocr_line' id='line_1_17' title="bbox 214 861 970 914; baseline -0.009 -13"><span class='ocrx_word' id='word_1_90' title='bbox 214 868 372 914; x_wconf 70' lang='lat' dir='ltr'>catalogos</span> <span class='ocrx_word' id='word_1_91' title='bbox 384 877 453 899; x_wconf 89' lang='lat' dir='ltr'>ante</span> <span class='ocrx_word' id='word_1_92' title='bbox 471 864 519 898; x_wconf 84' lang='lat' dir='ltr'>sua</span> <span class='ocrx_word' id='word_1_93' title='bbox 532 875 673 910; x_wconf 87' lang='lat' dir='ltr'>tempora</span> <span class='ocrx_word' id='word_1_94' title='bbox 686 861 842 909; x_wconf 80' lang='lat' dir='ltr'>expositos</span> <span class='ocrx_word' id='word_1_95' title='bbox 856 861 970 909; x_wconf 84' lang='lat' dir='ltr'>legenti</span> 
     </span>
     <span class='ocr_line' id='line_1_18' title="bbox 214 910 970 964; baseline -0.008 -14"><span class='ocrx_word' id='word_1_96' title='bbox 214 917 328 964; x_wconf 83' lang='lat' dir='ltr'>liqueat</span> <span class='ocrx_word' id='word_1_97' title='bbox 335 941 344 956; x_wconf 89' lang='lat'>‚</span> <span class='ocrx_word' id='word_1_98' title='bbox 357 916 473 949; x_wconf 90' lang='lat' dir='ltr'>nullum</span> <span class='ocrx_word' id='word_1_99' title='bbox 482 913 661 960; x_wconf 87' lang='lat' dir='ltr'>adscriptum</span> <span class='ocrx_word' id='word_1_100' title='bbox 669 910 775 946; x_wconf 79' lang='lat' dir='ltr'>infami</span> <span class='ocrx_word' id='word_1_101' title='bbox 784 912 885 945; x_wconf 88' lang='lat' dir='ltr'>ordini</span> <span class='ocrx_word' id='word_1_102' title='bbox 895 923 970 958; x_wconf 85' lang='lat' dir='ltr'>prae-</span> 
     </span>
     <span class='ocr_line' id='line_1_19' title="bbox 214 959 971 1007; baseline -0.009 -8"><span class='ocrx_word' id='word_1_103' title='bbox 214 977 261 1000; x_wconf 84' lang='lat' dir='ltr'>ter</span> <span class='ocrx_word' id='word_1_104' title='bbox 273 964 358 999; x_wconf 90' lang='lat' dir='ltr'>suum</span> <span class='ocrx_word' id='word_1_105' title='bbox 372 965 516 998; x_wconf 82' lang='lat' dir='ltr'>meritum</span> <span class='ocrx_word' id='word_1_106' title='bbox 532 977 540 1004; x_wconf 92' lang='grc'>;</span> <span class='ocrx_word' id='word_1_107' title='bbox 567 976 624 997; x_wconf 87' lang='lat' dir='ltr'>nec</span> <span class='ocrx_word' id='word_1_108' title='bbox 642 963 738 996; x_wconf 89' lang='lat' dir='ltr'>ullum</span> <span class='ocrx_word' id='word_1_109' title='bbox 759 959 902 995; x_wconf 78' lang='lat' dir='ltr'>omissum</span> <span class='ocrx_word' id='word_1_110' title='bbox 917 960 971 1007; x_wconf 89' lang='lat' dir='ltr'>qui</span> 
     </span>
     <span class='ocr_line' id='line_1_20' title="bbox 214 1008 972 1058; baseline -0.008 -10"><span class='ocrx_word' id='word_1_111' title='bbox 214 1027 282 1049; x_wconf 86' lang='lat' dir='ltr'>atro</span> <span class='ocrx_word' id='word_1_112' title='bbox 296 1011 843 1050; x_wconf 87' lang='lat' dir='ltr'>istocarboncnotaricommeruerit.</span> <span class='ocrx_word' id='word_1_113' title='bbox 866 1008 972 1058; x_wconf 76' lang='lat' dir='ltr'>Qam</span> 
     </span>
     <span class='ocr_line' id='line_1_21' title="bbox 214 1058 972 1112; baseline -0.009 -13"><span class='ocrx_word' id='word_1_114' title='bbox 214 1066 279 1099; x_wconf 90' lang='lat' dir='ltr'>hoc</span> <span class='ocrx_word' id='word_1_115' title='bbox 292 1063 425 1112; x_wconf 83' lang='lat' dir='ltr'>praestitu</span> <span class='ocrx_word' id='word_1_116' title='bbox 441 1061 565 1096; x_wconf 81' lang='lat' dir='ltr'>difficile</span> <span class='ocrx_word' id='word_1_117' title='bbox 577 1061 612 1095; x_wconf 83' lang='lat' dir='ltr'>sit</span> <span class='ocrx_word' id='word_1_118' title='bbox 626 1085 636 1101; x_wconf 89' lang='lat'>‚</span> <span class='ocrx_word' id='word_1_119' title='bbox 662 1072 790 1095; x_wconf 88' lang='lat' dir='ltr'>cernere</span> <span class='ocrx_word' id='word_1_120' title='bbox 806 1058 850 1094; x_wconf 91' lang='lat' dir='ltr'>est</span> <span class='ocrx_word' id='word_1_121' title='bbox 864 1060 896 1093; x_wconf 87' lang='lat' dir='ltr'>in</span> <span class='ocrx_word' id='word_1_122' title='bbox 908 1061 972 1104; x_wconf 71' lang='lat' dir='ltr'>ipsfi</span> 
     </span>
     <span class='ocr_line' id='line_1_22' title="bbox 216 1108 971 1160; baseline -0.009 -12"><span class='ocrx_word' id='word_1_123' title='bbox 216 1115 378 1148; x_wconf 62' lang='lat' dir='ltr'>emendata</span> <span class='ocrx_word' id='word_1_124' title='bbox 402 1111 566 1160; x_wconf 69' lang='lat' dir='ltr'>Augtstini</span> <span class='ocrx_word' id='word_1_125' title='bbox 585 1110 802 1145; x_wconf 85' lang='lat' dir='ltr'>haereticorum</span> <span class='ocrx_word' id='word_1_126' title='bbox 822 1108 971 1142; x_wconf 81' lang='lat' dir='ltr'>recensio-</span> 
     </span>
     <span class='ocr_line' id='line_1_23' title="bbox 215 1158 972 1209; baseline -0.013 -10"><span class='ocrx_word' id='word_1_127' title='bbox 215 1177 273 1204; x_wconf 80' lang='lat' dir='ltr'>ne3</span> <span class='ocrx_word' id='word_1_128' title='bbox 293 1165 384 1198; x_wconf 87' lang='lat' dir='ltr'>etiam</span> <span class='ocrx_word' id='word_1_129' title='bbox 398 1162 448 1196; x_wconf 77' lang='lat' dir='ltr'>hic</span> <span class='ocrx_word' id='word_1_130' title='bbox 461 1163 541 1209; x_wconf 79' lang='lat' dir='ltr'>legas</span> <span class='ocrx_word' id='word_1_131' title='bbox 554 1161 686 1198; x_wconf 88' lang='lat' dir='ltr'>multos,</span> <span class='ocrx_word' id='word_1_132' title='bbox 700 1159 838 1205; x_wconf 87' lang='lat' dir='ltr'>inprimis</span> <span class='ocrx_word' id='word_1_133' title='bbox 852 1158 972 1191; x_wconf 75' lang='lat' dir='ltr'>Patalo-</span> 
     </span>
     <span class='ocr_line' id='line_1_24' title="bbox 216 1205 972 1262; baseline -0.011 -15"><span class='ocrx_word' id='word_1_134' title='bbox 216 1213 378 1262; x_wconf 56' lang='lat' dir='ltr'>rynchfflu,</span> <span class='ocrx_word' id='word_1_135' title='bbox 395 1211 566 1249; x_wconf 72' lang='lat' dir='ltr'>Abelonas‚</span> <span class='ocrx_word' id='word_1_136' title='bbox 581 1214 611 1244; x_wconf 85' lang='lat'>&amp;</span> <span class='ocrx_word' id='word_1_137' title='bbox 623 1210 710 1243; x_wconf 86' lang='lat' dir='ltr'>nudis</span> <span class='ocrx_word' id='word_1_138' title='bbox 721 1207 850 1255; x_wconf 87' lang='lat' dir='ltr'>pedibus</span> <span class='ocrx_word' id='word_1_139' title='bbox 862 1205 972 1240; x_wconf 86' lang='lat' dir='ltr'>ambu-</span> 
     </span>
     <span class='ocr_line' id='line_1_25' title="bbox 215 1257 972 1309; baseline -0.012 -12"><span class='ocrx_word' id='word_1_140' title='bbox 215 1264 329 1302; x_wconf 86' lang='lat' dir='ltr'>lantes;</span> <span class='ocrx_word' id='word_1_141' title='bbox 356 1274 436 1309; x_wconf 87' lang='lat' dir='ltr'>quos</span> <span class='ocrx_word' id='word_1_142' title='bbox 449 1261 561 1294; x_wconf 85' lang='lat' dir='ltr'>erroris</span> <span class='ocrx_word' id='word_1_143' title='bbox 575 1264 606 1294; x_wconf 82' lang='lat'>&amp;</span> <span class='ocrx_word' id='word_1_144' title='bbox 619 1257 830 1305; x_wconf 79' lang='lat' dir='ltr'>imprudentiae</span> <span class='ocrx_word' id='word_1_145' title='bbox 843 1266 972 1289; x_wconf 84' lang='lat' dir='ltr'>notave-</span> 
     </span>
     <span class='ocr_line' id='line_1_26' title="bbox 217 1306 973 1353; baseline -0.011 -7"><span class='ocrx_word' id='word_1_146' title='bbox 217 1314 258 1346; x_wconf 86' lang='lat' dir='ltr'>ris</span> <span class='ocrx_word' id='word_1_147' title='bbox 270 1337 279 1352; x_wconf 88' lang='lat'>,</span> <span class='ocrx_word' id='word_1_148' title='bbox 304 1310 353 1346; x_wconf 86' lang='lat' dir='ltr'>sed</span> <span class='ocrx_word' id='word_1_149' title='bbox 370 1309 518 1345; x_wconf 68' lang='lat' dir='ltr'>haereseos</span> <span class='ocrx_word' id='word_1_150' title='bbox 532 1309 608 1343; x_wconf 66' lang='lat' dir='ltr'>notri</span> <span class='ocrx_word' id='word_1_151' title='bbox 620 1310 667 1342; x_wconf 81' lang='lat' dir='ltr'>vix</span> <span class='ocrx_word' id='word_1_152' title='bbox 685 1318 718 1340; x_wconf 90' lang='lat' dir='ltr'>ac</span> <span class='ocrx_word' id='word_1_153' title='bbox 731 1318 768 1340; x_wconf 89' lang='lat' dir='ltr'>ne</span> <span class='ocrx_word' id='word_1_154' title='bbox 782 1307 832 1341; x_wconf 91' lang='lat' dir='ltr'>vix</span> <span class='ocrx_word' id='word_1_155' title='bbox 847 1306 973 1353; x_wconf 85' lang='lat' dir='ltr'>quidem</span> 
     </span>
     <span class='ocr_line' id='line_1_27' title="bbox 218 1359 958 1397; baseline -0.014 -1"><span class='ocrx_word' id='word_1_156' title='bbox 218 1362 326 1397; x_wconf 82' lang='lat' dir='ltr'>audeas</span> <span class='ocrx_word' id='word_1_157' title='bbox 339 1359 575 1395; x_wconf 82' lang='lat' dir='ltr'>commaculare.</span> <span class='ocrx_word' id='word_1_158' title='bbox 956 1364 958 1366; x_wconf 69' lang='grc'>’</span> 
     </span>
     <span class='ocr_line' id='line_1_28' title="bbox 265 1404 971 1450; baseline -0.01 -6"><span class='ocrx_word' id='word_1_159' title='bbox 265 1411 354 1444; x_wconf 85' lang='lat' dir='ltr'>Alter</span> <span class='ocrx_word' id='word_1_160' title='bbox 366 1411 452 1443; x_wconf 92' lang='lat' dir='ltr'>locus</span> <span class='ocrx_word' id='word_1_161' title='bbox 465 1407 508 1442; x_wconf 91' lang='lat' dir='ltr'>est</span> <span class='ocrx_word' id='word_1_162' title='bbox 522 1407 559 1441; x_wconf 91' lang='lat' dir='ltr'>de</span> <span class='ocrx_word' id='word_1_163' title='bbox 572 1406 698 1440; x_wconf 84' lang='lat' dir='ltr'>utilitate</span> <span class='ocrx_word' id='word_1_164' title='bbox 711 1404 856 1439; x_wconf 87' lang='lat' dir='ltr'>credendi</span> <span class='ocrx_word' id='word_1_165' title='bbox 868 1415 934 1450; x_wconf 91' lang='lat' dir='ltr'>cap.</span> <span class='ocrx_word' id='word_1_166' title='bbox 948 1415 971 1438; x_wconf 90' lang='lat'>1.</span> 
     </span>
     <span class='ocr_line' id='line_1_29' title="bbox 218 1453 976 1506; baseline -0.011 -12"><span class='ocrx_word' id='word_1_167' title='bbox 218 1459 274 1494; x_wconf 90' lang='lat' dir='ltr'>ubi</span> <span class='ocrx_word' id='word_1_168' title='bbox 287 1458 476 1506; x_wconf 80' lang='lat' dir='ltr'>distinguens</span> <span class='ocrx_word' id='word_1_169' title='bbox 490 1458 569 1491; x_wconf 88' lang='lat' dir='ltr'>inter</span> <span class='ocrx_word' id='word_1_170' title='bbox 586 1456 766 1490; x_wconf 71' lang='lat' dir='ltr'>haereticum</span> <span class='ocrx_word' id='word_1_171' title='bbox 782 1460 813 1491; x_wconf 72' lang='grc' dir='ltr'>δι</span> <span class='ocrx_word' id='word_1_172' title='bbox 828 1453 976 1488; x_wconf 87' lang='lat' dir='ltr'>haeretico</span> 
     </span>
     <span class='ocr_line' id='line_1_30' title="bbox 219 1503 976 1551; baseline -0.011 -8"><span class='ocrx_word' id='word_1_173' title='bbox 219 1533 243 1550; x_wconf 89' lang='lat'>‚‚</span> <span class='ocrx_word' id='word_1_174' title='bbox 269 1508 463 1546; x_wconf 85' lang='lat' dir='ltr'>credentem,</span> <span class='ocrx_word' id='word_1_175' title='bbox 476 1506 644 1539; x_wconf 64' lang='lat' dir='ltr'>hereticum</span> <span class='ocrx_word' id='word_1_176' title='bbox 655 1506 691 1545; x_wconf 71' lang='lat' dir='ltr'>[Ic</span> <span class='ocrx_word' id='word_1_177' title='bbox 702 1503 855 1548; x_wconf 70' lang='lat' dir='ltr'>describit,</span> <span class='ocrx_word' id='word_1_178' title='bbox 869 1506 924 1551; x_wconf 80' lang='lat' dir='ltr'>qni</span> <span class='ocrx_word' id='word_1_179' title='bbox 942 1515 976 1536; x_wconf 85' lang='lat' dir='ltr'>a-</span> 
     </span>
     <span class='ocr_line' id='line_1_31' title="bbox 220 1552 978 1606; baseline -0.007 -15"><span class='ocrx_word' id='word_1_180' title='bbox 220 1583 244 1599; x_wconf 79' lang='lat'><em>„</em></span> <span class='ocrx_word' id='word_1_181' title='bbox 271 1560 378 1606; x_wconf 80' lang='lat' dir='ltr'>licujm</span> <span class='ocrx_word' id='word_1_182' title='bbox 397 1557 564 1605; x_wconf 75' lang='lat' dir='ltr'>temporalis</span> <span class='ocrx_word' id='word_1_183' title='bbox 586 1553 754 1593; x_wconf 76' lang='lat' dir='ltr'>commodi,</span> <span class='ocrx_word' id='word_1_184' title='bbox 787 1557 826 1593; x_wconf 51' lang='grc' dir='ltr'>(ῤ’</span> <span class='ocrx_word' id='word_1_185' title='bbox 844 1552 978 1587; x_wconf 65' lang='lat' dir='ltr'>maxim&amp;</span> 
     </span>
     <span class='ocr_line' id='line_1_32' title="bbox 220 1601 978 1656; baseline -0.008 -15"><span class='ocrx_word' id='word_1_186' title='bbox 220 1632 245 1648; x_wconf 82' lang='lat'>‚‚</span> <span class='ocrx_word' id='word_1_187' title='bbox 262 1609 361 1656; x_wconf 63' lang='lat' dir='ltr'>glorie</span> <span class='ocrx_word' id='word_1_188' title='bbox 375 1631 385 1647; x_wconf 94' lang='lat'>,</span> <span class='ocrx_word' id='word_1_189' title='bbox 406 1604 649 1656; x_wconf 76' lang='lat' dir='ltr'>principatusque</span> <span class='ocrx_word' id='word_1_190' title='bbox 654 1603 706 1647; x_wconf 77' lang='lat' dir='ltr'>sui</span> <span class='ocrx_word' id='word_1_191' title='bbox 717 1601 808 1637; x_wconf 61' lang='lat' dir='ltr'>causa?</span> <span class='ocrx_word' id='word_1_192' title='bbox 820 1627 829 1643; x_wconf 85' lang='lat'>,</span> <span class='ocrx_word' id='word_1_193' title='bbox 842 1603 935 1650; x_wconf 61' lang='lat' dir='ltr'>fassas</span> <span class='ocrx_word' id='word_1_194' title='bbox 948 1617 978 1636; x_wconf 85' lang='lat' dir='ltr'>o-</span> 
     </span>
     <span class='ocr_line' id='line_1_33' title="bbox 219 1650 979 1707; baseline -0.007 -16"><span class='ocrx_word' id='word_1_195' title='bbox 219 1660 350 1707; x_wconf 82' lang='lat' dir='ltr'>piniones</span> <span class='ocrx_word' id='word_1_196' title='bbox 362 1658 415 1690; x_wconf 84' lang='lat' dir='ltr'>vel</span> <span class='ocrx_word' id='word_1_197' title='bbox 417 1659 514 1705; x_wconf 73' lang='lat' dir='ltr'>gignit</span> <span class='ocrx_word' id='word_1_198' title='bbox 527 1680 537 1695; x_wconf 91' lang='lat'>,</span> <span class='ocrx_word' id='word_1_199' title='bbox 564 1656 616 1688; x_wconf 84' lang='lat' dir='ltr'>vel</span> <span class='ocrx_word' id='word_1_200' title='bbox 625 1654 773 1700; x_wconf 73' lang='lat' dir='ltr'>sbqus&#39;tur.</span> <span class='ocrx_word' id='word_1_201' title='bbox 797 1650 892 1700; x_wconf 90' lang='lat' dir='ltr'>Resp.</span> <span class='ocrx_word' id='word_1_202' title='bbox 904 1652 979 1702; x_wconf 81' lang='lat' dir='ltr'>quid</span> 
     </span>
     <span class='ocr_line' id='line_1_34' title="bbox 221 1700 978 1751; baseline -0.008 -9"><span class='ocrx_word' id='word_1_203' title='bbox 221 1707 285 1742; x_wconf 89' lang='lat' dir='ltr'>hoc</span> <span class='ocrx_word' id='word_1_204' title='bbox 297 1706 334 1741; x_wconf 89' lang='lat' dir='ltr'>ad</span> <span class='ocrx_word' id='word_1_205' title='bbox 346 1705 529 1741; x_wconf 85' lang='lat' dir='ltr'>elenchum?</span> <span class='ocrx_word' id='word_1_206' title='bbox 544 1707 595 1739; x_wconf 89' lang='lat' dir='ltr'>An</span> <span class='ocrx_word' id='word_1_207' title='bbox 606 1702 732 1739; x_wconf 86' lang='lat' dir='ltr'>difficile</span> <span class='ocrx_word' id='word_1_208' title='bbox 741 1702 802 1742; x_wconf 92' lang='lat' dir='ltr'>est,</span> <span class='ocrx_word' id='word_1_209' title='bbox 814 1704 864 1738; x_wconf 93' lang='lat' dir='ltr'>cui</span> <span class='ocrx_word' id='word_1_210' title='bbox 877 1700 978 1751; x_wconf 55' lang='lat' dir='ltr'>supe?-</span> 
     </span>
     <span class='ocr_line' id='line_1_35' title="bbox 220 1750 980 1801; baseline -0.007 -10"><span class='ocrx_word' id='word_1_211' title='bbox 220 1757 289 1793; x_wconf 81' lang='lat' dir='ltr'>bia,</span> <span class='ocrx_word' id='word_1_212' title='bbox 308 1757 465 1791; x_wconf 86' lang='lat' dir='ltr'>avaritiave</span> <span class='ocrx_word' id='word_1_213' title='bbox 480 1751 572 1788; x_wconf 90' lang='lat' dir='ltr'>fuerit</span> <span class='ocrx_word' id='word_1_214' title='bbox 583 1754 681 1801; x_wconf 89' lang='lat' dir='ltr'>prima</span> <span class='ocrx_word' id='word_1_215' title='bbox 696 1753 809 1787; x_wconf 88' lang='lat' dir='ltr'>erroris</span> <span class='ocrx_word' id='word_1_216' title='bbox 822 1750 922 1792; x_wconf 86' lang='lat' dir='ltr'>causa,</span> <span class='ocrx_word' id='word_1_217' title='bbox 942 1765 980 1786; x_wconf 92' lang='lat' dir='ltr'>o-</span> 
     </span>
     <span class='ocr_line' id='line_1_36' title="bbox 221 1801 982 1854; baseline -0.004 -14"><span class='ocrx_word' id='word_1_218' title='bbox 221 1807 323 1854; x_wconf 84' lang='lat' dir='ltr'>pinari</span> <span class='ocrx_word' id='word_1_219' title='bbox 336 1804 482 1854; x_wconf 75' lang='lat' dir='ltr'>falsiffima</span> <span class='ocrx_word' id='word_1_220' title='bbox 495 1805 641 1853; x_wconf 78' lang='lat' dir='ltr'>dogmata</span> <span class='ocrx_word' id='word_1_221' title='bbox 654 1801 720 1837; x_wconf 71' lang='lat' dir='ltr'>fitis</span> <span class='ocrx_word' id='word_1_222' title='bbox 740 1801 798 1837; x_wconf 84' lang='lat' dir='ltr'>effe</span> <span class='ocrx_word' id='word_1_223' title='bbox 817 1815 885 1838; x_wconf 91' lang='lat' dir='ltr'>vera</span> <span class='ocrx_word' id='word_1_224' title='bbox 898 1806 911 1837; x_wconf 91' lang='lat'>?</span> <span class='ocrx_word' id='word_1_225' title='bbox 935 1804 982 1837; x_wconf 89' lang='lat' dir='ltr'>Ut</span> 
     </span>
     <span class='ocr_line' id='line_1_37' title="bbox 222 1850 980 1901; baseline -0.007 -10"><span class='ocrx_word' id='word_1_226' title='bbox 222 1868 340 1890; x_wconf 86' lang='lat' dir='ltr'>taceam</span> <span class='ocrx_word' id='word_1_227' title='bbox 368 1855 511 1889; x_wconf 84' lang='lat' dir='ltr'>omnium</span> <span class='ocrx_word' id='word_1_228' title='bbox 541 1854 760 1901; x_wconf 83' lang='lat' dir='ltr'>experientiam</span> <span class='ocrx_word' id='word_1_229' title='bbox 786 1850 957 1887; x_wconf 90' lang='lat' dir='ltr'>seculorum</span> <span class='ocrx_word' id='word_1_230' title='bbox 972 1867 980 1893; x_wconf 92' lang='lat'>;</span> 
     </span>
     <span class='ocr_line' id='line_1_38' title="bbox 222 1901 983 1954; baseline -0.005 -15"><span class='ocrx_word' id='word_1_231' title='bbox 222 1904 407 1954; x_wconf 77' lang='lat' dir='ltr'>Augustinus</span> <span class='ocrx_word' id='word_1_232' title='bbox 421 1904 537 1938; x_wconf 89' lang='lat' dir='ltr'>ibidem</span> <span class='ocrx_word' id='word_1_233' title='bbox 551 1904 612 1937; x_wconf 93' lang='lat' dir='ltr'>loci</span> <span class='ocrx_word' id='word_1_234' title='bbox 625 1901 759 1936; x_wconf 84' lang='lat' dir='ltr'>affirmat</span> <span class='ocrx_word' id='word_1_235' title='bbox 771 1926 780 1938; x_wconf 92' lang='lat'>‚</span> <span class='ocrx_word' id='word_1_236' title='bbox 805 1901 893 1950; x_wconf 71' lang='lat' dir='ltr'>quod</span> <span class='ocrx_word' id='word_1_237' title='bbox 906 1901 983 1936; x_wconf 87' lang='lat' dir='ltr'>nihil</span> 
     </span>
     <span class='ocr_line' id='line_1_39' title="bbox 223 1950 983 2001; baseline -0.005 -12"><span class='ocrx_word' id='word_1_238' title='bbox 223 1953 341 1989; x_wconf 88' lang='lat' dir='ltr'>facilius</span> <span class='ocrx_word' id='word_1_239' title='bbox 349 1954 398 1991; x_wconf 83' lang='lat' dir='ltr'>fit,</span> <span class='ocrx_word' id='word_1_240' title='bbox 413 1954 506 2001; x_wconf 75' lang='lat' dir='ltr'>quam</span> <span class='ocrx_word' id='word_1_241' title='bbox 518 1966 583 1987; x_wconf 90' lang='lat' dir='ltr'>non</span> <span class='ocrx_word' id='word_1_242' title='bbox 591 1951 688 1986; x_wconf 73' lang='lat' dir='ltr'>solum</span> <span class='ocrx_word' id='word_1_243' title='bbox 703 1952 821 1992; x_wconf 89' lang='lat' dir='ltr'>dicere,</span> <span class='ocrx_word' id='word_1_244' title='bbox 835 1950 983 1986; x_wconf 90' lang='lat' dir='ltr'>sedetiam</span> 
     </span>
    </p>
   </div>
   <div class='ocr_carea' id='block_1_4' title="bbox 224 1999 1002 2051">
    <p class='ocr_par' dir='ltr' id='par_1_4' title="bbox 224 1999 1002 2051">
     <span class='ocr_line' id='line_1_40' title="bbox 224 1999 1002 2051; baseline -0.004 -13"><span class='ocrx_word' id='word_1_245' title='bbox 224 2005 344 2051; x_wconf 86' lang='lat' dir='ltr'>opinari</span> <span class='ocrx_word' id='word_1_246' title='bbox 357 2002 384 2038; x_wconf 91' lang='lat' dir='ltr'>se</span> <span class='ocrx_word' id='word_1_247' title='bbox 395 2016 501 2037; x_wconf 89' lang='lat' dir='ltr'>verum</span> <span class='ocrx_word' id='word_1_248' title='bbox 514 2000 666 2037; x_wconf 79' lang='lat' dir='ltr'>invenisse.</span> <span class='ocrx_word' id='word_1_249' title='bbox 692 2000 789 2035; x_wconf 71' lang='lat' dir='ltr'>Certe</span> <span class='ocrx_word' id='word_1_250' title='bbox 803 1999 908 2035; x_wconf 90' lang='lat' dir='ltr'>crescit</span> <span class='ocrx_word' id='word_1_251' title='bbox 919 2001 983 2036; x_wconf 81' lang='lat' dir='ltr'>haec</span> <span class='ocrx_word' id='word_1_252' title='bbox 1001 2017 1002 2024; x_wconf 55' lang='lat'>¹</span> 
     </span>
    </p>
   </div>
   <div class='ocr_carea' id='block_1_5' title="bbox 223 2049 986 2298">
    <p class='ocr_par' dir='ltr' id='par_1_5' title="bbox 223 2049 986 2250">
     <span class='ocr_line' id='line_1_41' title="bbox 223 2049 985 2099; baseline -0.003 -11"><span class='ocrx_word' id='word_1_253' title='bbox 223 2051 370 2089; x_wconf 84' lang='lat' dir='ltr'>facilitas,</span> <span class='ocrx_word' id='word_1_254' title='bbox 397 2052 419 2086; x_wconf 85' lang='lat' dir='ltr'>fi</span> <span class='ocrx_word' id='word_1_255' title='bbox 438 2053 484 2087; x_wconf 90' lang='lat' dir='ltr'>vel</span> <span class='ocrx_word' id='word_1_256' title='bbox 496 2052 610 2099; x_wconf 90' lang='lat' dir='ltr'>cupido</span> <span class='ocrx_word' id='word_1_257' title='bbox 628 2075 637 2087; x_wconf 92' lang='lat'>,</span> <span class='ocrx_word' id='word_1_258' title='bbox 664 2051 710 2085; x_wconf 91' lang='lat' dir='ltr'>vel</span> <span class='ocrx_word' id='word_1_259' title='bbox 727 2049 790 2099; x_wconf 89' lang='lat' dir='ltr'>spes</span> <span class='ocrx_word' id='word_1_260' title='bbox 804 2051 841 2085; x_wconf 90' lang='lat' dir='ltr'>ad</span> <span class='ocrx_word' id='word_1_261' title='bbox 860 2064 985 2086; x_wconf 88' lang='lat' dir='ltr'>manum</span> 
     </span>
     <span class='ocr_line' id='line_1_42' title="bbox 223 2098 986 2148; baseline -0.003 -11"><span class='ocrx_word' id='word_1_262' title='bbox 223 2102 281 2137; x_wconf 86' lang='lat' dir='ltr'>fint</span> <span class='ocrx_word' id='word_1_263' title='bbox 293 2127 304 2142; x_wconf 89' lang='lat'>‚</span> <span class='ocrx_word' id='word_1_264' title='bbox 335 2115 402 2148; x_wconf 84' lang='lat' dir='ltr'>quae</span> <span class='ocrx_word' id='word_1_265' title='bbox 423 2114 538 2138; x_wconf 89' lang='lat' dir='ltr'>novam</span> <span class='ocrx_word' id='word_1_266' title='bbox 556 2101 594 2135; x_wconf 90' lang='lat' dir='ltr'>ab</span> <span class='ocrx_word' id='word_1_267' title='bbox 615 2098 744 2148; x_wconf 89' lang='lat' dir='ltr'>ipsarum</span> <span class='ocrx_word' id='word_1_268' title='bbox 765 2098 920 2148; x_wconf 86' lang='lat' dir='ltr'>uliginoso</span> <span class='ocrx_word' id='word_1_269' title='bbox 936 2099 986 2135; x_wconf 92' lang='lat' dir='ltr'>so-</span> 
     </span>
     <span class='ocr_line' id='line_1_43' title="bbox 223 2150 986 2199; baseline -0.003 -13"><span class='ocrx_word' id='word_1_270' title='bbox 223 2153 257 2186; x_wconf 91' lang='lat' dir='ltr'>lo</span> <span class='ocrx_word' id='word_1_271' title='bbox 270 2151 465 2186; x_wconf 88' lang='lat' dir='ltr'>tenebrarum</span> <span class='ocrx_word' id='word_1_272' title='bbox 479 2176 487 2189; x_wconf 91' lang='lat'>,</span> <span class='ocrx_word' id='word_1_273' title='bbox 514 2155 546 2186; x_wconf 73' lang='grc' dir='ltr'>δε</span> <span class='ocrx_word' id='word_1_274' title='bbox 562 2151 698 2199; x_wconf 79' lang='lat' dir='ltr'>caliginis</span> <span class='ocrx_word' id='word_1_275' title='bbox 712 2150 828 2185; x_wconf 87' lang='lat' dir='ltr'>nubem</span> <span class='ocrx_word' id='word_1_276' title='bbox 845 2151 942 2185; x_wconf 90' lang='lat' dir='ltr'>menti</span> <span class='ocrx_word' id='word_1_277' title='bbox 954 2163 986 2184; x_wconf 88' lang='lat' dir='ltr'>a-</span> 
     </span>
     <span class='ocr_line' id='line_1_44' title="bbox 225 2200 348 2250; baseline -0.008 -14"><span class='ocrx_word' id='word_1_278' title='bbox 225 2200 348 2250; x_wconf 87' lang='lat' dir='ltr'>spirent.</span> 
     </span>
    </p>

    <p class='ocr_par' dir='ltr' id='par_1_6' title="bbox 271 2247 985 2298">
     <span class='ocr_line' id='line_1_45' title="bbox 271 2247 985 2298; baseline -0.006 -12"><span class='ocrx_word' id='word_1_279' title='bbox 271 2250 404 2286; x_wconf 85' lang='lat' dir='ltr'>Habetis</span> <span class='ocrx_word' id='word_1_280' title='bbox 417 2261 484 2298; x_wconf 88' lang='lat' dir='ltr'>quae</span> <span class='ocrx_word' id='word_1_281' title='bbox 497 2249 616 2284; x_wconf 91' lang='lat' dir='ltr'>dierum</span> <span class='ocrx_word' id='word_1_282' title='bbox 628 2249 747 2296; x_wconf 87' lang='lat' dir='ltr'>aliquot</span> <span class='ocrx_word' id='word_1_283' title='bbox 759 2247 894 2284; x_wconf 86' lang='lat' dir='ltr'>studium</span> <span class='ocrx_word' id='word_1_284' title='bbox 907 2261 985 2283; x_wconf 92' lang='lat' dir='ltr'>con-</span> 
     </span>
    </p>
   </div>
   <div class='ocr_carea' id='block_1_6' title="bbox 984 180 1006 2293">
    <p class='ocr_par' dir='ltr' id='par_1_7' title="bbox 984 180 1006 2293">
     <span class='ocr_line' id='line_1_46' title="bbox 984 180 1006 2293; baseline 0 0"><span class='ocrx_word' id='word_1_285' title='bbox 984 180 1006 2293; x_wconf 95' lang='lat' dir='ltr'> </span> 
     </span>
    </p>
   </div>
   <div class='ocr_carea' id='block_1_7' title="bbox 999 106 1827 2292">
    <p class='ocr_par' dir='ltr' id='par_1_8' title="bbox 999 106 1827 2292">
     <span class='ocr_line' id='line_1_47' title="bbox 1700 106 1757 148; baseline -0.018 -14"><span class='ocrx_word' id='word_1_286' title='bbox 1700 106 1757 148; x_wconf 66' lang='grc' dir='ltr'>ως</span> 
     </span>
     <span class='ocr_line' id='line_1_48' title="bbox 999 168 1756 218; baseline 0 -14"><span class='ocrx_word' id='word_1_287' title='bbox 999 168 1085 218; x_wconf 78' lang='lat' dir='ltr'>gessit</span> <span class='ocrx_word' id='word_1_288' title='bbox 1098 169 1135 204; x_wconf 89' lang='lat' dir='ltr'>ad</span> <span class='ocrx_word' id='word_1_289' title='bbox 1147 181 1258 204; x_wconf 88' lang='lat' dir='ltr'>novam</span> <span class='ocrx_word' id='word_1_290' title='bbox 1270 168 1349 203; x_wconf 85' lang='lat' dir='ltr'>hanc</span> <span class='ocrx_word' id='word_1_291' title='bbox 1361 168 1598 204; x_wconf 87' lang='lat' dir='ltr'>controversiam</span> <span class='ocrx_word' id='word_1_292' title='bbox 1607 168 1756 204; x_wconf 83' lang='lat' dir='ltr'>illustran-</span> 
     </span>
     <span class='ocr_line' id='line_1_49' title="bbox 1001 218 1758 265; baseline 0 -12"><span class='ocrx_word' id='word_1_293' title='bbox 1001 220 1086 253; x_wconf 88' lang='lat' dir='ltr'>dam:</span> <span class='ocrx_word' id='word_1_294' title='bbox 1100 231 1224 258; x_wconf 84' lang='lat' dir='ltr'>novam,</span> <span class='ocrx_word' id='word_1_295' title='bbox 1237 219 1378 265; x_wconf 85' lang='lat' dir='ltr'>inquam,</span> <span class='ocrx_word' id='word_1_296' title='bbox 1391 231 1476 258; x_wconf 87' lang='lat' dir='ltr'>nam,</span> <span class='ocrx_word' id='word_1_297' title='bbox 1490 220 1520 252; x_wconf 92' lang='lat' dir='ltr'>ni</span> <span class='ocrx_word' id='word_1_298' title='bbox 1535 231 1603 253; x_wconf 83' lang='lat' dir='ltr'>mea</span> <span class='ocrx_word' id='word_1_299' title='bbox 1615 232 1665 253; x_wconf 88' lang='lat' dir='ltr'>me</span> <span class='ocrx_word' id='word_1_300' title='bbox 1677 218 1758 254; x_wconf 83' lang='lat' dir='ltr'>fallat</span> 
     </span>
     <span class='ocr_line' id='line_1_50' title="bbox 1001 267 1758 314; baseline 0.003 -13"><span class='ocrx_word' id='word_1_301' title='bbox 1001 268 1180 314; x_wconf 63' lang='lat' dir='ltr'>conjectura</span> <span class='ocrx_word' id='word_1_302' title='bbox 1192 291 1202 306; x_wconf 93' lang='lat'>‚</span> <span class='ocrx_word' id='word_1_303' title='bbox 1233 279 1329 301; x_wconf 88' lang='lat' dir='ltr'>nemo</span> <span class='ocrx_word' id='word_1_304' title='bbox 1348 277 1417 300; x_wconf 88' lang='lat' dir='ltr'>ante</span> <span class='ocrx_word' id='word_1_305' title='bbox 1435 267 1492 302; x_wconf 89' lang='lat' dir='ltr'>hac</span> <span class='ocrx_word' id='word_1_306' title='bbox 1516 280 1634 302; x_wconf 89' lang='lat' dir='ltr'>novum</span> <span class='ocrx_word' id='word_1_307' title='bbox 1658 268 1758 304; x_wconf 88' lang='lat' dir='ltr'>hocce</span> 
     </span>
     <span class='ocr_line' id='line_1_51' title="bbox 1002 316 1759 364; baseline 0.003 -14"><span class='ocrx_word' id='word_1_308' title='bbox 1002 316 1291 351; x_wconf 85' lang='lat' dir='ltr'>Remonstrantium</span> <span class='ocrx_word' id='word_1_309' title='bbox 1304 316 1444 350; x_wconf 87' lang='lat' dir='ltr'>delirium</span> <span class='ocrx_word' id='word_1_310' title='bbox 1459 317 1568 364; x_wconf 87' lang='lat' dir='ltr'>attigit.</span> <span class='ocrx_word' id='word_1_311' title='bbox 1635 317 1676 351; x_wconf 75' lang='grc' dir='ltr'>ιιὸ</span> <span class='ocrx_word' id='word_1_312' title='bbox 1693 331 1759 352; x_wconf 88' lang='lat' dir='ltr'>ma-</span> 
     </span>
     <span class='ocr_line' id='line_1_52' title="bbox 1002 364 1759 414; baseline 0.004 -16"><span class='ocrx_word' id='word_1_313' title='bbox 1002 366 1052 408; x_wconf 85' lang='lat' dir='ltr'>jor</span> <span class='ocrx_word' id='word_1_314' title='bbox 1067 365 1146 398; x_wconf 90' lang='lat' dir='ltr'>mihi</span> <span class='ocrx_word' id='word_1_315' title='bbox 1162 364 1227 412; x_wconf 87' lang='lat' dir='ltr'>spes</span> <span class='ocrx_word' id='word_1_316' title='bbox 1238 389 1248 405; x_wconf 85' lang='lat'>‚</span> <span class='ocrx_word' id='word_1_317' title='bbox 1273 365 1354 413; x_wconf 83' lang='lat' dir='ltr'>aequi</span> <span class='ocrx_word' id='word_1_318' title='bbox 1365 376 1422 399; x_wconf 91' lang='lat' dir='ltr'>vos</span> <span class='ocrx_word' id='word_1_319' title='bbox 1440 365 1634 401; x_wconf 87' lang='lat' dir='ltr'>consulturos</span> <span class='ocrx_word' id='word_1_320' title='bbox 1647 380 1714 414; x_wconf 82' lang='lat' dir='ltr'>quae</span> <span class='ocrx_word' id='word_1_321' title='bbox 1728 369 1759 401; x_wconf 88' lang='lat' dir='ltr'>in</span> 
     </span>
     <span class='ocr_line' id='line_1_53' title="bbox 1003 413 1760 461; baseline 0.007 -15"><span class='ocrx_word' id='word_1_322' title='bbox 1003 413 1107 461; x_wconf 89' lang='lat' dir='ltr'>primo</span> <span class='ocrx_word' id='word_1_323' title='bbox 1120 415 1294 448; x_wconf 86' lang='lat' dir='ltr'>certaminis</span> <span class='ocrx_word' id='word_1_324' title='bbox 1307 415 1397 458; x_wconf 86' lang='lat' dir='ltr'>hujus</span> <span class='ocrx_word' id='word_1_325' title='bbox 1410 424 1498 450; x_wconf 87' lang='lat' dir='ltr'>ortu,</span> <span class='ocrx_word' id='word_1_326' title='bbox 1511 417 1602 450; x_wconf 86' lang='lat' dir='ltr'>cruda</span> <span class='ocrx_word' id='word_1_327' title='bbox 1615 417 1706 450; x_wconf 88' lang='lat' dir='ltr'>nimis</span> <span class='ocrx_word' id='word_1_328' title='bbox 1715 428 1760 450; x_wconf 88' lang='lat' dir='ltr'>te·</span> 
     </span>
     <span class='ocr_line' id='line_1_54' title="bbox 1003 462 1763 510; baseline 0.005 -14"><span class='ocrx_word' id='word_1_329' title='bbox 1003 463 1139 510; x_wconf 87' lang='lat' dir='ltr'>nuiaque</span> <span class='ocrx_word' id='word_1_330' title='bbox 1151 464 1167 502; x_wconf 76' lang='lat'>,&#39;</span> <span class='ocrx_word' id='word_1_331' title='bbox 1187 466 1220 497; x_wconf 89' lang='lat'>&amp;</span> <span class='ocrx_word' id='word_1_332' title='bbox 1239 462 1411 497; x_wconf 86' lang='lat' dir='ltr'>consessum</span> <span class='ocrx_word' id='word_1_333' title='bbox 1432 462 1514 497; x_wconf 90' lang='lat' dir='ltr'>hunc</span> <span class='ocrx_word' id='word_1_334' title='bbox 1534 462 1653 499; x_wconf 87' lang='lat' dir='ltr'>fortean</span> <span class='ocrx_word' id='word_1_335' title='bbox 1667 466 1763 500; x_wconf 86' lang='lat' dir='ltr'>dede-</span> 
     </span>
     <span class='ocr_line' id='line_1_55' title="bbox 1003 511 1762 562; baseline 0.001 -14"><span class='ocrx_word' id='word_1_336' title='bbox 1003 512 1101 548; x_wconf 89' lang='lat' dir='ltr'>centia</span> <span class='ocrx_word' id='word_1_337' title='bbox 1113 512 1313 560; x_wconf 87' lang='lat' dir='ltr'>protulerim,</span> <span class='ocrx_word' id='word_1_338' title='bbox 1332 512 1483 559; x_wconf 90' lang='lat' dir='ltr'>deprecor</span> <span class='ocrx_word' id='word_1_339' title='bbox 1497 511 1647 547; x_wconf 89' lang='lat' dir='ltr'>censorias</span> <span class='ocrx_word' id='word_1_340' title='bbox 1659 517 1762 562; x_wconf 86' lang='lat' dir='ltr'>virgu-</span> 
     </span>
     <span class='ocr_line' id='line_1_56' title="bbox 1003 559 1761 610; baseline 0.003 -14"><span class='ocrx_word' id='word_1_341' title='bbox 1003 562 1061 602; x_wconf 86' lang='lat' dir='ltr'>las,</span> <span class='ocrx_word' id='word_1_342' title='bbox 1075 567 1104 597; x_wconf 86' lang='lat'>&amp;</span> <span class='ocrx_word' id='word_1_343' title='bbox 1120 571 1272 609; x_wconf 88' lang='lat' dir='ltr'>caperatas</span> <span class='ocrx_word' id='word_1_344' title='bbox 1281 564 1426 594; x_wconf 74' lang='lat' dir='ltr'>Catonum</span> <span class='ocrx_word' id='word_1_345' title='bbox 1433 559 1568 602; x_wconf 87' lang='lat' dir='ltr'>frontes,</span> <span class='ocrx_word' id='word_1_346' title='bbox 1586 575 1761 610; x_wconf 86' lang='lat' dir='ltr'>quanquam</span> 
     </span>
     <span class='ocr_line' id='line_1_57' title="bbox 1003 608 1761 658; baseline 0.003 -13"><span class='ocrx_word' id='word_1_347' title='bbox 1003 609 1177 651; x_wconf 82' lang='lat' dir='ltr'>asteriscos,</span> <span class='ocrx_word' id='word_1_348' title='bbox 1193 614 1224 646; x_wconf 90' lang='lat'>&amp;</span> <span class='ocrx_word' id='word_1_349' title='bbox 1238 609 1357 645; x_wconf 84' lang='lat' dir='ltr'>Cressas</span> <span class='ocrx_word' id='word_1_350' title='bbox 1367 621 1454 644; x_wconf 89' lang='lat' dir='ltr'>notas</span> <span class='ocrx_word' id='word_1_351' title='bbox 1463 608 1577 658; x_wconf 86' lang='lat' dir='ltr'>sperare</span> <span class='ocrx_word' id='word_1_352' title='bbox 1585 625 1650 646; x_wconf 86' lang='lat' dir='ltr'>non</span> <span class='ocrx_word' id='word_1_353' title='bbox 1663 613 1761 650; x_wconf 85' lang='lat' dir='ltr'>liceat,</span> 
     </span>
     <span class='ocr_line' id='line_1_58' title="bbox 1004 659 1762 710; baseline 0.001 -15"><span class='ocrx_word' id='word_1_354' title='bbox 1004 660 1048 695; x_wconf 90' lang='lat' dir='ltr'>est</span> <span class='ocrx_word' id='word_1_355' title='bbox 1058 661 1201 695; x_wconf 83' lang='lat' dir='ltr'>tamenin</span> <span class='ocrx_word' id='word_1_356' title='bbox 1208 660 1289 694; x_wconf 87' lang='lat' dir='ltr'>votis</span> <span class='ocrx_word' id='word_1_357' title='bbox 1299 659 1519 700; x_wconf 67' lang='lat' dir='ltr'>obaeratorum,</span> <span class='ocrx_word' id='word_1_358' title='bbox 1527 661 1762 710; x_wconf 86' lang='lat' dir='ltr'>carbonumque</span> 
     </span>
     <span class='ocr_line' id='line_1_59' title="bbox 1004 707 1763 758; baseline 0 -13"><span class='ocrx_word' id='word_1_359' title='bbox 1004 715 1036 746; x_wconf 64' lang='grc' dir='ltr'>δέ</span> <span class='ocrx_word' id='word_1_360' title='bbox 1054 709 1139 744; x_wconf 88' lang='lat' dir='ltr'>theta</span> <span class='ocrx_word' id='word_1_361' title='bbox 1151 710 1231 758; x_wconf 86' lang='lat' dir='ltr'>nigri</span> <span class='ocrx_word' id='word_1_362' title='bbox 1246 709 1401 744; x_wconf 84' lang='lat' dir='ltr'>dedecora</span> <span class='ocrx_word' id='word_1_363' title='bbox 1413 707 1559 758; x_wconf 85' lang='lat' dir='ltr'>effugere.</span> <span class='ocrx_word' id='word_1_364' title='bbox 1591 712 1763 758; x_wconf 86' lang='lat' dir='ltr'>Benignio-</span> 
     </span>
     <span class='ocr_line' id='line_1_60' title="bbox 1004 758 1764 807; baseline 0.001 -13"><span class='ocrx_word' id='word_1_365' title='bbox 1004 761 1045 794; x_wconf 91' lang='lat' dir='ltr'>ris</span> <span class='ocrx_word' id='word_1_366' title='bbox 1063 758 1193 794; x_wconf 84' lang='lat' dir='ltr'>censurae</span> <span class='ocrx_word' id='word_1_367' title='bbox 1210 759 1559 807; x_wconf 86' lang='lat' dir='ltr'>propemodumcertam</span> <span class='ocrx_word' id='word_1_368' title='bbox 1573 761 1764 806; x_wconf 61' lang='lat' dir='ltr'>expectatio-</span> 
     </span>
     <span class='ocr_line' id='line_1_61' title="bbox 1004 806 1764 857; baseline 0 -13"><span class='ocrx_word' id='word_1_369' title='bbox 1004 822 1076 844; x_wconf 89' lang='lat' dir='ltr'>nem</span> <span class='ocrx_word' id='word_1_370' title='bbox 1086 809 1164 843; x_wconf 86' lang='lat' dir='ltr'>mihi</span> <span class='ocrx_word' id='word_1_371' title='bbox 1176 806 1250 842; x_wconf 86' lang='lat' dir='ltr'>facit</span> <span class='ocrx_word' id='word_1_372' title='bbox 1263 809 1484 857; x_wconf 83' lang='lat' dir='ltr'>plerorumque</span> <span class='ocrx_word' id='word_1_373' title='bbox 1500 809 1554 857; x_wconf 90' lang='lat' dir='ltr'>qui</span> <span class='ocrx_word' id='word_1_374' title='bbox 1570 808 1689 846; x_wconf 88' lang='lat' dir='ltr'>adsunt,</span> <span class='ocrx_word' id='word_1_375' title='bbox 1710 823 1764 844; x_wconf 85' lang='lat' dir='ltr'>an-</span> 
     </span>
     <span class='ocr_line' id='line_1_62' title="bbox 1004 857 1765 907; baseline 0.001 -14"><span class='ocrx_word' id='word_1_376' title='bbox 1004 860 1098 907; x_wconf 90' lang='lat' dir='ltr'>tiquis</span> <span class='ocrx_word' id='word_1_377' title='bbox 1109 859 1325 906; x_wconf 87' lang='lat' dir='ltr'>experimentis</span> <span class='ocrx_word' id='word_1_378' title='bbox 1333 882 1342 895; x_wconf 85' lang='lat'>,</span> <span class='ocrx_word' id='word_1_379' title='bbox 1360 857 1584 892; x_wconf 81' lang='lat' dir='ltr'>demonstratus</span> <span class='ocrx_word' id='word_1_380' title='bbox 1598 859 1630 892; x_wconf 89' lang='lat' dir='ltr'>in</span> <span class='ocrx_word' id='word_1_381' title='bbox 1643 872 1692 893; x_wconf 90' lang='lat' dir='ltr'>me</span> <span class='ocrx_word' id='word_1_382' title='bbox 1700 872 1765 894; x_wconf 89' lang='lat' dir='ltr'>non</span> 
     </span>
     <span class='ocr_line' id='line_1_63' title="bbox 1007 905 1766 957; baseline 0 -14"><span class='ocrx_word' id='word_1_383' title='bbox 1007 909 1138 957; x_wconf 83' lang='lat' dir='ltr'>vulgaris</span> <span class='ocrx_word' id='word_1_384' title='bbox 1151 920 1248 942; x_wconf 87' lang='lat' dir='ltr'>amor.</span> <span class='ocrx_word' id='word_1_385' title='bbox 1276 911 1357 957; x_wconf 81' lang='lat' dir='ltr'>Qae</span> <span class='ocrx_word' id='word_1_386' title='bbox 1369 905 1540 942; x_wconf 87' lang='lat' dir='ltr'>fabulantur</span> <span class='ocrx_word' id='word_1_387' title='bbox 1552 920 1669 943; x_wconf 88' lang='lat' dir='ltr'>veteres</span> <span class='ocrx_word' id='word_1_388' title='bbox 1677 922 1766 943; x_wconf 87' lang='lat' dir='ltr'>amo-</span> 
     </span>
     <span class='ocr_line' id='line_1_64' title="bbox 1007 955 1768 1007; baseline 0.001 -15"><span class='ocrx_word' id='word_1_389' title='bbox 1007 959 1047 992; x_wconf 86' lang='lat' dir='ltr'>ris</span> <span class='ocrx_word' id='word_1_390' title='bbox 1061 955 1245 1004; x_wconf 89' lang='lat' dir='ltr'>conspicilla,</span> <span class='ocrx_word' id='word_1_391' title='bbox 1255 958 1367 1003; x_wconf 88' lang='lat' dir='ltr'>quibus</span> <span class='ocrx_word' id='word_1_392' title='bbox 1380 958 1550 992; x_wconf 86' lang='lat' dir='ltr'>amicorum</span> <span class='ocrx_word' id='word_1_393' title='bbox 1563 960 1680 998; x_wconf 90' lang='lat' dir='ltr'>omnia,</span> <span class='ocrx_word' id='word_1_394' title='bbox 1694 972 1768 1007; x_wconf 88' lang='lat' dir='ltr'>qua-</span> 
     </span>
     <span class='ocr_line' id='line_1_65' title="bbox 1007 1005 1767 1055; baseline 0.003 -14"><span class='ocrx_word' id='word_1_395' title='bbox 1007 1008 1168 1055; x_wconf 88' lang='lat' dir='ltr'>liacunque</span> <span class='ocrx_word' id='word_1_396' title='bbox 1187 1006 1310 1040; x_wconf 88' lang='lat' dir='ltr'>tandem</span> <span class='ocrx_word' id='word_1_397' title='bbox 1329 1007 1361 1039; x_wconf 89' lang='lat' dir='ltr'>in</span> <span class='ocrx_word' id='word_1_398' title='bbox 1379 1005 1408 1040; x_wconf 90' lang='lat' dir='ltr'>se</span> <span class='ocrx_word' id='word_1_399' title='bbox 1427 1031 1436 1046; x_wconf 90' lang='lat'>,</span> <span class='ocrx_word' id='word_1_400' title='bbox 1469 1007 1644 1054; x_wconf 86' lang='lat' dir='ltr'>perplacent</span> <span class='ocrx_word' id='word_1_401' title='bbox 1664 1019 1767 1043; x_wconf 87' lang='lat' dir='ltr'>tamen</span> 
     </span>
     <span class='ocr_line' id='line_1_66' title="bbox 1008 1054 1768 1105; baseline 0.003 -15"><span class='ocrx_word' id='word_1_402' title='bbox 1008 1057 1114 1091; x_wconf 88' lang='lat' dir='ltr'>amicis</span> <span class='ocrx_word' id='word_1_403' title='bbox 1128 1081 1138 1097; x_wconf 89' lang='lat'><em>‚</em></span> <span class='ocrx_word' id='word_1_404' title='bbox 1164 1056 1331 1090; x_wconf 88' lang='lat' dir='ltr'>minimum</span> <span class='ocrx_word' id='word_1_405' title='bbox 1343 1054 1458 1089; x_wconf 87' lang='lat' dir='ltr'>habent</span> <span class='ocrx_word' id='word_1_406' title='bbox 1474 1054 1597 1091; x_wconf 75' lang='lat' dir='ltr'>fabulae:</span> <span class='ocrx_word' id='word_1_407' title='bbox 1619 1059 1768 1105; x_wconf 82' lang='lat' dir='ltr'>genuinus</span> 
     </span>
     <span class='ocr_line' id='line_1_67' title="bbox 1010 1102 1768 1152; baseline 0.001 -12"><span class='ocrx_word' id='word_1_408' title='bbox 1010 1105 1054 1140; x_wconf 90' lang='lat' dir='ltr'>est</span> <span class='ocrx_word' id='word_1_409' title='bbox 1075 1105 1188 1152; x_wconf 90' lang='lat' dir='ltr'>absque</span> <span class='ocrx_word' id='word_1_410' title='bbox 1208 1105 1297 1138; x_wconf 88' lang='lat' dir='ltr'>omni</span> <span class='ocrx_word' id='word_1_411' title='bbox 1321 1102 1422 1138; x_wconf 87' lang='lat' dir='ltr'>fabula</span> <span class='ocrx_word' id='word_1_412' title='bbox 1447 1104 1605 1139; x_wconf 60' lang='lat' dir='ltr'>charaeter</span> <span class='ocrx_word' id='word_1_413' title='bbox 1629 1108 1743 1141; x_wconf 90' lang='lat' dir='ltr'>amoris</span> <span class='ocrx_word' id='word_1_414' title='bbox 1757 1131 1768 1147; x_wconf 81' lang='grc'><strong>,</strong></span> 
     </span>
     <span class='ocr_line' id='line_1_68' title="bbox 1009 1154 1769 1203; baseline 0.003 -15"><span class='ocrx_word' id='word_1_415' title='bbox 1009 1166 1102 1202; x_wconf 87' lang='lat' dir='ltr'>prout</span> <span class='ocrx_word' id='word_1_416' title='bbox 1125 1154 1243 1189; x_wconf 90' lang='lat' dir='ltr'>Divina</span> <span class='ocrx_word' id='word_1_417' title='bbox 1261 1156 1345 1186; x_wconf 79' lang='lat' dir='ltr'>Petri</span> <span class='ocrx_word' id='word_1_418' title='bbox 1363 1166 1469 1188; x_wconf 87' lang='lat' dir='ltr'>manus</span> <span class='ocrx_word' id='word_1_419' title='bbox 1488 1154 1628 1203; x_wconf 83' lang='lat' dir='ltr'>depingit</span> <span class='ocrx_word' id='word_1_420' title='bbox 1641 1180 1650 1195; x_wconf 89' lang='lat'>,</span> <span class='ocrx_word' id='word_1_421' title='bbox 1677 1158 1769 1190; x_wconf 86' lang='lat' dir='ltr'>amati</span> 
     </span>
     <span class='ocr_line' id='line_1_69' title="bbox 1009 1202 1769 1252; baseline 0.001 -14"><span class='ocrx_word' id='word_1_422' title='bbox 1009 1202 1104 1251; x_wconf 87' lang='lat' dir='ltr'>lapsus</span> <span class='ocrx_word' id='word_1_423' title='bbox 1120 1213 1298 1250; x_wconf 86' lang='lat' dir='ltr'>contegere.</span> <span class='ocrx_word' id='word_1_424' title='bbox 1332 1204 1475 1237; x_wconf 83' lang='lat' dir='ltr'>Charitas</span> <span class='ocrx_word' id='word_1_425' title='bbox 1498 1205 1649 1251; x_wconf 88' lang='lat' dir='ltr'>(inquit)</span> <span class='ocrx_word' id='word_1_426' title='bbox 1668 1206 1769 1252; x_wconf 88' lang='lat' dir='ltr'>operit</span> 
     </span>
     <span class='ocr_line' id='line_1_70' title="bbox 1009 1252 1770 1300; baseline 0 -12"><span class='ocrx_word' id='word_1_427' title='bbox 1009 1252 1238 1288; x_wconf 86' lang='lat' dir='ltr'>multitudinem</span> <span class='ocrx_word' id='word_1_428' title='bbox 1252 1263 1452 1298; x_wconf 90' lang='lat' dir='ltr'>peccatorum</span> <span class='ocrx_word' id='word_1_429' title='bbox 1465 1253 1640 1300; x_wconf 85' lang='lat' dir='ltr'>1.Epist.4.</span> <span class='ocrx_word' id='word_1_430' title='bbox 1655 1256 1684 1289; x_wconf 90' lang='lat'>8.</span> <span class='ocrx_word' id='word_1_431' title='bbox 1707 1256 1770 1288; x_wconf 84' lang='lat' dir='ltr'>Ea-</span> 
     </span>
     <span class='ocr_line' id='line_1_71' title="bbox 1009 1301 1770 1338; baseline 0 0"><span class='ocrx_word' id='word_1_432' title='bbox 1009 1303 1081 1338; x_wconf 87' lang='lat' dir='ltr'>dem</span> <span class='ocrx_word' id='word_1_433' title='bbox 1095 1303 1134 1336; x_wconf 89' lang='lat' dir='ltr'>de</span> <span class='ocrx_word' id='word_1_434' title='bbox 1150 1303 1308 1334; x_wconf 60' lang='lat' dir='ltr'>Solomonia</span> <span class='ocrx_word' id='word_1_435' title='bbox 1321 1314 1376 1335; x_wconf 92' lang='lat' dir='ltr'>ore</span> <span class='ocrx_word' id='word_1_436' title='bbox 1389 1301 1476 1336; x_wconf 83' lang='lat' dir='ltr'>fluxit</span> <span class='ocrx_word' id='word_1_437' title='bbox 1490 1303 1598 1337; x_wconf 83' lang='lat' dir='ltr'>veritas</span> <span class='ocrx_word' id='word_1_438' title='bbox 1612 1307 1706 1337; x_wconf 87' lang='lat' dir='ltr'>Prov.</span> <span class='ocrx_word' id='word_1_439' title='bbox 1720 1316 1770 1338; x_wconf 87' lang='lat'>10.</span> 
     </span>
     <span class='ocr_line' id='line_1_72' title="bbox 1014 1350 1771 1400; baseline 0.001 -13"><span class='ocrx_word' id='word_1_440' title='bbox 1014 1364 1062 1388; x_wconf 84' lang='lat'>12.</span> <span class='ocrx_word' id='word_1_441' title='bbox 1088 1355 1199 1386; x_wconf 81' lang='lat' dir='ltr'>Omnes</span> <span class='ocrx_word' id='word_1_442' title='bbox 1207 1350 1380 1395; x_wconf 59' lang='lat' dir='ltr'>defeffione&#39;r</span> <span class='ocrx_word' id='word_1_443' title='bbox 1399 1350 1505 1400; x_wconf 80' lang='lat' dir='ltr'>obtegit</span> <span class='ocrx_word' id='word_1_444' title='bbox 1524 1352 1667 1387; x_wconf 78' lang='lat' dir='ltr'>charitas.</span> <span class='ocrx_word' id='word_1_445' title='bbox 1692 1355 1771 1388; x_wconf 84' lang='lat' dir='ltr'>Haec</span> 
     </span>
     <span class='ocr_line' id='line_1_73' title="bbox 1010 1399 1772 1448; baseline 0.001 -12"><span class='ocrx_word' id='word_1_446' title='bbox 1010 1414 1062 1436; x_wconf 86' lang='lat' dir='ltr'>me</span> <span class='ocrx_word' id='word_1_447' title='bbox 1075 1414 1134 1436; x_wconf 92' lang='lat' dir='ltr'>una</span> <span class='ocrx_word' id='word_1_448' title='bbox 1146 1399 1211 1448; x_wconf 89' lang='lat' dir='ltr'>spes</span> <span class='ocrx_word' id='word_1_449' title='bbox 1220 1400 1282 1434; x_wconf 90' lang='lat' dir='ltr'>huc</span> <span class='ocrx_word' id='word_1_450' title='bbox 1295 1401 1414 1435; x_wconf 86' lang='lat' dir='ltr'>devexit</span> <span class='ocrx_word' id='word_1_451' title='bbox 1427 1400 1449 1434; x_wconf 82' lang='lat' dir='ltr'>si</span> <span class='ocrx_word' id='word_1_452' title='bbox 1462 1414 1528 1435; x_wconf 92' lang='lat' dir='ltr'>non</span> <span class='ocrx_word' id='word_1_453' title='bbox 1541 1403 1688 1442; x_wconf 89' lang='lat' dir='ltr'>invitum,</span> <span class='ocrx_word' id='word_1_454' title='bbox 1704 1416 1772 1437; x_wconf 91' lang='lat' dir='ltr'>cer-</span> 
     </span>
     <span class='ocr_line' id='line_1_74' title="bbox 1011 1449 1827 1500; baseline 0 -14"><span class='ocrx_word' id='word_1_455' title='bbox 1011 1451 1057 1491; x_wconf 74' lang='lat' dir='ltr'>te,</span> <span class='ocrx_word' id='word_1_456' title='bbox 1075 1452 1162 1500; x_wconf 89' lang='lat' dir='ltr'>quod</span> <span class='ocrx_word' id='word_1_457' title='bbox 1174 1449 1484 1486; x_wconf 72' lang='lat' dir='ltr'>sciuntmulti,valde</span> <span class='ocrx_word' id='word_1_458' title='bbox 1496 1451 1773 1498; x_wconf 61' lang='lat' dir='ltr'>diuquereludkan-</span> <span class='ocrx_word' id='word_1_459' title='bbox 1816 1488 1827 1495; x_wconf 66' lang='lat'>,</span> 
     </span>
     <span class='ocr_line' id='line_1_75' title="bbox 1011 1498 1774 1547; baseline 0.001 -11"><span class='ocrx_word' id='word_1_460' title='bbox 1011 1513 1087 1536; x_wconf 92' lang='lat' dir='ltr'>tem.</span> <span class='ocrx_word' id='word_1_461' title='bbox 1111 1499 1179 1535; x_wconf 82' lang='lat' dir='ltr'>Nisi</span> <span class='ocrx_word' id='word_1_462' title='bbox 1189 1499 1340 1546; x_wconf 80' lang='lat' dir='ltr'>magnetis</span> <span class='ocrx_word' id='word_1_463' title='bbox 1351 1498 1436 1534; x_wconf 92' lang='lat' dir='ltr'>istius</span> <span class='ocrx_word' id='word_1_464' title='bbox 1449 1512 1559 1547; x_wconf 87' lang='lat' dir='ltr'>magna</span> <span class='ocrx_word' id='word_1_465' title='bbox 1570 1499 1668 1536; x_wconf 78' lang='lat' dir='ltr'>fuisset</span> <span class='ocrx_word' id='word_1_466' title='bbox 1680 1503 1712 1536; x_wconf 89' lang='lat' dir='ltr'>in</span> <span class='ocrx_word' id='word_1_467' title='bbox 1721 1515 1774 1537; x_wconf 87' lang='lat' dir='ltr'>me</span> 
     </span>
     <span class='ocr_line' id='line_1_76' title="bbox 1011 1547 1774 1598; baseline 0.001 -13"><span class='ocrx_word' id='word_1_468' title='bbox 1011 1550 1193 1586; x_wconf 89' lang='lat' dir='ltr'>attrahendo</span> <span class='ocrx_word' id='word_1_469' title='bbox 1206 1547 1355 1585; x_wconf 84' lang='lat' dir='ltr'>efficacia,</span> <span class='ocrx_word' id='word_1_470' title='bbox 1378 1561 1440 1597; x_wconf 90' lang='lat' dir='ltr'>ego</span> <span class='ocrx_word' id='word_1_471' title='bbox 1453 1547 1617 1598; x_wconf 83' lang='lat' dir='ltr'>frigidum,</span> <span class='ocrx_word' id='word_1_472' title='bbox 1639 1551 1751 1586; x_wconf 91' lang='lat' dir='ltr'>durum</span> <span class='ocrx_word' id='word_1_473' title='bbox 1764 1576 1774 1589; x_wconf 90' lang='lat'>‚</span> 
     </span>
     <span class='ocr_line' id='line_1_77' title="bbox 1013 1597 1775 1649; baseline 0.003 -15"><span class='ocrx_word' id='word_1_474' title='bbox 1013 1605 1044 1637; x_wconf 70' lang='grc' dir='ltr'>δε</span> <span class='ocrx_word' id='word_1_475' title='bbox 1058 1612 1148 1649; x_wconf 82' lang='lat' dir='ltr'>grave</span> <span class='ocrx_word' id='word_1_476' title='bbox 1163 1597 1295 1635; x_wconf 80' lang='lat' dir='ltr'>ferrum,</span> <span class='ocrx_word' id='word_1_477' title='bbox 1313 1610 1471 1646; x_wconf 89' lang='lat' dir='ltr'>nunquam</span> <span class='ocrx_word' id='word_1_478' title='bbox 1483 1610 1601 1635; x_wconf 86' lang='lat' dir='ltr'>memet</span> <span class='ocrx_word' id='word_1_479' title='bbox 1613 1600 1775 1637; x_wconf 78' lang='lat' dir='ltr'>movissem</span> 
     </span>
     <span class='ocr_line' id='line_1_78' title="bbox 1014 1649 1776 1698; baseline 0 -13"><span class='ocrx_word' id='word_1_480' title='bbox 1014 1652 1099 1685; x_wconf 91' lang='lat' dir='ltr'>loco.</span> <span class='ocrx_word' id='word_1_481' title='bbox 1144 1650 1228 1684; x_wconf 87' lang='lat' dir='ltr'>Nam</span> <span class='ocrx_word' id='word_1_482' title='bbox 1246 1659 1448 1696; x_wconf 72' lang='lat' dir='ltr'>praeterquam</span> <span class='ocrx_word' id='word_1_483' title='bbox 1468 1649 1555 1697; x_wconf 92' lang='lat' dir='ltr'>quod</span> <span class='ocrx_word' id='word_1_484' title='bbox 1574 1650 1677 1698; x_wconf 67' lang='lat' dir='ltr'>probe</span> <span class='ocrx_word' id='word_1_485' title='bbox 1698 1650 1776 1685; x_wconf 90' lang='lat' dir='ltr'>mihi</span> 
     </span>
     <span class='ocr_line' id='line_1_79' title="bbox 1015 1697 1776 1748; baseline 0 -13"><span class='ocrx_word' id='word_1_486' title='bbox 1015 1697 1153 1736; x_wconf 89' lang='lat' dir='ltr'>conscius</span> <span class='ocrx_word' id='word_1_487' title='bbox 1162 1711 1244 1734; x_wconf 89' lang='lat' dir='ltr'>eram</span> <span class='ocrx_word' id='word_1_488' title='bbox 1251 1723 1261 1739; x_wconf 92' lang='lat'><em>‚</em></span> <span class='ocrx_word' id='word_1_489' title='bbox 1276 1697 1369 1746; x_wconf 74' lang='lat' dir='ltr'>quam</span> <span class='ocrx_word' id='word_1_490' title='bbox 1376 1711 1503 1734; x_wconf 89' lang='lat' dir='ltr'>vacuum</span> <span class='ocrx_word' id='word_1_491' title='bbox 1510 1698 1659 1747; x_wconf 86' lang='lat' dir='ltr'>gestarem</span> <span class='ocrx_word' id='word_1_492' title='bbox 1665 1701 1776 1748; x_wconf 69' lang='lat' dir='ltr'>pet‘Ptus</span> 
     </span>
     <span class='ocr_line' id='line_1_80' title="bbox 1015 1747 1778 1787; baseline -0.001 -2"><span class='ocrx_word' id='word_1_493' title='bbox 1015 1750 1100 1786; x_wconf 87' lang='lat' dir='ltr'>istius</span> <span class='ocrx_word' id='word_1_494' title='bbox 1117 1747 1247 1784; x_wconf 90' lang='lat' dir='ltr'>thesauri</span> <span class='ocrx_word' id='word_1_495' title='bbox 1260 1748 1455 1783; x_wconf 88' lang='lat' dir='ltr'>omni-variae</span> <span class='ocrx_word' id='word_1_496' title='bbox 1470 1748 1654 1784; x_wconf 89' lang='lat' dir='ltr'>eruditionis</span> <span class='ocrx_word' id='word_1_497' title='bbox 1668 1774 1678 1787; x_wconf 90' lang='lat'>,</span> <span class='ocrx_word' id='word_1_498' title='bbox 1703 1751 1778 1786; x_wconf 90' lang='lat' dir='ltr'>viri-</span> 
     </span>
     <span class='ocr_line' id='line_1_81' title="bbox 1016 1796 1777 1847; baseline 0 -13"><span class='ocrx_word' id='word_1_499' title='bbox 1016 1801 1052 1834; x_wconf 91' lang='lat' dir='ltr'>lis</span> <span class='ocrx_word' id='word_1_500' title='bbox 1066 1799 1253 1847; x_wconf 73' lang='lat' dir='ltr'>eloquentiae</span> <span class='ocrx_word' id='word_1_501' title='bbox 1265 1823 1276 1839; x_wconf 94' lang='lat'>,</span> <span class='ocrx_word' id='word_1_502' title='bbox 1301 1796 1442 1845; x_wconf 58' lang='lat' dir='ltr'>speCintae</span> <span class='ocrx_word' id='word_1_503' title='bbox 1455 1799 1624 1846; x_wconf 88' lang='lat' dir='ltr'>prudentiae</span> <span class='ocrx_word' id='word_1_504' title='bbox 1634 1824 1643 1836; x_wconf 90' lang='lat'>‚</span> <span class='ocrx_word' id='word_1_505' title='bbox 1670 1812 1777 1834; x_wconf 82' lang='lat' dir='ltr'>exem-</span> 
     </span>
     <span class='ocr_line' id='line_1_82' title="bbox 1017 1846 1777 1898; baseline 0 -14"><span class='ocrx_word' id='word_1_506' title='bbox 1017 1850 1104 1898; x_wconf 85' lang='lat' dir='ltr'>plaris</span> <span class='ocrx_word' id='word_1_507' title='bbox 1121 1849 1256 1896; x_wconf 84' lang='lat' dir='ltr'>pietatis,</span> <span class='ocrx_word' id='word_1_508' title='bbox 1271 1846 1423 1883; x_wconf 86' lang='lat' dir='ltr'>indefeffae</span> <span class='ocrx_word' id='word_1_509' title='bbox 1436 1847 1615 1889; x_wconf 88' lang='lat' dir='ltr'>sedulitatis,</span> <span class='ocrx_word' id='word_1_510' title='bbox 1635 1849 1777 1884; x_wconf 84' lang='lat' dir='ltr'>aliarum-</span> 
     </span>
     <span class='ocr_line' id='line_1_83' title="bbox 1017 1896 1777 1947; baseline -0.001 -13"><span class='ocrx_word' id='word_1_511' title='bbox 1017 1912 1077 1947; x_wconf 90' lang='lat' dir='ltr'>que</span> <span class='ocrx_word' id='word_1_512' title='bbox 1089 1900 1235 1934; x_wconf 85' lang='lat' dir='ltr'>virtutum</span> <span class='ocrx_word' id='word_1_513' title='bbox 1248 1921 1258 1934; x_wconf 93' lang='lat'>‚</span> <span class='ocrx_word' id='word_1_514' title='bbox 1285 1910 1360 1945; x_wconf 89' lang='lat' dir='ltr'>quas</span> <span class='ocrx_word' id='word_1_515' title='bbox 1379 1897 1444 1932; x_wconf 88' lang='lat' dir='ltr'>haec</span> <span class='ocrx_word' id='word_1_516' title='bbox 1462 1896 1553 1931; x_wconf 91' lang='lat' dir='ltr'>statio</span> <span class='ocrx_word' id='word_1_517' title='bbox 1567 1897 1621 1932; x_wconf 93' lang='lat' dir='ltr'>suo</span> <span class='ocrx_word' id='word_1_518' title='bbox 1638 1900 1704 1943; x_wconf 89' lang='lat' dir='ltr'>jure</span> <span class='ocrx_word' id='word_1_519' title='bbox 1716 1912 1777 1947; x_wconf 94' lang='lat' dir='ltr'>po-</span> 
     </span>
     <span class='ocr_line' id='line_1_84' title="bbox 1018 1945 1778 1996; baseline -0.001 -13"><span class='ocrx_word' id='word_1_520' title='bbox 1018 1949 1124 1984; x_wconf 84' lang='lat' dir='ltr'>stulat:</span> <span class='ocrx_word' id='word_1_521' title='bbox 1143 1957 1267 1996; x_wconf 84' lang='lat' dir='ltr'>praeter‚</span> <span class='ocrx_word' id='word_1_522' title='bbox 1284 1947 1316 1980; x_wconf 91' lang='lat' dir='ltr'>in</span> <span class='ocrx_word' id='word_1_523' title='bbox 1329 1959 1439 1994; x_wconf 89' lang='lat' dir='ltr'>quam,</span> <span class='ocrx_word' id='word_1_524' title='bbox 1462 1945 1546 1981; x_wconf 89' lang='lat' dir='ltr'>istius</span> <span class='ocrx_word' id='word_1_525' title='bbox 1560 1947 1690 1982; x_wconf 86' lang='lat' dir='ltr'>thesauri</span> <span class='ocrx_word' id='word_1_526' title='bbox 1702 1961 1778 1996; x_wconf 83' lang='lat' dir='ltr'>pro-</span> 
     </span>
     <span class='ocr_line' id='line_1_85' title="bbox 1019 1996 1778 2045; baseline -0.004 -11"><span class='ocrx_word' id='word_1_527' title='bbox 1019 1998 1145 2034; x_wconf 88' lang='lat' dir='ltr'>fundam</span> <span class='ocrx_word' id='word_1_528' title='bbox 1159 1996 1239 2044; x_wconf 88' lang='lat' dir='ltr'>apud</span> <span class='ocrx_word' id='word_1_529' title='bbox 1251 2009 1301 2030; x_wconf 92' lang='lat' dir='ltr'>me</span> <span class='ocrx_word' id='word_1_530' title='bbox 1312 1997 1490 2043; x_wconf 88' lang='lat' dir='ltr'>pauperiem</span> <span class='ocrx_word' id='word_1_531' title='bbox 1503 2020 1513 2036; x_wconf 95' lang='lat'>,</span> <span class='ocrx_word' id='word_1_532' title='bbox 1539 2009 1648 2044; x_wconf 83' lang='lat' dir='ltr'>magna</span> <span class='ocrx_word' id='word_1_533' title='bbox 1661 1996 1778 2045; x_wconf 89' lang='lat' dir='ltr'>semper</span> 
     </span>
     <span class='ocr_line' id='line_1_86' title="bbox 1020 2045 1778 2096; baseline -0.004 -12"><span class='ocrx_word' id='word_1_534' title='bbox 1020 2050 1035 2084; x_wconf 71' lang='lat' dir='ltr'>a</span> <span class='ocrx_word' id='word_1_535' title='bbox 1050 2060 1149 2096; x_wconf 88' lang='lat' dir='ltr'>puero</span> <span class='ocrx_word' id='word_1_536' title='bbox 1162 2045 1239 2080; x_wconf 89' lang='lat' dir='ltr'>mihi</span> <span class='ocrx_word' id='word_1_537' title='bbox 1253 2046 1394 2092; x_wconf 81' lang='lat' dir='ltr'>voluptas</span> <span class='ocrx_word' id='word_1_538' title='bbox 1413 2055 1475 2079; x_wconf 86' lang='lat' dir='ltr'>erat</span> <span class='ocrx_word' id='word_1_539' title='bbox 1488 2046 1520 2079; x_wconf 88' lang='lat' dir='ltr'>in</span> <span class='ocrx_word' id='word_1_540' title='bbox 1532 2047 1592 2080; x_wconf 64' lang='lat' dir='ltr'>vita</span> <span class='ocrx_word' id='word_1_541' title='bbox 1603 2048 1707 2093; x_wconf 62' lang='lat' dir='ltr'>quieta</span> <span class='ocrx_word' id='word_1_542' title='bbox 1718 2071 1727 2086; x_wconf 93' lang='lat'>,</span> <span class='ocrx_word' id='word_1_543' title='bbox 1746 2048 1778 2081; x_wconf 88' lang='lat' dir='ltr'>iu</span> 
     </span>
     <span class='ocr_line' id='line_1_87' title="bbox 1021 2095 1777 2145; baseline -0.004 -12"><span class='ocrx_word' id='word_1_544' title='bbox 1021 2098 1142 2133; x_wconf 89' lang='lat' dir='ltr'>latebris</span> <span class='ocrx_word' id='word_1_545' title='bbox 1154 2095 1308 2145; x_wconf 91' lang='lat' dir='ltr'>proculab</span> <span class='ocrx_word' id='word_1_546' title='bbox 1319 2095 1485 2129; x_wconf 84' lang='lat' dir='ltr'>hominum</span> <span class='ocrx_word' id='word_1_547' title='bbox 1498 2096 1565 2129; x_wconf 87' lang='lat' dir='ltr'>luce</span> <span class='ocrx_word' id='word_1_548' title='bbox 1575 2119 1585 2134; x_wconf 89' lang='lat'>,</span> <span class='ocrx_word' id='word_1_549' title='bbox 1605 2095 1643 2129; x_wconf 92' lang='lat' dir='ltr'>ab</span> <span class='ocrx_word' id='word_1_550' title='bbox 1657 2095 1777 2130; x_wconf 90' lang='lat' dir='ltr'>urbano</span> 
     </span>
     <span class='ocr_line' id='line_1_88' title="bbox 1021 2143 1780 2195; baseline -0.005 -12"><span class='ocrx_word' id='word_1_551' title='bbox 1021 2148 1149 2195; x_wconf 87' lang='lat' dir='ltr'>strepitu</span> <span class='ocrx_word' id='word_1_552' title='bbox 1174 2145 1307 2193; x_wconf 89' lang='lat' dir='ltr'>lyricinis</span> <span class='ocrx_word' id='word_1_553' title='bbox 1326 2143 1493 2178; x_wconf 81' lang='lat' dir='ltr'>Christiani</span> <span class='ocrx_word' id='word_1_554' title='bbox 1517 2156 1626 2179; x_wconf 91' lang='lat' dir='ltr'>votum</span> <span class='ocrx_word' id='word_1_555' title='bbox 1647 2145 1780 2179; x_wconf 71' lang='lat' dir='ltr'>multum</span> 
     </span>
     <span class='ocr_line' id='line_1_89' title="bbox 1022 2193 1782 2243; baseline -0.004 -11"><span class='ocrx_word' id='word_1_556' title='bbox 1022 2210 1097 2232; x_wconf 88' lang='lat' dir='ltr'>meo</span> <span class='ocrx_word' id='word_1_557' title='bbox 1111 2195 1229 2243; x_wconf 87' lang='lat' dir='ltr'>semper</span> <span class='ocrx_word' id='word_1_558' title='bbox 1240 2193 1367 2229; x_wconf 90' lang='lat' dir='ltr'>adlibuit</span> <span class='ocrx_word' id='word_1_559' title='bbox 1381 2193 1485 2234; x_wconf 89' lang='lat' dir='ltr'>cordi,</span> <span class='ocrx_word' id='word_1_560' title='bbox 1506 2194 1620 2241; x_wconf 83' lang='lat' dir='ltr'>Synefii</span> <span class='ocrx_word' id='word_1_561' title='bbox 1637 2195 1712 2231; x_wconf 91' lang='lat' dir='ltr'>volo</span> <span class='ocrx_word' id='word_1_562' title='bbox 1725 2195 1782 2242; x_wconf 47' lang='lat' dir='ltr'>hy*-</span> 
     </span>
     <span class='ocr_line' id='line_1_90' title="bbox 1023 2256 1300 2292; baseline -0.014 -11"><span class='ocrx_word' id='word_1_563' title='bbox 1023 2259 1172 2281; x_wconf 88' lang='lat' dir='ltr'>mnorum</span> <span class='ocrx_word' id='word_1_564' title='bbox 1185 2256 1300 2292; x_wconf 82' lang='lat' dir='ltr'>primo.</span> 
     </span>
    </p>
   </div>
   <div class='ocr_carea' id='block_1_8' title="bbox 775 2329 1240 2384">
    <p class='ocr_par' dir='ltr' id='par_1_9' title="bbox 775 2329 1240 2384">
     <span class='ocr_line' id='line_1_91' title="bbox 775 2329 1240 2384; baseline -0.011 -15"><span class='ocrx_word' id='word_1_565' title='bbox 775 2335 840 2371; x_wconf 64' lang='lat' dir='ltr'>Js‘ia</span> <span class='ocrx_word' id='word_1_566' title='bbox 850 2332 902 2384; x_wconf 78' lang='lat' dir='ltr'>Jic</span> <span class='ocrx_word' id='word_1_567' title='bbox 928 2332 1041 2369; x_wconf 87' lang='lat' dir='ltr'>vertit</span> <span class='ocrx_word' id='word_1_568' title='bbox 1065 2329 1240 2367; x_wconf 78' lang='lat' dir='ltr'>Petavim.</span> 
     </span>
    </p>
   </div>
   <div class='ocr_carea' id='block_1_9' title="bbox 401 2400 826 3078">
    <p class='ocr_par' dir='ltr' id='par_1_10' title="bbox 401 2400 738 2439">
     <span class='ocr_line' id='line_1_92' title="bbox 401 2400 738 2439; baseline -0.003 -9"><span class='ocrx_word' id='word_1_569' title='bbox 401 2404 430 2432; x_wconf 81' lang='lat'>0¹</span> <span class='ocrx_word' id='word_1_570' title='bbox 447 2404 488 2439; x_wconf 73' lang='grc' dir='ltr'>μὶν</span> <span class='ocrx_word' id='word_1_571' title='bbox 501 2401 577 2431; x_wconf 65' lang='grc' dir='ltr'><em>Ἱππ-ον</em></span> <span class='ocrx_word' id='word_1_572' title='bbox 593 2400 627 2429; x_wconf 58' lang='lat'>0²5</span> <span class='ocrx_word' id='word_1_573' title='bbox 638 2400 719 2436; x_wconf 60' lang='grc' dir='ltr'>δῖωιῑρι</span> <span class='ocrx_word' id='word_1_574' title='bbox 730 2422 738 2433; x_wconf 85' lang='lat'>,</span> 
     </span>
    </p>

    <p class='ocr_par' dir='ltr' id='par_1_11' title="bbox 402 2439 721 2480">
     <span class='ocr_line' id='line_1_93' title="bbox 402 2439 721 2480; baseline 0.003 -9"><span class='ocrx_word' id='word_1_575' title='bbox 402 2445 434 2471; x_wconf 65' lang='lat' dir='ltr'>O=</span> <span class='ocrx_word' id='word_1_576' title='bbox 449 2443 463 2480; x_wconf 86' lang='grc'>’5</span> <span class='ocrx_word' id='word_1_577' title='bbox 478 2441 542 2480; x_wconf 76' lang='grc' dir='ltr'><strong><em>π’ξον</em></strong></span> <span class='ocrx_word' id='word_1_578' title='bbox 557 2439 590 2469; x_wconf 67' lang='grc' dir='ltr'>όιῖ</span> <span class='ocrx_word' id='word_1_579' title='bbox 605 2440 700 2475; x_wconf 64' lang='grc' dir='ltr'>π’τιηνοι</span> <span class='ocrx_word' id='word_1_580' title='bbox 713 2462 721 2472; x_wconf 74' lang='grc' dir='ltr'><strong>ι</strong></span> 
     </span>
    </p>

    <p class='ocr_par' dir='ltr' id='par_1_12' title="bbox 401 2481 797 2798">
     <span class='ocr_line' id='line_1_94' title="bbox 401 2481 708 2520; baseline -0.01 -8"><span class='ocrx_word' id='word_1_581' title='bbox 401 2485 432 2512; x_wconf 88' lang='lat'>0&#39;</span> <span class='ocrx_word' id='word_1_582' title='bbox 447 2492 461 2520; x_wconf 96' lang='grc'>’3</span> <span class='ocrx_word' id='word_1_583' title='bbox 476 2482 568 2519; x_wconf 66' lang='grc' dir='ltr'>9ἧμ9νσι</span> <span class='ocrx_word' id='word_1_584' title='bbox 583 2481 708 2520; x_wconf 57' lang='grc' dir='ltr'>φόλαω-οι</span> 
     </span>
     <span class='ocr_line' id='line_1_95' title="bbox 402 2522 754 2561; baseline -0.006 -10"><span class='ocrx_word' id='word_1_585' title='bbox 402 2522 509 2551; x_wconf 64' lang='grc' dir='ltr'><strong><em>Κπάνωι</em></strong></span> <span class='ocrx_word' id='word_1_586' title='bbox 520 2543 526 2553; x_wconf 85' lang='grc'><em>,</em></span> <span class='ocrx_word' id='word_1_587' title='bbox 545 2522 649 2561; x_wconf 61' lang='grc' dir='ltr'>χξᾶατίον</span> <span class='ocrx_word' id='word_1_588' title='bbox 663 2523 735 2556; x_wconf 65' lang='grc' dir='ltr'>’ὄλβον</span> <span class='ocrx_word' id='word_1_589' title='bbox 746 2543 754 2555; x_wconf 84' lang='lat'>‚</span> 
     </span>
     <span class='ocr_line' id='line_1_96' title="bbox 401 2561 744 2600; baseline -0.009 0"><span class='ocrx_word' id='word_1_590' title='bbox 401 2564 485 2600; x_wconf 59' lang='grc' dir='ltr'>Ετὲεφ</span> <span class='ocrx_word' id='word_1_591' title='bbox 501 2564 529 2598; x_wconf 71' lang='lat' dir='ltr'>dl&#39;</span> <span class='ocrx_word' id='word_1_592' title='bbox 542 2561 654 2600; x_wconf 52' lang='grc' dir='ltr'>ἅντλκφ</span> <span class='ocrx_word' id='word_1_593' title='bbox 666 2562 744 2598; x_wconf 64' lang='grc' dir='ltr'><strong><em>χαίτη</em></strong></span> 
     </span>
     <span class='ocr_line' id='line_1_97' title="bbox 404 2602 697 2640; baseline -0.003 -10"><span class='ocrx_word' id='word_1_594' title='bbox 404 2602 470 2635; x_wconf 49' lang='lat' dir='ltr'>Kios&amp;¹</span> <span class='ocrx_word' id='word_1_595' title='bbox 485 2602 561 2640; x_wconf 60' lang='grc' dir='ltr'><em>ἐιμᾙη</em></span> <span class='ocrx_word' id='word_1_596' title='bbox 577 2603 697 2630; x_wconf 62' lang='grc' dir='ltr'>τενόντωπ</span> 
     </span>
     <span class='ocr_line' id='line_1_98' title="bbox 403 2639 710 2679; baseline 0 -9"><span class='ocrx_word' id='word_1_597' title='bbox 403 2642 563 2679; x_wconf 46' lang='lat' dir='ltr'>namqui&amp;-</span> <span class='ocrx_word' id='word_1_598' title='bbox 578 2641 607 2670; x_wconf 48' lang='lat' dir='ltr'>A&amp;</span> <span class='ocrx_word' id='word_1_599' title='bbox 619 2654 657 2670; x_wconf 73' lang='grc' dir='ltr'>κεν</span> <span class='ocrx_word' id='word_1_600' title='bbox 676 2639 710 2673; x_wconf 66' lang='grc' dir='ltr'><em>έή</em></span> 
     </span>
     <span class='ocr_line' id='line_1_99' title="bbox 403 2679 797 2722; baseline -0.003 -11"><span class='ocrx_word' id='word_1_601' title='bbox 403 2683 481 2720; x_wconf 59' lang='grc' dir='ltr'>Πκϋὶ</span> <span class='ocrx_word' id='word_1_602' title='bbox 499 2681 596 2722; x_wconf 71' lang='grc' dir='ltr'>κέξοις,</span> <span class='ocrx_word' id='word_1_603' title='bbox 617 2681 694 2719; x_wconf 51' lang='grc' dir='ltr'>(433ξᾲ</span> <span class='ocrx_word' id='word_1_604' title='bbox 712 2679 797 2720; x_wconf 57' lang='grc' dir='ltr'>κέςφις</span> 
     </span>
     <span class='ocr_line' id='line_1_100' title="bbox 404 2722 757 2761; baseline 0.006 -11"><span class='ocrx_word' id='word_1_605' title='bbox 404 2723 587 2761; x_wconf 60' lang='grc' dir='ltr'>Α’μμξύγμςισι</span> <span class='ocrx_word' id='word_1_606' title='bbox 608 2722 757 2755; x_wconf 63' lang='grc' dir='ltr'>ωξρσῃῖπων»</span> 
     </span>
     <span class='ocr_line' id='line_1_101' title="bbox 404 2762 693 2798; baseline 0.01 -8"><span class='ocrx_word' id='word_1_607' title='bbox 404 2762 459 2798; x_wconf 80' lang='grc' dir='ltr'>Ε’μὲ</span> <span class='ocrx_word' id='word_1_608' title='bbox 475 2764 504 2798; x_wconf 57' lang='lat' dir='ltr'>‘sl&#39;</span> <span class='ocrx_word' id='word_1_609' title='bbox 522 2762 644 2798; x_wconf 62' lang='grc' dir='ltr'>ᾱψὸφηῗῳ</span> <span class='ocrx_word' id='word_1_610' title='bbox 660 2762 693 2793; x_wconf 59' lang='lat' dir='ltr'>dn</span> 
     </span>
    </p>

    <p class='ocr_par' dir='ltr' id='par_1_13' title="bbox 406 2800 698 2838">
     <span class='ocr_line' id='line_1_102' title="bbox 406 2800 698 2838; baseline -0.003 -9"><span class='ocrx_word' id='word_1_611' title='bbox 406 2802 482 2834; x_wconf 55' lang='grc' dir='ltr'><strong>Βιόξιν</strong></span> <span class='ocrx_word' id='word_1_612' title='bbox 498 2800 588 2838; x_wconf 57' lang='grc' dir='ltr'><em>ιὶΙο-ημθν</em></span> <span class='ocrx_word' id='word_1_613' title='bbox 604 2802 680 2829; x_wconf 60' lang='grc' dir='ltr'>’ἕλκειν</span> <span class='ocrx_word' id='word_1_614' title='bbox 690 2821 698 2833; x_wconf 83' lang='grc'><em>,</em></span> 
     </span>
    </p>

    <p class='ocr_par' dir='ltr' id='par_1_14' title="bbox 405 2838 826 3037">
     <span class='ocr_line' id='line_1_103' title="bbox 406 2838 750 2877; baseline -0.009 -7"><span class='ocrx_word' id='word_1_615' title='bbox 406 2841 449 2870; x_wconf 65' lang='lat' dir='ltr'>Ta*</span> <span class='ocrx_word' id='word_1_616' title='bbox 465 2843 508 2877; x_wconf 70' lang='grc' dir='ltr'>μὲν</span> <span class='ocrx_word' id='word_1_617' title='bbox 523 2843 553 2871; x_wconf 71' lang='grc' dir='ltr'>εἷς</span> <span class='ocrx_word' id='word_1_618' title='bbox 569 2839 640 2872; x_wconf 56' lang='grc' dir='ltr'>οἷ’λιὶκκς</span> <span class='ocrx_word' id='word_1_619' title='bbox 660 2838 750 2876; x_wconf 61' lang='grc' dir='ltr'>οἷ’σημρι</span> 
     </span>
     <span class='ocr_line' id='line_1_104' title="bbox 406 2879 757 2915; baseline 0 -6"><span class='ocrx_word' id='word_1_620' title='bbox 406 2881 448 2910; x_wconf 59' lang='grc' dir='ltr'>Τι’</span> <span class='ocrx_word' id='word_1_621' title='bbox 463 2881 490 2910; x_wconf 56' lang='grc' dir='ltr'><em>δέ</em></span> <span class='ocrx_word' id='word_1_622' title='bbox 506 2880 567 2915; x_wconf 59' lang='grc' dir='ltr'>σσεές</span> <span class='ocrx_word' id='word_1_623' title='bbox 582 2884 640 2909; x_wconf 72' lang='grc' dir='ltr'><strong><em>Θεὶιν</em></strong></span> <span class='ocrx_word' id='word_1_624' title='bbox 657 2879 734 2909; x_wconf 54' lang='lat' dir='ltr'>&amp;Ji-mc</span> <span class='ocrx_word' id='word_1_625' title='bbox 750 2901 757 2912; x_wconf 82' lang='lat'>,</span> 
     </span>
     <span class='ocr_line' id='line_1_105' title="bbox 405 2919 780 2960; baseline -0.005 -10"><span class='ocrx_word' id='word_1_626' title='bbox 405 2923 438 2950; x_wconf 79' lang='lat' dir='ltr'>‘ri</span> <span class='ocrx_word' id='word_1_627' title='bbox 453 2923 467 2960; x_wconf 72' lang='grc'>’5</span> <span class='ocrx_word' id='word_1_628' title='bbox 485 2921 573 2956; x_wconf 37' lang='grc' dir='ltr'>ἀλκά,</span> <span class='ocrx_word' id='word_1_629' title='bbox 593 2920 613 2949; x_wconf 73' lang='grc' dir='ltr'>τί</span> <span class='ocrx_word' id='word_1_630' title='bbox 631 2922 645 2959; x_wconf 76' lang='grc'><strong><em>5</em></strong></span> <span class='ocrx_word' id='word_1_631' title='bbox 665 2919 780 2955; x_wconf 54' lang='grc' dir='ltr'>ιμ’ἡλεῷυ,</span> 
     </span>
     <span class='ocr_line' id='line_1_106' title="bbox 406 2959 826 3000; baseline -0.007 -10"><span class='ocrx_word' id='word_1_632' title='bbox 406 2963 439 2990; x_wconf 77' lang='lat' dir='ltr'>Ti</span> <span class='ocrx_word' id='word_1_633' title='bbox 454 2961 480 2990; x_wconf 56' lang='grc' dir='ltr'>δῖ</span> <span class='ocrx_word' id='word_1_634' title='bbox 499 2960 607 3000; x_wconf 57' lang='grc' dir='ltr'>χξυσὲς,</span> <span class='ocrx_word' id='word_1_635' title='bbox 635 2961 662 2988; x_wconf 72' lang='grc' dir='ltr'>τί</span> <span class='ocrx_word' id='word_1_636' title='bbox 683 2959 710 2989; x_wconf 55' lang='grc' dir='ltr'>δὲ</span> <span class='ocrx_word' id='word_1_637' title='bbox 729 2960 826 2997; x_wconf 48' lang='lat' dir='ltr'>(pand,</span> 
     </span>
     <span class='ocr_line' id='line_1_107' title="bbox 407 3000 676 3037; baseline -0.004 -8"><span class='ocrx_word' id='word_1_638' title='bbox 407 3002 534 3030; x_wconf 61' lang='grc' dir='ltr'>Βασιλεωλ</span> <span class='ocrx_word' id='word_1_639' title='bbox 550 3015 573 3028; x_wconf 76' lang='grc' dir='ltr'>π</span> <span class='ocrx_word' id='word_1_640' title='bbox 591 3000 676 3037; x_wconf 55' lang='lat' dir='ltr'>apta),</span> 
     </span>
    </p>

    <p class='ocr_par' dir='ltr' id='par_1_15' title="bbox 406 3041 771 3078">
     <span class='ocr_line' id='line_1_108' title="bbox 406 3041 771 3078; baseline -0.003 -10"><span class='ocrx_word' id='word_1_641' title='bbox 406 3041 484 3078; x_wconf 52' lang='grc' dir='ltr'><em>Πκρρὶ</em></span> <span class='ocrx_word' id='word_1_642' title='bbox 502 3041 547 3072; x_wconf 58' lang='grc' dir='ltr'>ταὶ</span> <span class='ocrx_word' id='word_1_643' title='bbox 566 3045 618 3070; x_wconf 65' lang='grc' dir='ltr'>Θεέ</span> <span class='ocrx_word' id='word_1_644' title='bbox 631 3041 771 3077; x_wconf 36' lang='lat' dir='ltr'>,atetlanum</span> 
     </span>
    </p>
   </div>
   <div class='ocr_carea' id='block_1_10' title="bbox 1125 2397 1670 3065">
    <p class='ocr_par' dir='ltr' id='par_1_16' title="bbox 1126 2397 1495 2436">
     <span class='ocr_line' id='line_1_109' title="bbox 1126 2397 1495 2436; baseline -0.005 -10"><span class='ocrx_word' id='word_1_645' title='bbox 1126 2399 1200 2427; x_wconf 80' lang='lat' dir='ltr'>Alius</span> <span class='ocrx_word' id='word_1_646' title='bbox 1217 2408 1303 2436; x_wconf 85' lang='lat' dir='ltr'>equos</span> <span class='ocrx_word' id='word_1_647' title='bbox 1319 2397 1380 2425; x_wconf 71' lang='lat' dir='ltr'>scite</span> <span class='ocrx_word' id='word_1_648' title='bbox 1397 2400 1495 2436; x_wconf 78' lang='lat' dir='ltr'>agitet,</span> 
     </span>
    </p>

    <p class='ocr_par' dir='ltr' id='par_1_17' title="bbox 1125 2437 1503 2470">
     <span class='ocr_line' id='line_1_110' title="bbox 1125 2437 1503 2470; baseline -0.005 -4"><span class='ocrx_word' id='word_1_649' title='bbox 1125 2439 1199 2466; x_wconf 83' lang='lat' dir='ltr'>Alius</span> <span class='ocrx_word' id='word_1_650' title='bbox 1211 2447 1298 2466; x_wconf 84' lang='lat' dir='ltr'>arcum</span> <span class='ocrx_word' id='word_1_651' title='bbox 1314 2437 1382 2464; x_wconf 70' lang='lat' dir='ltr'>bene</span> <span class='ocrx_word' id='word_1_652' title='bbox 1398 2437 1486 2464; x_wconf 84' lang='lat' dir='ltr'>tendat</span> <span class='ocrx_word' id='word_1_653' title='bbox 1496 2458 1503 2470; x_wconf 80' lang='grc'>,</span> 
     </span>
    </p>

    <p class='ocr_par' dir='ltr' id='par_1_18' title="bbox 1127 2476 1459 2506">
     <span class='ocr_line' id='line_1_111' title="bbox 1127 2476 1459 2506; baseline -0.006 0"><span class='ocrx_word' id='word_1_654' title='bbox 1127 2478 1202 2506; x_wconf 79' lang='lat' dir='ltr'>Alius</span> <span class='ocrx_word' id='word_1_655' title='bbox 1213 2487 1317 2506; x_wconf 82' lang='lat' dir='ltr'>acervos</span> <span class='ocrx_word' id='word_1_656' title='bbox 1332 2476 1459 2505; x_wconf 77' lang='lat' dir='ltr'>custodiat</span> 
     </span>
    </p>

    <p class='ocr_par' dir='ltr' id='par_1_19' title="bbox 1126 2517 1478 2555">
     <span class='ocr_line' id='line_1_112' title="bbox 1126 2517 1478 2555; baseline -0.006 -9"><span class='ocrx_word' id='word_1_657' title='bbox 1126 2519 1217 2555; x_wconf 73' lang='lat' dir='ltr'>opum</span> <span class='ocrx_word' id='word_1_658' title='bbox 1226 2538 1234 2551; x_wconf 94' lang='lat'>,</span> <span class='ocrx_word' id='word_1_659' title='bbox 1255 2527 1346 2545; x_wconf 87' lang='lat' dir='ltr'>aureas</span> <span class='ocrx_word' id='word_1_660' title='bbox 1357 2517 1456 2545; x_wconf 83' lang='lat' dir='ltr'>divitias</span> <span class='ocrx_word' id='word_1_661' title='bbox 1471 2537 1478 2549; x_wconf 96' lang='lat'>,</span> 
     </span>
    </p>

    <p class='ocr_par' dir='ltr' id='par_1_20' title="bbox 1125 2555 1544 2625">
     <span class='ocr_line' id='line_1_113' title="bbox 1125 2555 1544 2593; baseline -0.005 -8"><span class='ocrx_word' id='word_1_662' title='bbox 1125 2558 1179 2586; x_wconf 82' lang='lat' dir='ltr'>Alii</span> <span class='ocrx_word' id='word_1_663' title='bbox 1193 2568 1255 2585; x_wconf 87' lang='lat' dir='ltr'>vero</span> <span class='ocrx_word' id='word_1_664' title='bbox 1277 2556 1337 2593; x_wconf 78' lang='lat' dir='ltr'>(fit)</span> <span class='ocrx_word' id='word_1_665' title='bbox 1354 2555 1434 2584; x_wconf 84' lang='lat' dir='ltr'>decus</span> <span class='ocrx_word' id='word_1_666' title='bbox 1448 2566 1526 2584; x_wconf 86' lang='lat' dir='ltr'>coma</span> <span class='ocrx_word' id='word_1_667' title='bbox 1536 2577 1544 2589; x_wconf 91' lang='lat'>,</span> 
     </span>
     <span class='ocr_line' id='line_1_114' title="bbox 1126 2595 1423 2625; baseline -0.007 0"><span class='ocrx_word' id='word_1_668' title='bbox 1126 2595 1244 2625; x_wconf 82' lang='lat' dir='ltr'>Demissa</span> <span class='ocrx_word' id='word_1_669' title='bbox 1264 2597 1423 2624; x_wconf 81' lang='lat' dir='ltr'>cervicibus:</span> 
     </span>
    </p>

    <p class='ocr_par' dir='ltr' id='par_1_21' title="bbox 1129 2635 1534 2665">
     <span class='ocr_line' id='line_1_115' title="bbox 1129 2635 1534 2665; baseline -0.005 0"><span class='ocrx_word' id='word_1_670' title='bbox 1129 2637 1249 2665; x_wconf 85' lang='lat' dir='ltr'>Celebris</span> <span class='ocrx_word' id='word_1_671' title='bbox 1264 2635 1410 2664; x_wconf 66' lang='lat' dir='ltr'>admodum</span> <span class='ocrx_word' id='word_1_672' title='bbox 1427 2637 1490 2663; x_wconf 82' lang='lat' dir='ltr'>alius</span> <span class='ocrx_word' id='word_1_673' title='bbox 1507 2635 1534 2663; x_wconf 78' lang='lat' dir='ltr'>sit</span> 
     </span>
    </p>

    <p class='ocr_par' dir='ltr' id='par_1_22' title="bbox 1130 2676 1540 2716">
     <span class='ocr_line' id='line_1_116' title="bbox 1130 2676 1540 2716; baseline -0.007 -10"><span class='ocrx_word' id='word_1_674' title='bbox 1130 2677 1208 2716; x_wconf 80' lang='lat' dir='ltr'>Apud</span> <span class='ocrx_word' id='word_1_675' title='bbox 1219 2679 1342 2715; x_wconf 87' lang='lat' dir='ltr'>juvenes,</span> <span class='ocrx_word' id='word_1_676' title='bbox 1363 2676 1431 2714; x_wconf 86' lang='lat' dir='ltr'>apud</span> <span class='ocrx_word' id='word_1_677' title='bbox 1445 2677 1540 2713; x_wconf 71' lang='lat' dir='ltr'>puellas</span> 
     </span>
    </p>

    <p class='ocr_par' dir='ltr' id='par_1_23' title="bbox 1129 2716 1460 2747">
     <span class='ocr_line' id='line_1_117' title="bbox 1129 2716 1460 2747; baseline -0.006 -1"><span class='ocrx_word' id='word_1_678' title='bbox 1129 2719 1232 2746; x_wconf 86' lang='lat' dir='ltr'>Nitenti</span> <span class='ocrx_word' id='word_1_679' title='bbox 1246 2717 1341 2745; x_wconf 79' lang='lat' dir='ltr'>decore</span> <span class='ocrx_word' id='word_1_680' title='bbox 1356 2716 1442 2745; x_wconf 71' lang='lat' dir='ltr'>vultus</span> <span class='ocrx_word' id='word_1_681' title='bbox 1453 2735 1460 2747; x_wconf 85' lang='lat'>‚</span> 
     </span>
    </p>

    <p class='ocr_par' dir='ltr' id='par_1_24' title="bbox 1133 2756 1512 2794">
     <span class='ocr_line' id='line_1_118' title="bbox 1133 2756 1512 2794; baseline -0.011 -8"><span class='ocrx_word' id='word_1_682' title='bbox 1133 2761 1169 2786; x_wconf 79' lang='lat' dir='ltr'>At</span> <span class='ocrx_word' id='word_1_683' title='bbox 1182 2756 1246 2785; x_wconf 86' lang='lat' dir='ltr'>mihi</span> <span class='ocrx_word' id='word_1_684' title='bbox 1260 2756 1425 2794; x_wconf 86' lang='lat' dir='ltr'>tranquillam</span> <span class='ocrx_word' id='word_1_685' title='bbox 1438 2756 1512 2783; x_wconf 84' lang='lat' dir='ltr'>liceat</span> 
     </span>
    </p>

    <p class='ocr_par' dir='ltr' id='par_1_25' title="bbox 1127 2796 1466 2837">
     <span class='ocr_line' id='line_1_119' title="bbox 1127 2796 1466 2837; baseline -0.009 -11"><span class='ocrx_word' id='word_1_686' title='bbox 1127 2800 1215 2826; x_wconf 87' lang='lat' dir='ltr'>Vitam</span> <span class='ocrx_word' id='word_1_687' title='bbox 1230 2799 1348 2837; x_wconf 79' lang='lat' dir='ltr'>ignotam</span> <span class='ocrx_word' id='word_1_688' title='bbox 1362 2796 1466 2827; x_wconf 83' lang='lat' dir='ltr'>ducere,</span> 
     </span>
    </p>

    <p class='ocr_par' dir='ltr' id='par_1_26' title="bbox 1129 2838 1506 2876">
     <span class='ocr_line' id='line_1_120' title="bbox 1129 2838 1506 2876; baseline -0.008 -11"><span class='ocrx_word' id='word_1_689' title='bbox 1129 2839 1237 2865; x_wconf 81' lang='lat' dir='ltr'>Caetetis</span> <span class='ocrx_word' id='word_1_690' title='bbox 1253 2838 1361 2876; x_wconf 85' lang='lat' dir='ltr'>quidem</span> <span class='ocrx_word' id='word_1_691' title='bbox 1376 2839 1506 2876; x_wconf 82' lang='lat' dir='ltr'>ignotam,</span> 
     </span>
    </p>

    <p class='ocr_par' dir='ltr' id='par_1_27' title="bbox 1128 2878 1411 2905">
     <span class='ocr_line' id='line_1_121' title="bbox 1128 2878 1411 2905; baseline -0.007 0"><span class='ocrx_word' id='word_1_692' title='bbox 1128 2878 1192 2905; x_wconf 88' lang='lat' dir='ltr'>Deo</span> <span class='ocrx_word' id='word_1_693' title='bbox 1208 2886 1296 2905; x_wconf 88' lang='lat' dir='ltr'>autem</span> <span class='ocrx_word' id='word_1_694' title='bbox 1311 2885 1411 2904; x_wconf 81' lang='lat' dir='ltr'>notam.</span> 
     </span>
    </p>

    <p class='ocr_par' dir='ltr' id='par_1_28' title="bbox 1129 2913 1670 3035">
     <span class='ocr_line' id='line_1_122' title="bbox 1129 2913 1667 2956; baseline -0.007 -11"><span class='ocrx_word' id='word_1_695' title='bbox 1129 2915 1207 2956; x_wconf 85' lang='lat' dir='ltr'>Qid</span> <span class='ocrx_word' id='word_1_696' title='bbox 1222 2919 1292 2944; x_wconf 88' lang='lat' dir='ltr'>enim</span> <span class='ocrx_word' id='word_1_697' title='bbox 1307 2919 1389 2949; x_wconf 59' lang='lat' dir='ltr'>virm,</span> <span class='ocrx_word' id='word_1_698' title='bbox 1410 2915 1475 2953; x_wconf 86' lang='lat' dir='ltr'>quid</span> <span class='ocrx_word' id='word_1_699' title='bbox 1488 2913 1549 2942; x_wconf 75' lang='lat' dir='ltr'>vero</span> <span class='ocrx_word' id='word_1_700' title='bbox 1565 2913 1649 2942; x_wconf 74' lang='lat' dir='ltr'>forma</span> <span class='ocrx_word' id='word_1_701' title='bbox 1660 2936 1667 2948; x_wconf 82' lang='lat'><em>‚</em></span> 
     </span>
     <span class='ocr_line' id='line_1_123' title="bbox 1130 2953 1670 2998; baseline -0.004 -13"><span class='ocrx_word' id='word_1_702' title='bbox 1130 2957 1208 2998; x_wconf 81' lang='lat' dir='ltr'>Qid</span> <span class='ocrx_word' id='word_1_703' title='bbox 1223 2955 1287 2984; x_wconf 74' lang='lat' dir='ltr'>veto</span> <span class='ocrx_word' id='word_1_704' title='bbox 1301 2966 1392 2984; x_wconf 84' lang='lat' dir='ltr'>aurum</span> <span class='ocrx_word' id='word_1_705' title='bbox 1404 2975 1411 2988; x_wconf 87' lang='lat'>,</span> <span class='ocrx_word' id='word_1_706' title='bbox 1432 2954 1495 2993; x_wconf 86' lang='lat' dir='ltr'>quid</span> <span class='ocrx_word' id='word_1_707' title='bbox 1509 2953 1569 2982; x_wconf 71' lang='lat' dir='ltr'>vero</span> <span class='ocrx_word' id='word_1_708' title='bbox 1586 2953 1670 2989; x_wconf 81' lang='lat' dir='ltr'>fama,</span> 
     </span>
     <span class='ocr_line' id='line_1_124' title="bbox 1138 2996 1415 3035; baseline -0.007 -10"><span class='ocrx_word' id='word_1_709' title='bbox 1138 2998 1268 3035; x_wconf 79' lang='lat' dir='ltr'>Regiique</span> <span class='ocrx_word' id='word_1_710' title='bbox 1281 2996 1415 3027; x_wconf 85' lang='lat' dir='ltr'>honores,</span> 
     </span>
    </p>

    <p class='ocr_par' dir='ltr' id='par_1_29' title="bbox 1130 3034 1635 3065">
     <span class='ocr_line' id='line_1_125' title="bbox 1130 3034 1635 3065; baseline -0.006 0"><span class='ocrx_word' id='word_1_711' title='bbox 1130 3040 1156 3065; x_wconf 85' lang='lat' dir='ltr'>Si</span> <span class='ocrx_word' id='word_1_712' title='bbox 1174 3035 1338 3064; x_wconf 83' lang='lat' dir='ltr'>conferantur</span> <span class='ocrx_word' id='word_1_713' title='bbox 1352 3045 1411 3063; x_wconf 90' lang='lat' dir='ltr'>cum</span> <span class='ocrx_word' id='word_1_714' title='bbox 1426 3036 1492 3062; x_wconf 69' lang='lat' dir='ltr'>cuns</span> <span class='ocrx_word' id='word_1_715' title='bbox 1507 3034 1540 3062; x_wconf 86' lang='lat' dir='ltr'>de</span> <span class='ocrx_word' id='word_1_716' title='bbox 1555 3034 1635 3062; x_wconf 79' lang='lat' dir='ltr'>Deo?</span> 
     </span>
    </p>
   </div>
   <div class='ocr_carea' id='block_1_11' title="bbox 241 3107 1796 3262">
    <p class='ocr_par' dir='ltr' id='par_1_30' title="bbox 241 3107 1796 3262">
     <span class='ocr_line' id='line_1_126' title="bbox 282 3107 1793 3154; baseline -0.007 -5"><span class='ocrx_word' id='word_1_717' title='bbox 282 3115 422 3149; x_wconf 86' lang='lat' dir='ltr'>Nuatum</span> <span class='ocrx_word' id='word_1_718' title='bbox 429 3113 492 3148; x_wconf 89' lang='lat' dir='ltr'>hoc</span> <span class='ocrx_word' id='word_1_719' title='bbox 500 3112 680 3148; x_wconf 86' lang='lat' dir='ltr'>desiderium</span> <span class='ocrx_word' id='word_1_720' title='bbox 692 3111 775 3150; x_wconf 71' lang='grc' dir='ltr'><em>οἷοῆμε</em></span> <span class='ocrx_word' id='word_1_721' title='bbox 785 3114 804 3141; x_wconf 69' lang='grc' dir='ltr'>(ἒ</span> <span class='ocrx_word' id='word_1_722' title='bbox 815 3109 942 3147; x_wconf 58' lang='grc' dir='ltr'>ἅψοφῆτϋ</span> <span class='ocrx_word' id='word_1_723' title='bbox 955 3113 1001 3145; x_wconf 57' lang='grc' dir='ltr'>βία</span> <span class='ocrx_word' id='word_1_724' title='bbox 1041 3109 1164 3145; x_wconf 88' lang='lat' dir='ltr'>tandem</span> <span class='ocrx_word' id='word_1_725' title='bbox 1173 3107 1297 3144; x_wconf 82' lang='lat' dir='ltr'>sentiam</span> <span class='ocrx_word' id='word_1_726' title='bbox 1310 3133 1320 3146; x_wconf 88' lang='lat'>,</span> <span class='ocrx_word' id='word_1_727' title='bbox 1345 3107 1543 3142; x_wconf 84' lang='lat' dir='ltr'>adamantinis</span> <span class='ocrx_word' id='word_1_728' title='bbox 1556 3108 1654 3154; x_wconf 73' lang='lat' dir='ltr'>prop‘e</span> <span class='ocrx_word' id='word_1_729' title='bbox 1667 3107 1793 3149; x_wconf 77' lang='lat' dir='ltr'>catenis,</span> 
     </span>
     <span class='ocr_line' id='line_1_127' title="bbox 285 3156 1795 3207; baseline -0.003 -9"><span class='ocrx_word' id='word_1_730' title='bbox 285 3163 392 3198; x_wconf 88' lang='lat' dir='ltr'>trabali</span> <span class='ocrx_word' id='word_1_731' title='bbox 404 3164 489 3197; x_wconf 88' lang='lat' dir='ltr'>clavo</span> <span class='ocrx_word' id='word_1_732' title='bbox 503 3175 577 3196; x_wconf 85' lang='lat' dir='ltr'>meae</span> <span class='ocrx_word' id='word_1_733' title='bbox 591 3162 707 3197; x_wconf 84' lang='lat' dir='ltr'>meruti</span> <span class='ocrx_word' id='word_1_734' title='bbox 721 3158 874 3207; x_wconf 86' lang='lat' dir='ltr'>affigebat.</span> <span class='ocrx_word' id='word_1_735' title='bbox 892 3161 998 3207; x_wconf 82' lang='lat' dir='ltr'>Qan·</span> <span class='ocrx_word' id='word_1_736' title='bbox 1041 3171 1095 3206; x_wconf 90' lang='lat' dir='ltr'>per</span> <span class='ocrx_word' id='word_1_737' title='bbox 1108 3159 1219 3194; x_wconf 90' lang='lat' dir='ltr'>vestras</span> <span class='ocrx_word' id='word_1_738' title='bbox 1232 3159 1440 3205; x_wconf 87' lang='lat' dir='ltr'>importunas,</span> <span class='ocrx_word' id='word_1_739' title='bbox 1456 3170 1520 3191; x_wconf 88' lang='lat' dir='ltr'>non</span> <span class='ocrx_word' id='word_1_740' title='bbox 1532 3156 1631 3191; x_wconf 88' lang='lat' dir='ltr'>dicam</span> <span class='ocrx_word' id='word_1_741' title='bbox 1641 3183 1650 3197; x_wconf 94' lang='lat'>‚</span> <span class='ocrx_word' id='word_1_742' title='bbox 1671 3169 1700 3192; x_wconf 89' lang='lat' dir='ltr'>at</span> <span class='ocrx_word' id='word_1_743' title='bbox 1713 3159 1795 3193; x_wconf 64' lang='lat' dir='ltr'>certe</span> 
     </span>
     <span class='ocr_line' id='line_1_128' title="bbox 241 3206 1796 3262; baseline -0.007 -13"><span class='ocrx_word' id='word_1_744' title='bbox 241 3227 335 3262; x_wconf 87' lang='lat' dir='ltr'>quam</span> <span class='ocrx_word' id='word_1_745' title='bbox 349 3213 380 3248; x_wconf 90' lang='lat' dir='ltr'>in</span> <span class='ocrx_word' id='word_1_746' title='bbox 392 3211 549 3261; x_wconf 67' lang='lat' dir='ltr'>praesentia</span> <span class='ocrx_word' id='word_1_747' title='bbox 563 3211 695 3247; x_wconf 85' lang='lat' dir='ltr'>laxatum</span> <span class='ocrx_word' id='word_1_748' title='bbox 712 3222 779 3250; x_wconf 88' lang='lat' dir='ltr'>me,</span> <span class='ocrx_word' id='word_1_749' title='bbox 803 3207 1000 3256; x_wconf 89' lang='lat' dir='ltr'>solutumque</span> <span class='ocrx_word' id='word_1_750' title='bbox 1040 3206 1218 3257; x_wconf 86' lang='lat' dir='ltr'>frequentes</span> <span class='ocrx_word' id='word_1_751' title='bbox 1229 3232 1238 3247; x_wconf 88' lang='lat'>‚</span> <span class='ocrx_word' id='word_1_752' title='bbox 1262 3213 1295 3244; x_wconf 85' lang='lat'>&amp;</span> <span class='ocrx_word' id='word_1_753' title='bbox 1313 3206 1509 3245; x_wconf 89' lang='lat' dir='ltr'>vehementes</span> <span class='ocrx_word' id='word_1_754' title='bbox 1522 3206 1609 3243; x_wconf 68' lang='lat' dir='ltr'>vald‘e</span> <span class='ocrx_word' id='word_1_755' title='bbox 1623 3207 1796 3253; x_wconf 85' lang='lat' dir='ltr'>interpella-</span> 
     </span>
    </p>
   </div>
   <div class='ocr_carea' id='block_1_12' title="bbox 1385 3258 1795 3294">
    <p class='ocr_par' dir='ltr' id='par_1_31' title="bbox 1385 3258 1795 3294">
     <span class='ocr_line' id='line_1_129' title="bbox 1385 3258 1795 3294; baseline -0.005 -3"><span class='ocrx_word' id='word_1_756' title='bbox 1385 3258 1415 3291; x_wconf 89' lang='grc' dir='ltr'><em>Ο</em></span> <span class='ocrx_word' id='word_1_757' title='bbox 1426 3270 1441 3289; x_wconf 81' lang='grc' dir='ltr'>ι·</span> <span class='ocrx_word' id='word_1_758' title='bbox 1681 3267 1795 3294; x_wconf 66' lang='lat' dir='ltr'>tiones,</span> 
     </span>
    </p>
   </div>
  </div>
 </body>
</html>
