2048 3343
142 474 228 511 'asepffi

139 517 234 548 fabule.

116 2156 247 2191 Inftnten-

116 2196 153 2223 1ἰᾶ
165 2207 229 2224 ωηι-

117 2239 184 2264 muni
194 2236 255 2273 defi-

116 2276 233 2306 deramm.

295 163 372 193 282
648 151 964 188 OPERIS

286 237 417 261 centum
437 225 553 274 viginti
573 224 702 258 cubitos
720 228 751 259 &
772 234 906 258 centum
919 221 1020 257 latum
1035 249 1042 261 ‚

290 289 357 310 uon
386 275 511 322 possum
539 272 653 322 loftpho
670 274 726 308 etsi
748 274 882 307 oculato
907 273 979 307 testi
1005 270 1043 305 fi-

291 325 366 359 dem
377 325 556 359 adhibere:
580 325 726 370 inprimis
743 322 818 357 cum
839 323 960 356 ibidem
971 321 1045 356 affe-

293 386 381 409 veret
393 402 401 414 ,
427 387 464 408 ex
477 374 587 421 templi
607 373 780 408 altitudine
798 371 857 406 suis
869 372 984 407 diebus
997 373 1044 405 vi-

295 425 378 471 ginti
400 435 489 457 totos
512 423 645 458 cubitos
670 420 855 458 subsedisse,
880 420 1046 456 manifesta

295 473 413 507 fabula.
440 474 525 508 Nam
539 475 617 507 utin
631 474 725 506 annis
737 474 845 518 paucis
854 474 910 519 qui
926 471 967 505 ab
978 473 1046 504 He-

293 522 359 556 rode
371 525 487 573 Alagma
498 524 536 557 ad
549 521 657 570 losephi
677 521 927 556 adolescentiam
945 518 1047 552 fluxe-

294 583 386 612 runt,
402 573 520 606 domus
533 573 598 607 haec
614 574 647 606 in
661 585 736 619 rupe
748 569 838 605 firma
854 569 986 603 fundata
998 577 1046 600 tot

294 621 426 656 cubitos
453 621 623 656 subsideret
640 646 649 662 ‚
676 622 749 668 quis
776 618 884 652 credat
905 621 918 650 ?
954 617 1045 650 Cum

293 668 456 718 templum
472 671 630 706 Solomonis
640 668 796 703 omnibus
817 666 938 713 quibus
959 666 1046 700 stetit

292 723 405 755 ieculis
419 723 466 755 vel
477 734 579 756 unum
592 714 910 762 subsedissepalmum
919 729 988 750 non
1000 717 1046 749 le-

294 782 421 818 gamus.
818 813 821 816 Α
1039 814 1045 820 .

341 816 487 864 Qinto.
514 816 719 849 Adveniente
730 812 839 862 Λίιβιιῖ
848 813 1046 860 ajuntJudaei

292 881 409 904 omnes
430 863 463 901 in
483 877 557 899 toto
576 865 655 899 orbe
676 863 828 898 Israelitis
850 866 883 898 in
898 864 1046 898 Sanftam

293 920 430 951 Terram
443 913 656 949 confluxuros
669 940 678 953 ‚
699 918 727 947 ἃ
743 916 842 949 sortes
855 913 895 948 ab
906 910 1048 953 Ezekiele

292 965 463 1012 descriptas
476 975 694 1012 occupaturos
712 976 720 997 ε
737 964 800 998 boc
813 975 919 997 autem
932 963 1046 1014 stanti-

292 1016 351 1050 bus
373 1014 522 1056 Ezekt'elis
533 1013 689 1048 mensuris
701 1038 710 1054 ,
736 1026 840 1062 neque
856 1015 975 1047 rationi
990 1026 1045 1047 ne—

290 1079 353 1112 que
369 1063 442 1099 fidei
464 1062 716 1098 consentaneum
735 1063 791 1098 est.
831 1064 915 1098 Nam
928 1089 936 1102 ‚
952 1074 987 1097 ut
1001 1063 1050 1096 su-

290 1114 344 1161 pra
356 1115 498 1154 dffitum,
526 1114 663 1148 extremi
684 1113 875 1154 Cliananaeae
895 1114 1047 1149 termini,

289 1163 328 1198 de
348 1164 466 1209 quibus
482 1162 626 1202 fulva,
655 1175 722 1197 non
745 1163 903 1197 excedunt
921 1163 1041 1196 limites

287 1207 438 1259 ari'tiquos
459 1213 665 1260 temporibus
690 1213 843 1251 Damam
871 1213 924 1259 qui
938 1212 975 1246 ad
988 1213 1045 1245 Se-

287 1264 513 1309 ptentrionem
529 1262 617 1296 fuere
631 1261 790 1308 Damascus
800 1290 806 1301 ,
817 1261 855 1296 ad
868 1262 1042 1296 Meridiem

285 1311 472 1351 Rmocolura,
488 1312 526 1346 ad
541 1313 714 1345 Orientem
729 1312 877 1351 Iordanes,
888 1311 926 1344 acl
937 1312 1043 1344 Occa-

285 1360 353 1394 suni
373 1364 468 1395 Mare
486 1360 754 1396 Mediterraneum.
785 1362 832 1394 Hi
859 1358 937 1395 vero
962 1358 1043 1394 fines

288 1410 466 1445 Iudaeorum
489 1413 522 1445 in
545 1411 638 1444 terris
657 1412 755 1444 etiam
774 1409 871 1444 bodie
884 1420 1040 1444 notorum

288 1461 338 1493 vei
359 1459 492 1494 decimae
511 1462 592 1507 parti
612 1459 851 1494 habitationem
864 1473 931 1494 non
949 1459 1039 1493 exhi-

287 1508 413 1542 berent.
450 1512 561 1557 Itaque
573 1508 746 1550 Ezekielde
765 1509 827 1544 lioc
837 1508 1042 1558 supposititio

283 1557 468 1592 Iudaeorum
481 1558 561 1592 statu
574 1571 640 1593 non
652 1560 812 1605 loquitur.

329 1609 483 1656 Denique
498 1608 745 1654 Pftudo-Messias
764 1608 952 1654 expeffitatus
963 1606 979 1642 a
991 1610 1040 1642 Iu-

280 1654 354 1690 daeis
364 1655 625 1704 opulentissimus
638 1656 852 1705 supponitur,
871 1661 903 1691 &
917 1656 1036 1692 floren·

279 1705 416 1740 tiffimus
430 1708 582 1755 Princeps
592 1706 840 1756 ‚quilatissimos
849 1719 885 1741 ex
897 1705 951 1741 suo
966 1705 1036 1741 abs-

279 1768 341 1802 que
359 1755 423 1790 ullzi
435 1769 473 1790 ex
491 1758 596 1792 alieno
613 1755 724 1805 rapiti&⁴
735 1755 856 1791 fundos
877 1755 1037 1804 possidet:

281 1808 381 1853 Atqui
400 1807 541 1854 Principi
566 1808 604 1842 dc
628 1820 695 1855 quo
714 1805 843 1847 Ezekiel
865 1804 1035 1841 latifundia

278 1853 352 1888 sunt
363 1855 542 1890 admodum
553 1857 686 1905 angusta
696 1881 703 1892 ,
730 1867 764 1890 ut
777 1856 808 1890 su
816 1855 867 1903 pra
879 1856 1035 1903 probavi-

279 1906 408 1944 mus32ei
420 1906 506 1938 enim
518 1908 566 1939 vel
578 1908 616 1940 ad
630 1906 806 1941 Meridiem
818 1906 868 1940 vel
880 1906 917 1940 ad
929 1907 955 1939 A
984 1909 1034 1944 ui-

276 1950 389 1987 lonem
404 1953 484 1987 nihil
501 1979 509 1993 ‚
537 1958 568 1988 δι
585 1955 623 1988 ad
635 1956 810 1989 Orientem
824 1959 853 1989 ὅ(
869 1919 1033 1990 Οεεαῗὶιιῃ

275 2001 456 2036 admodum
469 2015 581 2048 parum
593 2002 732 2051 superest
744 2029 753 2045 ‚
767 2004 786 2039 si
797 2007 954 2040 terminos
970 2017 1034 2042 ter-

275 2063 313 2085 rae
324 2051 366 2086 ab
379 2050 521 2093 Ezektele
537 2052 713 2101 descriptos
730 2067 797 2089 non
809 2055 910 2103 longe
923 2057 1035 2093 transi·

276 2100 340 2135 lias.

324 2151 438 2185 Tertia
464 2150 620 2186 sententia
645 2151 688 2186 est
712 2155 903 2188 communis
933 2153 1032 2189 Chri-

277 2198 464 2238 stianorum,
481 2201 664 2244 Heronymi,
677 2203 816 2248 Gregorii,
826 2204 947 2247 Lyrani,
957 2204 1035 2239 Iunii

277 2251 311 2281 δέ
329 2247 408 2294 pene
418 2251 569 2283 omnium
590 2261 657 2284 tarn
671 2251 922 2286 Protcstantium
935 2252 1031 2298 quam

275 2295 524 2331 Pontificiorum
538 2322 547 2338 ‚
563 2300 618 2345 qui
631 2295 782 2337 Ezektelis
793 2298 858 2332 baec
869 2302 972 2344 capita
984 2302 1031 2332 in-

274 2345 449 2394 telligenda
467 2346 662 2381 arbitrantur
681 2346 814 2393 mystice
837 2347 877 2381 de
897 2346 1032 2382 Ecclefifi

272 2395 478 2441 temporibus
490 2395 561 2442 post
581 2392 734 2431 Chriflztm
756 2408 869 2431 natum
895 2396 931 2430 ad
944 2395 1030 2431 hunc

273 2445 372 2480 diem.
402 2446 536 2479 Summa
552 2444 650 2490 hujus
672 2444 833 2481 sententiae
852 2446 949 2481 nobis
960 2460 1029 2482 non

272 2492 420 2540 displicet
433 2520 442 2533 ,
462 2497 494 2529 in
505 2494 539 2529 exi
553 2505 660 2529 tamen
674 2494 754 2529 sicut
775 2494 792 2528 a
803 2497 960 2543 plerisque
972 2510 1028 2531 ex-

270 2545 416 2590 ponitur,
429 2545 512 2578 varia
523 2543 745 2578 desideramus.

318 2592 452 2627 Primo:
479 2593 548 2629 Ubi
562 2604 627 2627 tam
646 2595 769 2641 longa,
795 2603 861 2628 tam
883 2605 1028 2629 accurata

269 2646 298 2676 δι
313 2643 512 2688 particularis
525 2644 666 2677 narratio
677 2642 875 2677 liistoricaab
885 2644 1027 2686 Ezekiele

268 2692 463 2732 instituitur,
488 2704 556 2726 eam
579 2694 611 2725 in
634 2705 746 2738 puram
772 2703 885 2738 putam
905 2694 1026 2740 allego-

267 2743 344 2776 riam
364 2746 394 2776 &
414 2740 518 2776 sensus
540 2741 628 2775 mere
642 2741 798 2789 mysticos
814 2740 1025 2778 transmutare

267 2788 486 2825 duriusculum
500 2790 636 2825 videtur.

312 2840 472 2875 Secundo.
508 2839 621 2875 Sensus
634 2838 684 2874 hic
697 2838 819 2886 mystici
832 2838 929 2888 usque
940 2839 1022 2874 adeo

266 2891 463 2936 multiplices
477 2890 549 2924 sunt
560 2894 590 2923 δι
606 2891 701 2930 varii,
722 2888 828 2924 utfere
839 2888 956 2937 singuli
969 2893 1021 2924 In-

266 2947 415 2984 terpretes
434 2951 500 2973 tani
514 2940 640 2987 antiqui
653 2938 749 2987 quam
762 2940 840 2973 novi
860 2943 892 2973 &
906 2940 1021 2980 medii,

266 2987 434 3028 peculiares
449 2987 516 3023 suas
531 2988 860 3023 accommodationes
870 2987 1019 3027 habeant,

263 3034 421 3081 inquibus
433 3039 472 3072 ab
483 3040 552 3072 aliis
561 3038 717 3073 omnibus
729 3037 894 3072 differunt.

311 3085 441 3119 Tertio.
468 3088 596 3132 Mystici
616 3086 796 3123 multorum
813 3087 915 3122 sensus
927 3086 1019 3122 tama

264 3133 389 3166 ratione
403 3158 412 3172 ,
438 3135 547 3170 saltem
567 3138 607 3172 ab
627 3135 776 3178 Ezekielis
800 3148 910 3172 mente
922 3139 1018 3172 alieni

264 3181 430 3220 videntur,
445 3197 478 3216 ut
492 3188 598 3230 paucis
614 3188 755 3222 cordatis
766 3185 885 3234 possint
903 3188 1017 3234 proba-

261 3231 306 3272 ri·‚
336 3231 527 3275 Hieronymus
547 3237 692 3282 quinque
709 3237 838 3270 cubitos
847 3247 1014 3283 portarum

1068 1676 1071 1677 ν
1087 1656 1210 1702 Magna
1227 1654 1294 1691 haec
1306 1654 1458 1703 profcc‘to
1469 1655 1601 1691 audacia
1614 1681 1622 1694 ,
1637 1657 1658 1692 si
1669 1672 1737 1693 non
1747 1671 1843 1705 petu-

1022 150 1496 187 HisToR1cr

1090 220 1235 268 quinque
1246 217 1350 255 sensus
1367 231 1517 256 externos
1531 223 1601 257 vult
1613 223 1769 261 denotare
1780 250 1789 263 ‚
1813 231 1846 261 &

1093 272 1206 317 viginti
1219 272 1367 318 quinque
1380 269 1513 305 cubitos
1530 273 1728 310 calamorum
1740 275 1847 311 sensus

1092 319 1270 367 spirituales
1289 322 1453 368 corporeis
1465 322 1642 370 quintuplo
1651 325 1849 369 praestaiitio-

1093 382 1152 403 res.
1181 371 1330 416 Gregorius
1349 370 1466 417 probat
1482 374 1595 406 omnia
1622 373 1673 407 liic
1696 373 1848 416 Ezekielis

1094 419 1264 452 necessario
1295 418 1428 465 mystice
1449 424 1480 454 &
1500 419 1705 468 spiritualiter
1725 425 1851 458 intelli-

1092 467 1197 514 genda
1211 491 1220 506 ,
1241 481 1280 502 eo
1301 470 1389 515 quod
1401 471 1511 516 primae
1532 471 1595 506 istae
1613 471 1764 508 nicnsurae
1778 486 1849 520 cap.

1093 528 1150 558 40.
1171 523 1197 551 v.
1212 527 1242 562 5.
1265 516 1324 551 sint
1341 517 1528 565 simpliciter
1545 521 1777 566 impossibiles:
1804 523 1851 557 ibi

1094 566 1180 599 enim
1193 591 1202 605 ,
1215 568 1321 614 inquit
1331 592 1340 607 ‚
1353 570 1453 601 totius
1465 568 1594 603 aedificii
1607 571 1750 605 latitudo
1762 576 1792 606 δι
1803 570 1851 605 al-

1095 615 1200 649 titudo
1213 616 1329 650 dicitur
1347 619 1440 650 unius
1451 618 1578 652 tantum
1596 622 1731 656 calami,
1758 626 1788 655 &
1801 632 1854 656 ta-

1096 678 1173 699 men
1201 677 1370 712 portarum
1400 679 1435 700 ac
1452 669 1609 702 atriorum
1631 669 1854 706 dimensiones

1095 713 1247 748 dicuntur
1259 717 1438 750 multorum
1451 718 1650 752 calamorum
1662 743 1673 758 ‚
1700 719 1786 767 quasi
1798 731 1853 754 to-

1095 774 1163 797 tum
1173 763 1344 801 aedificium
1357 766 1609 801 continensillas
1621 779 1725 814 partes
1740 769 1850 804 multo

1094 810 1169 847 esset
1193 814 1356 861 angustius
1380 816 1473 849 variis
1492 829 1530 850 ex
1548 815 1678 851 suisillis
1690 820 1848 866 partibus.

1097 861 1196 895 Certe
1210 864 1335 909 Gregorii
1343 861 1519 899 reverentia
1530 869 1773 914 pauperrimum
1783 869 1847 905 hoc
1864 867 1987 905 ΗΜΘ·

1094 910 1139 945 est
1161 910 1342 959 sophisma5
1368 912 1539 948 aedificium
1554 919 1640 951 enim
1659 916 1705 952 ibi
1724 918 1765 952 ab
1778 922 1846 954 An·
1864 911 1941 939 mi&
1966 951 1981 958 ..

1094 959 1170 1008 gelo
1194 960 1415 996 mensuratum
1436 962 1480 995 est
1499 965 1664 1010 peribolus
1675 965 1725 1001 seu
1738 981 1847 1003 murus
1863 952 1980 1019 5:3⁰2„

1094 1012 1235 1045 extimus
1255 1035 1264 1048 ,
1289 1013 1346 1059 qui
1367 1010 1422 1045 etsi
1441 1012 1613 1047 latitudine
1630 1020 1661 1049 &
1678 1017 1943 1067 altitudinestem,
1957 1002 1991 1029 y-

1094 1063 1188 1095 unius
1198 1060 1327 1095 tantum
1338 1058 1414 1095 effer
1424 1063 1551 1102 calami,
1564 1063 1647 1098 bene
1657 1076 1765 1100 tamen
1778 1079 1848 1102 arn-

1094 1109 1161 1144 bire
1173 1113 1280 1157 potuit
1293 1112 1370 1145 atria
1391 1114 1421 1144 &
1435 1112 1517 1146 aedes
1528 1126 1601 1161 quae
1613 1116 1705 1149 variis
1721 1116 1849 1152 dimen-

1093 1160 1236 1194 sionibus
1248 1162 1353 1195 multa
1366 1162 1467 1195 millia
1481 1163 1681 1198 calamorum
1696 1167 1849 1201 contine-

1092 1209 1181 1244 bant.
1209 1210 1296 1245 Cum
1309 1211 1342 1244 in
1354 1212 1465 1245 limine
1474 1222 1537 1245 tam
1549 1212 1680 1248 absurde
1696 1217 1847 1263 Gregorius

1091 1256 1354 1306 cespiteuminus
1364 1262 1519 1295 miramur
1529 1275 1625 1310 quarn
1635 1266 1849 1311 plurimaejus

1089 1310 1122 1341 in
1144 1310 1306 1356 progressu
1334 1310 1477 1344 maxime
1503 1323 1654 1347 contorta
1670 1314 1849 1360 Mysterio-

1089 1370 1160 1391 rum
1173 1370 1375 1393 commenta.
1402 1359 1632 1396 Nihilominus
1643 1373 1748 1398 tamen
1759 1364 1850 1411 glos-

1088 1406 1119 1441 sa
1131 1407 1290 1443 ordinaria
1300 1422 1337 1443 ex
1349 1412 1520 1455 Heronymi'
1533 1414 1564 1444 &
1585 1415 1712 1463 Gregorii
1728 1414 1847 1461 Mysti-

1087 1458 1131 1491 cis
1149 1455 1289 1492 sensibus
1301 1458 1402 1492 multa
1414 1459 1574 1493 verbatim
1585 1461 1777 1497 transcribit.
1803 1465 1846 1499 Et

1087 1509 1259 1550 Lyranusin
1276 1506 1330 1541 sua
1351 1507 1480 1542 Postilla
1501 1509 1564 1542 alia
1585 1522 1623 1544 ex
1635 1510 1691 1545 suo
1710 1513 1845 1548 cerebro

1086 1556 1236 1603 Mysteria
1255 1555 1511 1591 comminiscitur
1524 1581 1533 1598 ‚
1559 1570 1660 1605 eaque
1676 1562 1790 1595 omnia
1809 1573 1845 1596 ut

1085 1603 1209 1640 sensum
1235 1604 1422 1653 ipsissimum
1444 1605 1639 1654 &Propheta
1665 1610 1843 1646 intentum.

1081 1705 1181 1740 lautia
1193 1704 1327 1740 humani
1340 1707 1461 1754 ingenii
1474 1703 1586 1744 efficit,
1597 1718 1633 1742 ut
1646 1708 1774 1755 Mystici
1787 1709 1841 1745 hic

1082 1755 1226 1804 plerique
1251 1754 1358 1791 sensus
1389 1768 1466 1791 meo
1491 1756 1599 1805 gustui
1626 1759 1765 1793 minime
1792 1758 1842 1794 sa-

1083 1815 1182 1853 piant.

1125 1857 1163 1890 A
1175 1853 1287 1902 Lapide
1307 1853 1446 1902 plurima
1466 1854 1516 1890 hic
1530 1854 1780 1903 philosophatur
1799 1857 1840 1892 de
1856 1856 1996 1905 stl‘affirt's

1080 1905 1235 1951 operibus
1248 1908 1278 1939 &
1290 1905 1436 1952 potentia
1450 1907 1657 1941 Clericorum
1667 1910 1738 1952 jure
1754 1908 1837 1943 divi·
1854 1899 1965 1944 ''fyst‘m

1080 1967 1124 1988 no
1138 1954 1226 2001 supra
1237 1955 1397 2002 populum
1411 1958 1444 1989 ὃς
1463 1956 1548 2002 ipsos
1561 1955 1705 1990 summos
1715 1958 1840 1991 Princi-
1852 1938 1963 1969 ''mul“

1081 2016 1147 2050 pes.
1175 2003 1298 2039 Verum
1311 2005 1343 2038 in
1356 2003 1419 2038 lioc
1428 2016 1545 2052 genere
1558 2004 1683 2052 Alcafhr
1694 2007 1838 2055 palmam

1079 2053 1236 2088 omnibus
1250 2055 1392 2102 praeripit
1404 2081 1412 2093 ,
1442 2056 1497 2102 qui
1518 2056 1552 2088 in
1566 2057 1675 2102 Apoc.
1689 2071 1720 2103 3.
1735 2069 1764 2090 v.
1783 2068 1796 2090 1
1808 2068 1839 2103 2.

1081 2103 1277 2150 Prophetam
1289 2117 1344 2151 per
1355 2100 1492 2139 lehovam
1501 2103 1661 2138 Shammah
1669 2107 1838 2139 civitatem

1081 2155 1230 2188 Saiistam
1257 2152 1440 2202 intelligere
1465 2155 1535 2188 vult
1563 2154 1676 2188 urbem
1696 2157 1839 2193 Romam,

1081 2204 1136 2238 ubi
1149 2201 1262 2237 lehova
1281 2206 1314 2237 in
1329 2202 1496 2237 Pontificis
1513 2203 1557 2235 sui
1571 2204 1603 2235 in
1622 2203 1713 2235 terris
1725 2205 1836 2238 vicarii
1867 2225 1873 2227 <

1080 2253 1213 2296 pastore
1232 2251 1356 2284 habitat
1368 2275 1376 2289 ‚
1402 2255 1435 2283 δι
1457 2262 1512 2296 per
1526 2251 1685 2297 templum
1698 2251 1739 2286 ab
1755 2252 1837 2288 urbe

1078 2297 1257 2343 separatum
1275 2297 1470 2345 Prophetam
1498 2299 1673 2347 indigitare
1686 2302 1756 2336 vult
1774 2305 1837 2335 Ro-

1077 2359 1174 2380 manos
1185 2344 1349 2382 Monachos
1359 2371 1369 2387 ‚
1389 2349 1446 2395 qui
1455 2348 1529 2381 licet
1539 2350 1571 2382 in
1584 2348 1663 2383 urbe
1675 2350 1838 2386 medifilo-

1079 2397 1123 2430 cis
1135 2396 1357 2431 amoenissimis
1369 2394 1422 2430 sua
1435 2398 1551 2444 palatia
1564 2397 1715 2439 habeant,
1727 2399 1768 2434 ab
1780 2414 1836 2436 ur-

1078 2445 1117 2480 be
1138 2457 1247 2480 tamen
1269 2450 1303 2480 &
1331 2446 1456 2480 mundo
1476 2460 1528 2493 per
1545 2447 1597 2482 sua
1615 2446 1720 2484 sancia
1738 2461 1833 2491 vota,

1074 2494 1219 2529 instituta
1229 2522 1238 2535 ,
1257 2499 1286 2529 ἃ
1301 2507 1404 2530 totam
1418 2498 1515 2532 vitam
1529 2497 1628 2546 longe
1636 2499 1832 2545 separantur,

1075 2544 1144 2578 imo
1159 2544 1236 2580 vero
1248 2544 1430 2585 Bibliander,
1452 2545 1576 2581 polanus
1586 2570 1596 2583 ,
1608 2551 1639 2582 &
1653 2549 1706 2581 alii
1717 2561 1754 2583 ex
1767 2562 1834 2584 no-

1073 2593 1213 2642 stris,qui
1227 2595 1264 2629 ad
1278 2593 1379 2629 sensus
1393 2595 1542 2643 mysticos
1552 2597 1758 2643 particulares
1771 2599 1836 2632 mi-

1075 2648 1213 2678 nutatim
1227 2643 1319 2678 valde
1330 2645 1528 2679 descendunt
1539 2671 1547 2683 ‚
1558 2659 1593 2679 ea
1603 2645 1680 2693 saepe
1694 2645 1832 2682 afferunt

1071 2706 1143 2737 quae
1160 2696 1238 2728 licet
1255 2695 1288 2727 in
1306 2693 1334 2727 se
1349 2694 1507 2728 verissima
1521 2698 1552 2728 ὅ(
1572 2694 1645 2730 fidei
1668 2698 1825 2744 analoga,

1071 2743 1091 2776 si
1104 2744 1174 2788 quis
1187 2753 1293 2776 tamen
1306 2744 1441 2790 Spiritus
1453 2745 1560 2778 Santffi
1572 2756 1713 2780 mentem
1727 2759 1766 2780 eo
1777 2747 1826 2779 lo-

1069 2793 1097 2825 ci
1107 2789 1257 2832 affirmet,
1269 2792 1328 2827 {uae
1339 2794 1526 2828 temeritatis
1538 2794 1705 2829 censuram
1717 2794 1757 2827 ab
1768 2793 1825 2828 ha-

1068 2854 1140 2876 rum
1153 2854 1259 2876 rerum
1272 2843 1379 2889 peritis
1391 2845 1442 2878 vix
1455 2845 1572 2890 poterit
1584 2843 1726 2877 evadere.
1765 2879 1770 2883 ⁴

1114 2893 1242 2935 Quarta
1252 2890 1406 2926 sententia
1417 2892 1461 2927 est
1470 2904 1580 2926 eorum
1592 2893 1646 2938 qui
1659 2892 1750 2926 locos
1763 2891 1822 2926 lios
1844 2901 1938 2935 Quarta

1069 2939 1221 2982 Ezekielis
1255 2942 1510 2987 interpretantur
1542 2940 1581 2974 de
1616 2941 1821 2988 temporibus
1831 2941 1953 2975 sementia

1068 2989 1278 3025 Christianis,
1296 2990 1346 3022 sed
1358 2990 1429 3023 seris
1440 2989 1615 3023 admodum
1629 2994 1660 3024 &
1674 2992 1799 3025 ultimis
1810 3015 1819 3031 ‚
1838 2992 1949 3019 '²⁰’²P'⁰·

1065 3038 1197 3086 quando
1210 3036 1280 3084 post
1292 3038 1432 3072 reditum
1445 3037 1627 3083 Judaeorum
1641 3040 1679 3074 ad
1696 3040 1794 3075 fidem
1809 3065 1819 3080 ,
1836 3022 1915 3051 ‘'am''

1063 3088 1208 3123 Ecclefiae
1219 3090 1251 3120 in
1265 3088 1354 3121 terris
1366 3085 1556 3122 reformatio
1565 3089 1601 3122 ad
1611 3089 1699 3124 suam
1712 3088 1818 3131 α’κμῖυᾶ

1065 3138 1241 3185 perveniet.
1270 3135 1350 3170 Non
1362 3135 1411 3170 hic
1424 3150 1561 3172 numero
1574 3139 1744 3173 Chiliastas
1757 3152 1817 3173 ne-

1063 3199 1127 3233 que
1142 3184 1348 3231 χιλιάζοντας,
1375 3186 1424 3220 sed
1442 3188 1520 3221 alios
1537 3189 1623 3221 viros
1646 3188 1762 3222 dmitos
1780 3191 1815 3221 &

1064 3237 1206 3284 piOS‚qui
1218 3234 1347 3282 Judaeos
1356 3236 1394 3271 ad
1405 3234 1500 3271 fidem
1514 3236 1635 3272 Christi
1647 3236 1817 3290 conversos

1780 3296 1814 3318 in
