2048 3343
308 118 386 152 236
656 105 974 142 OPERIS

307 187 370 221 tale
390 182 472 219 nihil
498 179 639 229 legimus
665 176 704 212 de
723 175 866 222 Imperio
891 172 1058 205 Romano.

308 233 404 282 Resp.
430 231 596 278 Coniugia
615 227 633 262 ὲ
645 224 774 262 Daniele
793 231 973 259 memorata
990 231 1060 265 cap.

314 300 329 322 1
341 298 371 320 1.
390 286 472 318 inter
483 277 642 314 Seleucida
661 280 692 310 δι
706 273 831 325 Lagidas
842 270 981 317 intelligi
993 280 1060 303 non

312 335 435 371 debent
450 331 490 365 de
504 327 743 365 commixtione
758 336 812 371 per
822 322 931 355 iernen
947 319 1060 353 huma-

313 396 393 420 num
405 376 586 416 memorat&
596 387 698 423 capa.-
711 385 771 420 43.
782 384 857 406 nam
870 371 1062 425 illa'corinu-

315 433 368 467 bia
381 431 540 466 celebrata
551 427 623 462 sunt
633 449 643 463 ,
661 437 735 460 cum
748 423 889 457 maxime
903 421 977 453 vi&
988 428 1062 472 opi-

314 483 376 517 bus
387 479 543 516 florebant
554 475 687 524 AEgypti
707 477 739 508 &
756 470 834 505 Asiae
842 470 976 515 Regna:
1005 464 1064 519 issa

313 543 424 567 autem
437 528 632 564 commixtio
644 525 682 559 de
692 520 754 569 quii
766 523 846 566 Cap.
858 532 887 552 2.
898 527 967 550 non
980 525 1063 547 acci—

314 581 362 616 dit
374 580 430 616 nisi
441 582 474 613 in
487 575 691 612 fineistorum
704 573 893 617 Regnorum
905 588 914 603 2
928 574 1001 618 (ΗΠ)
1016 561 1063 595 ul-

315 641 365 665 tra
375 642 442 665 non
454 625 583 663 tantum
595 623 688 672 pedes
701 626 732 655 &
741 618 838 652 tibias
847 638 856 650 ‚
871 611 922 647 sed
932 611 1069 658 sad1ps08

314 681 434 728 pedum
445 679 564 724 digitos
574 675 751 709 deventum
761 663 844 700 effer.
867 666 978 720 Itaque
992 659 1063 694 Rol-

313 730 390 764 locm
401 730 433 763 in
444 728 495 763 sua
505 717 830 761 accommodatione,
839 714 954 747 rectius
966 710 1062 759 quam

313 778 536 826 expositione,
560 771 651 805 istam
670 763 947 801 commixtionem
973 758 1066 815 refert

316 829 355 863 ad
367 828 505 861 humana
515 819 635 856 foedeta
647 820 681 852 δε
693 815 800 864 Ραᾶα,
811 824 880 846 non
892 809 1067 848 connubia3

315 876 432 925 quibus
443 872 510 921 post
524 869 716 904 Concilium
733 862 966 897 Tridentinum
979 862 1065 893 Pon-

316 924 409 960 tificii
424 922 586 967 Principes
604 928 715 953 contra
728 911 884 948 Ecclefias
904 911 996 944 irrito
1012 920 1066 963 co-

316 986 395 1010 natu
408 970 579 1017 conjunffi
593 967 680 1002 sunt.
705 964 738 997 Si
750 959 826 996 vero
842 959 882 995 de
892 957 1065 994 connubiis

316 1026 439 1071 placeat
451 1024 565 1056 locum
576 1018 734 1063 accipere,
743 1023 797 1046 tot
804 1010 979 1045 memorari
992 1005 1064 1055 pos-

315 1073 471 1108 fintinter
489 1069 649 1114 Principes
664 1065 836 1097 Romanos
849 1058 990 1094 celebres
1006 1069 1067 1091 nu-

316 1125 391 1172 ptiae
401 1119 499 1170 quam
508 1121 591 1154 inter
598 1111 760 1149 Seleucidas
772 1112 802 1143 &
817 1108 957 1160 Lagidas,
970 1107 1068 1141 nimi·

317 1184 390 1209 xum
402 1174 487 1206 inter
497 1168 634 1216 Caefhrem
650 1167 683 1198 ὅτ.
703 1159 889 1206 Pompejum,
906 1155 1070 1214 ‘Augu-stum

318 1227 353 1258 δι
372 1222 539 1257 Amanium
556 1242 566 1258 ‚
590 1218 804 1261 Imperatores
823 1207 1024 1243 Occidentis
1038 1208 1069 1239 δι

321 1272 470 1307 Orientis
488 1284 495 1303 :
523 1265 673 1313 inprimis
691 1263 774 1295 inter
792 1257 912 1306 digitos
927 1255 1068 1310 pedum,

319 1323 453 1356 ultimos
464 1320 571 1364 Reges
585 1316 668 1348 inter
679 1311 708 1345 se
718 1306 839 1344 divisos
850 1323 863 1350 ’⁷
885 1307 992 1354 Reges
1011 1303 1068 1360 sci-

321 1372 397 1405 licet
407 1367 607 1403 Germaniae,
618 1360 734 1397 Galliae
745 1382 755 1399 ,
770 1361 801 1392 &
815 1354 989 1411 Hispaniae,
1000 1356 1071 1387 Bri-

321 1420 453 1454 munias,
462 1414 639 1451 Lusitaniae,
650 1408 820 1456 Neapolis,
830 1407 978 1441 Poloniae
988 1428 998 1444 ,
1008 1405 1071 1458 Da·

322 1471 383 1504 niae
395 1493 405 1509 ‚
432 1465 553 1501 Suediae
573 1467 605 1498 &
617 1458 794 1507 Hungariae
804 1482 812 1494 ,
826 1468 895 1504 quae
910 1452 1075 1489 connubia

322 1519 412 1566 pacis
421 1513 617 1551 stabiliendae
628 1518 780 1557 praetextu
790 1506 911 1541 sancita
922 1501 1074 1539 effestum

323 1566 404 1614 saepe
414 1565 612 1600 contrarium
624 1559 734 1594 sortita
744 1556 828 1591 sunt.

375 1617 542 1661 Qartum
554 1617 795 1657 argumentum.
819 1605 974 1652 Regnum
984 1613 1072 1650 quar-

324 1677 396 1701 tum
407 1664 505 1699 deleri
515 1660 631 1695 debuit
643 1655 756 1692 Christi
767 1654 906 1690 adventu
917 1650 1076 1690 secundo,

323 1715 474 1758 adeoque
490 1720 679 1760 permanere
695 1705 735 1741 ad
746 1703 860 1739 mundi
876 1701 977 1737 finem
989 1725 999 1741 ‚
1024 1700 1077 1735 sed

323 1769 390 1810 jam
410 1762 533 1799 dudum
552 1758 678 1795 interiit
702 1756 862 1803 Regnum
873 1753 1078 1807 Romanum,

326 1814 490 1849 sublatum
512 1823 567 1859 per
587 1809 715 1842 Turcas
734 1808 766 1839 δε
783 1807 902 1849 Papam
924 1799 1078 1855 aliosque.

325 1862 421 1909 Resp.
448 1863 600 1896 Diximus
608 1870 674 1892 non
684 1854 791 1889 statim
801 1849 975 1886 delendum
989 1847 1078 1884 fuisse

325 1913 503 1959 Imperium
523 1908 541 1943 ἓι
555 1918 634 1942 nato
645 1902 776 1949 christo,
789 1901 840 1936 sed
854 1899 925 1949 post
936 1902 1003 1943 ejus
1021 1898 1076 1932 ad-

327 1973 465 1997 ventum
501 1957 643 2005 primurn
676 1964 826 2000 tempore
859 1959 1051 1998 opportuno
1069 1969 1079 1984 ,

327 2009 419 2058 quod
446 2008 524 2043 vero
548 2006 739 2040 duraturum
774 2001 811 2036 sit
834 1999 874 2034 ad
901 1997 1077 2034 secundum

327 2057 436 2105 Christi
444 2053 695 2094 adventum‚lioc
705 2050 841 2100 quidem
853 2049 953 2083 afferit
967 2043 1078 2084 Luche-

325 2122 372 2143 rus
391 2113 424 2143 &
443 2109 516 2147 alii,
536 2115 705 2150 utcunque
721 2101 761 2136 ad
774 2099 972 2135 hodiernum
993 2097 1078 2132 diem

326 2157 421 2191 durat
438 2170 446 2189 :
472 2153 728 2203 quicquidenim
741 2150 779 2185 de
787 2147 899 2183 Ture&
909 2146 1007 2182 facias
1023 2147 1079 2199 qui

324 2206 536 2252 Imperatoris
553 2202 700 2236 Romani
719 2195 900 2233 Orientalis
926 2196 1080 2231 successo-

330 2266 397 2289 rem
413 2253 443 2288 se
463 2252 628 2288 venditat3
653 2246 738 2282 certe
754 2247 915 2279 Germani
934 2247 1078 2289 Impera-

330 2315 437 2338 torem
448 2304 640 2337 Romanum
659 2293 908 2331 occidentalem
919 2291 1038 2326 habere
1050 2289 1079 2324 se

327 2350 447 2398 absque
464 2349 729 2397 ullaaquoquam
746 2342 844 2377 hodie
860 2339 1080 2376 controversia

324 2402 507 2449 gloriantur
519 2425 529 2440 ,
547 2401 581 2432 δε
591 2395 668 2431 vero
678 2394 773 2443 digiti
783 2392 900 2439 pedum
913 2388 976 2437 quzi
986 2387 1079 2444 ferrei

324 2449 391 2499 quai
413 2449 527 2484 fifflles
547 2449 581 2481 in
602 2446 714 2481 decem
739 2441 922 2492 nominatis
954 2440 1080 2486 Regnis

324 2499 526 2546 perseverant
537 2519 545 2533 ‚
557 2500 588 2531 ὅ(
601 2495 638 2530 ad
651 2491 828 2529 secundum
838 2488 1079 2524 Chrifliadven·

326 2560 397 2583 tum
426 2548 684 2597 perseveraturos
711 2553 782 2577 non
816 2539 861 2574 est
887 2551 966 2575 vero
995 2535 1078 2571 abfi-

329 2601 420 2633 mile.
1055 2636 1061 2643 ⁸

376 2647 558 2689 Quintum.
580 2641 669 2678 Vifio
679 2642 797 2675 Statuae
808 2649 879 2685 cap.
896 2649 924 2671 2.
941 2648 1079 2682 exponi-

330 2706 382 2731 tur
395 2693 510 2731 clarius
528 2705 584 2740 per
601 2691 741 2725 viiiones
759 2686 951 2733 posteriores
969 2684 1082 2718 bestia-

331 2759 401 2781 rum
422 2758 491 2792 cap.
511 2756 550 2790 7,
573 2743 603 2774 8.
625 2743 659 2775 &
675 2750 728 2772 11.
755 2735 853 2782 Resp.
883 2734 1079 2768 Palmarium

329 2795 393 2830 hoc
409 2794 454 2830 cst
472 2794 625 2828 omnium
644 2784 891 2823 adversariorum
911 2795 1080 2830 argumen-

329 2854 400 2878 tum
412 2868 421 2881 ,
445 2844 484 2878 de
495 2854 562 2891 quo
574 2841 662 2887 plura
672 2833 878 2884 sequentibus
895 2832 1080 2880 quaestioni-

330 2893 393 2928 bus
403 2920 412 2932 2
425 2893 474 2928 scd
491 2895 525 2926 in
538 2885 697 2938 praesenti&
712 2895 868 2932 negamus
876 2881 1018 2937 visiones
1029 2894 1080 2915 ca-

332 2944 406 2989 pitis
419 2944 449 2977 8.
462 2947 494 2977 &
518 2953 572 2976 11.
588 2936 713 2973 easdem
733 2947 808 2969 cum
830 2934 954 2967 vitione
969 2944 1036 2978 cap.
1051 2944 1080 2964 2.

331 2997 362 3023 t&
375 2995 443 3035 ejus
452 2991 678 3037 explicativas;
703 2981 892 3019 manifestus
904 2982 957 3015 liic
968 2978 1078 3036 conse-

331 3043 411 3073 renti
432 3042 524 3074 locos
549 3051 637 3073 error
661 3033 837 3082 apparebit.
882 3030 972 3065 Visio
991 3041 1078 3063 enim

330 3099 397 3133 cap,
418 3100 448 3120 2.
465 3100 531 3122 tam
554 3090 587 3122 in
607 3087 699 3133 signo
720 3081 816 3131 quam
834 3094 867 3115 re
886 3077 1077 3127 significata,

330 3136 442 3170 tamin
455 3137 597 3183 Imagine
618 3146 715 3181 quam
736 3134 770 3166 in
789 3130 882 3166 rebus
899 3142 955 3176 per
973 3138 1074 3175 partes

330 3185 486 3233 Imaginis
519 3184 744 3230 repraesenratis
772 3191 841 3217 erat
865 3180 1074 3227 quintuplex:

1036 96 1512 139 Histonici

1109 171 1220 218 Caput
1236 184 1367 206 aureum
1386 171 1661 218 Babyloniorum,
1678 176 1791 222 peftus
1812 189 1860 211 ar-

1110 231 1265 268 genteum
1279 220 1456 261 Persarum,
1480 233 1590 256 venter
1608 236 1706 258 aereus
1723 227 1861 260 Graeco-

1111 283 1181 305 rum
1194 297 1201 310 ‚
1223 271 1308 306 tibiae
1320 270 1424 306 ferreae
1445 271 1673 306 Romanorum
1692 296 1702 312 ,
1728 279 1761 309 &
1780 276 1862 322 lapis

1111 322 1271 367 angularis
1286 317 1398 365 christi
1414 321 1555 355 Domini
1569 335 1577 355 :
1606 322 1735 356 visionis
1753 336 1865 358 autem

1112 381 1183 415 cap.
1196 371 1224 402 S.
1246 371 1297 404 vel
1317 371 1349 404 in
1362 370 1453 418 signo
1474 371 1524 404 vel
1545 372 1579 404 in
1598 369 1778 418 significato
1797 385 1867 407 non

1113 416 1172 450 {int
1183 419 1290 464 plures
1301 430 1403 465 partes
1414 418 1513 467 quzim
1524 420 1593 454 duae
1604 445 1612 457 ,
1632 433 1690 455 nec
1710 420 1773 456 istae
1784 422 1869 455 inte-

1114 477 1190 513 grae.
1216 467 1353 502 Nullum
1366 469 1404 503 de
1427 468 1620 504 Monarchia
1643 469 1746 517 prima
1760 495 1769 511 ,
1790 471 1868 505 nul-

1115 517 1182 548 lum
1193 514 1231 549 de
1243 517 1353 563 quartz'i
1363 542 1373 556 ‚
1387 519 1513 552 nullum
1526 519 1565 552 de
1576 515 1696 553 chnflo
1707 521 1843 554 verbum
1857 544 1868 560 ,

1115 564 1243 599 tantum
1255 565 1294 599 de
1304 567 1450 614 Regibus
1466 568 1594 601 Persicis
1612 571 1645 600 &
1667 570 1790 603 Graecis
1800 571 1869 617 agi·

1118 624 1169 648 tur
1183 640 1192 654 ,
1215 614 1314 662 iisque
1334 617 1442 662 paucis
1463 629 1531 649 non
1556 617 1725 652 omnibus.
1752 621 1871 666 Incipit

1117 665 1204 698 cnirn
1217 664 1295 698 viiio
1306 677 1375 711 cap.
1389 666 1420 699 8.
1439 663 1455 698 ὲ
1469 665 1564 699 Dario
1575 665 1760 701 C'odomanno
1770 692 1778 707 ‚
1793 670 1875 703 arie-

1120 724 1151 747 te
1163 726 1259 761 quam
1272 714 1438 760 prostravit
1451 715 1656 755 «Alexander,
1671 719 1704 750 &
1717 716 1874 752 definitin

1121 774 1223 796 cornu
1242 776 1343 810 parvo
1363 761 1514 798 Antiocho
1533 762 1684 812 Epiphane
1701 782 1712 802 ,·
1738 771 1769 802 &
1794 766 1874 801 visio

1122 823 1186 858 cap,
1207 813 1339 846 11.licet
1352 813 1455 858 plures
1472 813 1603 860 Regum
1621 815 1754 850 Graeciae
1772 819 1873 851 attin-

1120 870 1177 907 gat
1188 883 1197 899 ‚
1218 872 1286 894 non
1298 872 1404 895 tamen
1425 864 1572 907 procedit
1591 865 1672 898 ultra
1687 864 1874 900 Antiochum

1120 906 1297 955 Epiphanem
1313 923 1320 944 :
1349 911 1463 957 Itaque
1478 922 1633 958 negamus
1653 915 1790 950 visiones
1802 928 1873 963 cap.

1121 959 1152 991 8.
1174 962 1204 991 δι
1228 970 1284 994 11.
1303 957 1430 994 easdem
1452 972 1527 993 cum
1547 961 1723 997 visionibus
1750 977 1814 1010 cap.
1838 978 1873 1002 2.

1119 1008 1190 1041 Alia
1201 1006 1244 1042 est
1262 1010 1343 1043 ratio
1362 1009 1474 1054 capitis
1487 1021 1518 1051 7.
1541 1022 1577 1044 ea
1590 1010 1718 1058 quidem
1741 1014 1871 1049 videtui·

1118 1059 1357 1092 accommodari
1377 1055 1464 1105 poffe
1483 1058 1521 1093 ad
1548 1071 1616 1107 cap.
1641 1072 1673 1094 2.
1698 1061 1751 1096 ubi
1773 1062 1871 1097 bestia

1118 1118 1229 1154 quarta
1251 1110 1404 1155 Regnum
1430 1108 1622 1143 Romanum
1651 1111 1734 1145 redte
1764 1111 1871 1159 potest

1120 1154 1349 1202 repraesentare.
1375 1157 1436 1192 Sed
1447 1157 1486 1192 de
1498 1157 1533 1192 ez‘i
1545 1159 1692 1207 imagine
1704 1173 1782 1196 mox
1799 1163 1872 1209 plu-

1121 1207 1218 1240 ribus.

1168 1256 1300 1289 Sextum
1324 1266 1568 1302 argumentum.
1603 1258 1758 1306 Regnum
1779 1271 1873 1307 quar-

1120 1315 1191 1339 tum
1211 1317 1280 1338 non
1301 1307 1410 1351 potuit
1433 1305 1492 1339 effe
1511 1307 1741 1342 Romanorum
1762 1331 1770 1347 ‚
1796 1310 1876 1357 quia

1123 1355 1267 1388 Romani
1280 1366 1394 1400 paucas
1404 1353 1533 1390 tantum
1545 1358 1733 1392 Provincias
1743 1359 1876 1405 Imperii

1124 1403 1316 1451 Babylonici
1327 1414 1510 1445 tenuerunt,
1523 1408 1644 1450 Syriam
1656 1408 1775 1441 scilicet
1787 1431 1797 1447 ‚
1827 1410 1878 1442 A-

1123 1452 1198 1487 iiam
1217 1454 1382 1487 minorem
1400 1457 1432 1487 &
1448 1457 1641 1501 AEgyptum.
1674 1455 1770 1502 Resp.
1797 1459 1879 1492 Satis

1124 1502 1166 1537 est
1180 1512 1214 1536 ut
1223 1513 1371 1548 quartum
1381 1505 1558 1548 Imperium
1569 1502 1665 1537 fuerit
1674 1505 1880 1543 Romanum,

1126 1552 1147 1586 si
1164 1552 1219 1598 ipfi
1238 1550 1347 1585 multo
1364 1553 1542 1585 maximum
1561 1551 1755 1599 poffederint
1768 1557 1879 1602 Impe-

1125 1603 1210 1635 rium
1232 1627 1242 1640 ,
1277 1600 1335 1635 etsi
1368 1602 1546 1636 Provinciis
1571 1604 1696 1649 aliquot
1730 1606 1877 1650 priorum

1126 1651 1339 1698 Imperiorum
1363 1652 1532 1685 caruerint.
1569 1650 1737 1686 Secundo.
1769 1652 1879 1688 Posse-

1125 1699 1245 1734 derunt
1265 1701 1377 1735 omnia
1390 1710 1456 1734 tam
1478 1700 1656 1751 Lagidarum
1667 1715 1764 1749 quam
1776 1702 1880 1737 Seleu-

1124 1748 1248 1783 cidamm
1259 1750 1374 1798 Regna
1386 1773 1396 1789 ‚
1419 1762 1493 1784 nam
1511 1749 1582 1798 post
1601 1750 1788 1786 Antiochum
1798 1757 1882 1787 Ma-

1117 1812 1213 1849 gnum
1223 1797 1409 1834 &Romanis
1418 1799 1595 1841 devictum,
1605 1802 1757 1836 Seleucida
1767 1815 1880 1837 contra

1127 1848 1263 1884 Parthos
1280 1851 1365 1884 tueri
1387 1861 1456 1883 non
1476 1849 1614 1884 valentes
1635 1852 1685 1884 vel
1707 1852 1804 1897 ipsam
1818 1853 1881 1885 Ba.

1128 1900 1284 1947 bylonem
1295 1923 1305 1940 ,
1333 1897 1454 1933 nedum
1473 1898 1658 1933 Orientales
1670 1902 1857 1934 Provincias
1868 1924 1880 1940 ‚

1128 1950 1235 1996 Regni
1247 1947 1289 1983 sui
1301 1958 1397 1995 caput
1409 1946 1645 1983 constituerunt
1664 1949 1880 1984 Antiochiam

1128 2002 1161 2034 in
1173 1997 1268 2045 Syrifi.
1293 1998 1380 2032 Deni
1409 2010 1448 2032 ue
1465 1998 1611 2032 Romani
1627 1998 1665 2033 ad
1682 1998 1879 2046 Euphratem

1127 2048 1225 2096 usque
1236 2058 1343 2083 totam
1356 2049 1385 2082 A
1401 2059 1467 2081 iam
1481 2048 1578 2082 etiam
1594 2049 1724 2096 Pompe-ji
1734 2059 1881 2094 tempore

1127 2096 1343 2138 debellarunt,
1352 2109 1459 2144 neque
1468 2097 1591 2131 Parthis
1600 2097 1788 2144 petentibus
1799 2109 1883 2130 con-

1126 2148 1236 2183 cedere
1259 2148 1458 2186 voluerunt,
1483 2157 1521 2180 ut
1545 2145 1879 2192 EuphratesRomani

1127 2197 1257 2242 Imperii
1267 2197 1359 2229 limes
1372 2194 1628 2228 constitueretur.
1653 2194 1757 2239 Qiod
1767 2194 1805 2229 ad
1814 2197 1878 2229 Ba-

1129 2244 1259 2290 bylonis
1272 2242 1440 2278 urbem‚ea
1453 2252 1525 2276 tum
1538 2244 1657 2277 nullius
1666 2245 1813 2279 nominis
1825 2246 1879 2278 in-

1128 2303 1176 2326 ter
1185 2291 1330 2325 Orientis
1341 2292 1488 2326 civitates
1497 2291 1686 2326 habebatur.

1176 2341 1376 2387 Septimum.
1402 2341 1559 2375 Revelata
1569 2340 1642 2376 sunt
1657 2339 1880 2376 Nebuchadne-

1128 2389 1193 2426 χηνὶ
1210 2390 1242 2423 in
1261 2389 1393 2423 somnio
1409 2400 1535 2424 tantum
1554 2404 1589 2425 ea
1606 2391 1645 2425 dc
1662 2390 1781 2439 quibus
1797 2392 1882 2438 vigi-

1128 2440 1194 2473 lans
1208 2438 1529 2487 cogitabat,vigilans
1540 2452 1648 2475 autem
1660 2439 1881 2475 meditabatur

1127 2488 1166 2522 de
1174 2487 1344 2522 statumox
1356 2486 1584 2538 futuroRegni'
1597 2489 1731 2524 suiznon
1744 2489 1782 2523 de
1793 2499 1882 2523 tem-

1129 2538 1263 2584 poribus
1282 2537 1372 2572 valde
1385 2539 1618 2587 longinquisin
1630 2538 1748 2587 quibus
1765 2550 1881 2586 regna-

1131 2589 1194 2622 turi
1203 2598 1293 2622 erant
1305 2588 1457 2621 Romani.
1468 2587 1561 2635 Rcsp.
1579 2588 1798 2623 Meditabatur
1810 2589 1890 2634 qui--

1132 2638 1204 2671 dem
1214 2637 1284 2670 Rex
1294 2636 1332 2670 de
1341 2637 1546 2683 temporibus
1557 2637 1627 2684 post
1638 2638 1667 2672 se
1679 2662 1686 2677 ‚
1700 2637 1750 2672 sed
1763 2637 1882 2684 quous-

1133 2698 1196 2732 que
1208 2684 1353 2719 hominis
1365 2687 1397 2719 in
1407 2685 1486 2720 terra
1496 2689 1634 2721 maximi
1648 2691 1679 2722 δι’
1693 2683 1883 2720 ambitiosis-

1133 2734 1201 2768 fimi
1210 2736 1424 2782 cogitationes
1433 2734 1462 2769 se
1471 2737 1681 2771 extenderent
1691 2737 1760 2783 quis
1769 2737 1882 2769 novit?

1133 2785 1270 2818 Certum
1280 2783 1324 2818 est
1333 2783 1478 2819 revelasse
1487 2785 1654 2833 ipsiDeum
1667 2797 1713 2818 res
1721 2786 1880 2831 temporis

1132 2845 1200 2868 non
1211 2832 1339 2868 tantum
1361 2834 1543 2881 posterioris
1554 2834 1605 2868 sed
1616 2833 1770 2879 postremi
1780 2860 1790 2874 ‚
1809 2847 1879 2868 nori

1131 2882 1257 2918 tantum
1270 2882 1374 2917 futura
1386 2883 1457 2930 post
1467 2881 1508 2922 se,
1518 2881 1566 2916 sed
1576 2881 1683 2916 futura
1699 2883 1731 2915 in
1748 2893 1880 2931 tempo-

1131 2944 1164 2965 re
1177 2943 1334 2970 extremo,
1348 2932 1416 2978 post
1426 2930 1556 2964 finitum
1573 2931 1763 2965 Romanum
1777 2936 1881 2980 Impe-

1130 2980 1227 3014 rium.
1243 2980 1389 3026 Exprcfle
1402 2979 1491 3013 enim
1502 2980 1616 3014 Daniel
1628 2980 1728 3028 ipsum
1742 2982 1882 3030 alloqui-

1130 3041 1182 3063 tur
1193 3030 1231 3063 de
1242 3029 1359 3075 Regno
1369 3026 1481 3062 Chrislc
1490 3039 1616 3063 aeterno.

1178 3078 1280 3119 Quod
1300 3090 1377 3124 ergo
1399 3076 1449 3111 hic
1469 3091 1500 3112 m
1507 3080 1566 3113 ulti
1585 3077 1747 3125 disputant
1767 3090 1879 3114 contra.

1128 3129 1281 3161 Latinum
1293 3129 1500 3173 interpretem
1513 3152 1522 3167 ,
1546 3128 1633 3176 quaii
1651 3128 1733 3163 malai
1747 3128 1800 3162 sua
1812 3140 1878 3161 ver-

1127 3176 1214 3211 sione
1232 3174 1397 3211 induxiss‘et
1409 3177 1543 3213 Latinos
1557 3182 1663 3214 Patres
1681 3180 1715 3213 in
1725 3188 1878 3214 errorem,

1798 3223 1876 3259 dum
