2048 3343
164 539 290 577 Foxi'sen·

163 590 241 610 tenua
247 594 254 610 ι
259 593 283 609 m
289 598 296 604 ·

158 622 293 661 probanda.

317 141 397 173 250
657 124 986 163 Opertis

314 210 414 247 quam
426 188 520 243 loqui
533 193 636 232 fecisse
647 194 786 245 fingitur
796 195 984 243 Apollonius,
995 205 1068 230 tan-

312 260 386 283 tum
406 247 491 281 abest
514 245 531 279 ὲ
550 258 581 280 re
598 245 754 293 praesenti,
786 257 821 280 ut
847 244 909 292 ipsc
929 247 1066 278 Hamon-

315 297 368 331 dus
387 296 465 331 illud
485 295 635 343 Magistri
659 294 704 330 sui
727 296 821 330 Groti'c¹
840 295 990 329 delirium
1014 306 1068 329 re-

318 346 442 394 pudiet.

369 395 519 429 Tertiam
538 392 726 428 sententiam
754 406 823 429 non
850 393 936 427 ultra·
961 392 1068 438 prose-

318 456 479 492 quemur,
502 440 700 492 reliquasque
722 443 853 480 brevius
874 441 1067 490 perstringe-

318 506 404 529 mus.

369 544 497 589 Qiarta
508 542 552 577 est
562 543 675 577 Ioannis
686 543 760 577 Foxi
772 540 984 586 Martyrologi
1001 540 1070 571 An-

320 594 440 641 glicani
453 618 460 632 ‚
476 594 532 639 qui
550 595 691 641 graviter
702 596 732 626 δι
745 590 825 631 serio
835 587 969 622 affirmat
982 588 1072 620 Mar-

320 644 477 691 tyrologii
486 642 542 676 lib.
557 655 583 677 1.
597 640 656 675 sub
668 639 780 677 finem,
793 648 826 670 ut
837 638 914 671 citat
925 634 1070 676 Alabana,

318 692 411 739 quod
446 692 656 739 inspiratione
691 686 798 721 divina
823 686 958 721 edoc0cus
976 686 1070 720 fuerit

319 740 443 776 menses
456 739 708 787 Apocalypticos
725 738 928 782 interpretari
945 735 982 770 de
994 736 1072 770 Sab-

318 788 453 825 baticis:
479 787 592 822 mensis
613 796 719 820 autem
748 785 935 819 sabbaticus
952 785 1008 830 ipsi
1029 784 1072 818 est

317 837 540 886 septennium,
567 838 677 884 itaque
701 834 917 883 quadraginta
941 833 1010 868 duo
1030 832 1073 867 se-

318 888 453 935 ptennia
463 884 609 921 efficiunt
620 897 723 920 annos
738 883 896 919 ducentos
909 884 1072 930 nonagin-

319 946 351 970 ta
363 947 502 985 quatuor
514 963 522 975 ‚
533 948 675 984 quorum
687 935 816 968 initium
835 935 930 980 ponit
945 934 977 966 in
990 932 1073 967 caede

316 987 430 1020 Ioannis
449 985 584 1033 Baptiffae
601 987 636 1019 &
649 982 749 1018 finem
770 985 800 1017 in
821 984 981 1030 principio
994 989 1071 1016 con-

305 1035 449 1082 stantini3
470 1035 533 1070 hoc
546 1035 639 1081 pasto
651 1045 766 1068 omnes
779 1032 906 1067 nostros
919 1044 1073 1065 numeros

315 1086 457 1132 exponit
489 1085 528 1119 de
545 1084 734 1130 Judaeotum
769 1086 803 1115 &
838 1082 1070 1115 Romanorum

318 1135 506 1168 Gentilium
527 1129 803 1180 persecutionibus
817 1130 961 1166 Ecclesiae
974 1129 1073 1164 Cliti-

319 1183 440 1218 stianae.
467 1183 666 1217 Sententiam
686 1181 768 1216 hanc
782 1183 891 1214 Paraeus
903 1184 933 1214 &
949 1177 1080 1222 eAbhoffi

319 1243 364 1266 tus
376 1231 493 1281 magnei
505 1244 580 1267 cuin
593 1230 770 1267 reverentia
785 1226 944 1266 recitant,
962 1240 1074 1263 neuter

317 1294 430 1317 tamen
444 1295 512 1317 earn
528 1281 625 1316 audet
636 1281 789 1329 ample3i
801 1307 809 1320 ‚
827 1284 858 1314 &
869 1293 931 1314 nos
941 1291 1073 1326 quoque

1047 121 1520 161 H1sT01t1c1

1114 206 1171 229 mo
1190 195 1403 242 nonagesimo
1425 197 1514 232 sexto
1535 211 1544 236 ;
1572 198 1776 246 periodorum
1793 199 1861 235 liaec

1113 246 1293 292 geminatio
1303 244 1346 278 est
1357 245 1495 281 insolens
1505 271 1513 286 ,
1525 260 1584 281 nec
1599 248 1703 294 potest
1717 250 1863 286 admitti,

1115 294 1220 328 multo
1241 296 1348 328 minus
1371 297 1535 344 concoqui
1556 295 1685 343 possunt
1712 299 1864 345 periodo-

1113 355 1184 376 rum
1212 344 1456 380 dilacerationes
1482 359 1556 379 cum
1577 347 1674 380 tantis
1703 347 1735 380 in
1752 348 1863 381 medio

1114 392 1265 430 hiatibus,
1278 404 1312 426 ut
1321 404 1580 443 tempus‚tempora,
1591 399 1620 428 ἃ
1631 394 1782 429 dimidium
1790 407 1866 430 tem-

1110 440 1185 487 poris
1197 440 1380 488 significent
1393 444 1549 479 ducentos
1559 446 1739 493 nonaginta
1749 446 1800 479 sex
1812 458 1867 479 an-

1116 502 1175 523 nos
1186 491 1355 542 geminos,
1374 494 1457 528 inter
1469 507 1552 540 quos
1567 494 1784 540 interjiciendi
1794 493 1870 529 sunt

1116 542 1191 573 anni
1206 540 1296 584 supra
1307 542 1408 576 mille.

1164 589 1317 636 Denique
1335 588 1436 624 sexto.
1469 592 1632 638 Figmenti
1653 589 1748 635 hujus
1765 593 1868 626 inani-

1117 647 1216 671 tatem
1229 640 1340 672 omnia
1358 639 1499 674 revelans
1515 652 1643 686 tempus
1655 640 1778 675 dudum
1798 642 1868 675 cla-

1117 686 1234 720 riffime}
1246 687 1406 732 patefecit.
1436 689 1525 723 Nam
1540 689 1615 722 faxi
1630 691 1872 725 calculusTur-

1117 749 1224 770 carum
1239 739 1414 784 Imperium
1431 740 1463 772 in
1478 751 1566 774 anno
1583 739 1754 774 millesimo
1773 742 1870 787 quin-

1117 785 1301 832 gentesimo
1338 787 1550 835 nonagesimo
1587 801 1703 835 quarto
1743 790 1871 824 claudit.

1120 834 1532 871 Nihilominusimmotum
1553 838 1636 872 illud
1653 837 1757 872 adhuc
1768 839 1873 874 consi·

1121 882 1171 916 stit
1183 885 1274 917 annis
1285 881 1449 931 sexaginta
1465 886 1596 922 duobus
1608 888 1689 922 ultra
1699 887 1794 922 istum
1806 899 1872 923 ter-

1121 945 1261 967 mitium.

1167 984 1389 1017 Veruntamen
1401 983 1433 1018 in
1446 982 1503 1019 hac
1513 983 1671 1019 sententia
1680 986 1783 1032 probo
1797 999 1874 1021 mo-

1120 1030 1254 1066 destiam
1268 1056 1276 1069 ‚
1296 1034 1408 1067 auftor
1426 1036 1512 1068 enim
1531 1034 1610 1068 nihil
1630 1036 1782 1082 cuiquam
1801 1036 1875 1070 Ma-

1119 1081 1288 1127 gistraliter
1304 1082 1496 1128 prenset-ibit,
1517 1081 1568 1118 sed
1587 1081 1639 1116 sua
1655 1084 1735 1118 senia
1755 1083 1874 1119 docite-

1122 1142 1196 1165 rum
1218 1131 1348 1177 subjicit
1376 1134 1538 1173 examini,
1563 1131 1633 1166 imo
1660 1131 1737 1168 vero
1763 1143 1874 1169 totum

1121 1179 1210 1213 suum
1234 1183 1265 1214 in
1289 1183 1502 1229 Apocalypsin
1523 1184 1797 1217 commentarium
1816 1183 1874 1217 sub

1121 1229 1310 1264 humillimo
1323 1230 1468 1273 εἰκασμιῖν
1480 1231 1529 1267 seu
1556 1233 1813 1277 conjeeiurarum
1827 1235 1872 1268 t'i-

1119 1281 1192 1312 tulo
1204 1284 1371 1326 proponit.

316 1345 388 1367 eam
399 1332 639 1380 improbamus.

200 1391 234 1418 ἰ.
366 1381 486 1416 Primo.
514 1383 604 1425 Quia
617 1382 702 1415 viros
713 1391 823 1426 graves
841 1378 894 1412 vix
912 1377 1002 1412 decet
1013 1390 1071 1423 pro

315 1429 378 1466 suis
391 1431 555 1478 dogmatis
568 1430 794 1476 inspirationes
810 1429 932 1462 divinas
944 1427 1069 1474 profer-

318 1480 555 1523 re,l1ujusmodi
564 1482 649 1514 enirn
661 1489 851 1526 argumenta
860 1478 954 1512 latam
967 1477 1069 1511 statim

1171 1330 1298 1375 Qiinta
1320 1329 1474 1364 sententia
1502 1343 1656 1366 numeros
1676 1329 1805 1365 nostros
1831 1345 1870 1366 ο-
1888 1347 1988 1387 lingbu·

1118 1390 1205 1412 mnes
1223 1377 1300 1413 facit
1321 1379 1533 1425 Propheticos
1551 1406 1559 1420 ‚
1587 1385 1615 1415 ἃ.
1636 1380 1870 1416 determinatos
1887 1392 2017 1422 mannia·

1117 1442 1277 1463 annorum
1294 1428 1419 1475 praecise
1437 1431 1528 1463 mille
1544 1431 1758 1464 ducentorum
1779 1429 1867 1465 sexa·
1887 1430 2039 1471 Medifinq

1117 1480 1209 1525 ginta
1223 1491 1230 1509 :
1257 1490 1377 1526 tempus,
1391 1489 1526 1524 tempora,
1538 1483 1567 1512 &
1579 1478 1729 1512 dimidium
1737 1481 1869 1526 temporis
1884 1473 1961 1515 tentia
1970 1483 2009 1510 ἐἴ

317 1527 511 1573 Enthustaflis
526 1541 650 1575 portam
675 1528 871 1575 panderent.-
896 1528 1072 1574 praevidens

317 1577 383 1613 hoc
396 1580 442 1612 vir
458 1577 662 1627 gravissimus
679 1589 775 1625 quam
787 1579 819 1611 in
833 1578 1070 1623 Martyrologio

319 1639 425 1662 narrat
436 1628 678 1675 inspirationem
692 1652 701 1666 ,
715 1628 749 1661 in
763 1629 1002 1661 commentario
1013 1625 1070 1660 suo

320 1676 559 1725 Apocalyptico
571 1679 711 1712 omnino
722 1674 899 1723 supprimit.

370 1725 537 1761 Secundo.
564 1729 701 1761 Nullum
713 1724 805 1760 affert
821 1726 916 1759 velex
929 1725 1070 1770 Scriptu-

322 1774 355 1810 15
365 1800 374 1815 ‚
387 1778 487 1812 velex
500 1779 570 1812 ullo
581 1778 722 1824 probato
733 1777 861 1809 αυὲὶοτε
872 1776 1070 1821 exemplum,

320 1825 378 1860 ubi
401 1827 514 1862 mensis
536 1827 596 1862 stat
615 1839 674 1874 pro
693 1825 863 1872 septennio
879 1825 928 1859 vel
944 1823 1052 1858 licbdo

317 1875 412 1910 made
424 1890 583 1911 annorum
603 1892 611 1912 ε
639 1889 696 1911 nec
718 1877 782 1908 ulla
801 1877 882 1909 tatio
894 1873 1071 1908 commoda

314 1923 417 1959 afferri
430 1925 532 1972 potest
545 1950 553 1963 ,
570 1938 624 1959 cur
636 1925 750 1970 mensis
767 1938 823 1971 pro
836 1925 1007 1970 septennio
1018 1935 1068 1956 ac-

314 1975 464 2020 cipiatur.
497 1975 736 2009 Commentarii
750 1986 854 2008 autem
868 1998 877 2013 ‚
897 1975 950 2019 qui
963 1984 1069 2019 neque

314 2024 465 2069 exempla
493 2036 597 2071 neque
622 2025 765 2058 rationes
785 2022 974 2072 proferunt,
1002 2034 1069 2056 non

315 2071 389 2106 sunt
401 2072 571 2118 probandi.

364 2122 496 2157 Tertio.
533 2124 582 2158 Ut
611 2136 649 2157 ex
687 2122 802 2170 capitis
831 2121 934 2169 quarti
961 2121 1070 2167 primo

317 2173 528 2218 probavimus
541 2197 548 2209 ,
562 2172 699 2205 visiones
711 2185 772 2218 prae
785 2170 935 2204 manibus
949 2170 1019 2204 sunt
1032 2170 1069 2203 de

316 2221 411 2257 rebus
421 2219 535 2254 futuris
546 2233 612 2253 non
625 2222 804 2266 praeteritis,
813 2219 864 2252 hic
875 2230 983 2252 autem
996 2219 1070 2251 Foxi

318 2270 572 2306 commentarius
590 2281 639 2301 eas
659 2268 804 2301 extendit
824 2267 862 2299 ad
882 2269 1001 2299 multos
1013 2278 1065 2298 an-

319 2332 382 2356 nos
394 2343 402 2355 ‚
426 2317 655 2353 antecedentes
675 2313 893 2362 Apocalypsin
910 2318 939 2348 ἃ
952 2314 1069 2349 adven-

319 2380 393 2404 tum
405 2366 520 2401 Ioannis
536 2368 568 2399 in
580 2366 732 2402 Patmon.

284 2455 287 2461 f
369 2415 512 2464 Qarto.
537 2417 703 2462 Tempora
720 2411 959 2460 Apocalypseos
971 2411 1069 2446 unde-

320 2469 409 2503 cimo
421 2492 429 2506 ,
446 2464 643 2500 duodecimo
655 2489 663 2502 ,
679 2467 709 2497 ὅ(
721 2463 947 2497 decimotertio
969 2463 1072 2508 capite

320 2515 461 2564 expressa
478 2539 486 2551 ,
511 2513 598 2548 τεᾶὲ
624 2513 662 2547 de
684 2511 745 2546 una‘i
759 2516 789 2547 ὃ(
807 2512 915 2546 εέἀειῃ
938 2511 1072 2558 periodo

320 2572 420 2602 Foxus
430 2566 584 2611 exponit:
602 2561 655 2596 sed
667 2572 702 2596 ut
714 2573 875 2608 perperam
887 2574 956 2594 eam
972 2562 1074 2608 perio—

321 2617 401 2651 dum
414 2613 546 2648 inchoat
563 2611 578 2646 ὲ
592 2623 671 2646 nece
684 2612 799 2645 Ioannis
812 2611 946 2656 Baptiffae
958 2635 965 2649 ,
987 2612 1030 2643 ita
1042 2614 1072 2643 δι

321 2676 486 2713 perperam
501 2664 653 2696 terminat
666 2663 697 2694 in
709 2659 894 2703 Constantini
904 2660 1076 2705 principio,

322 2715 362 2750 sic
373 2715 459 2749 enim
469 2711 508 2745 ab
521 2711 678 2744 omnibus
689 2710 752 2743 illis
763 2709 843 2742 locis
855 2720 1072 2741 communem

323 2764 476 2798 omnium
487 2760 675 2795 sententiam
684 2759 794 2792 omnis
803 2756 993 2791 Antichristi
1006 2769 1074 2803 per-

322 2812 443 2847 secutio
456 2810 683 2845 excluderetur.

375 2857 520 2907 Qinto.
547 2860 578 2893 ld
599 2857 734 2906 quodin
753 2853 811 2888 hac
833 2852 990 2888 sententia
1003 2866 1075 2888 ma-

323 2911 410 2945 xime
423 2910 569 2955 displicet
588 2911 653 2947 est,
682 2904 772 2952 quod
793 2905 994 2938 intervallum
1009 2904 1071 2937 hoc

322 2973 382 3005 prae
394 2959 542 2994 manibus
556 2962 587 2991 δέ
601 2959 747 3003 geminet
760 2958 788 2987 δέ
801 2956 919 2987 laceret
932 2976 939 2987 ‚
953 2955 1073 2999 priores

322 3012 407 3042 enim
428 3021 530 3041 annos
551 3008 709 3041 ducentos
736 3004 913 3049 nonaginta
936 3014 1073 3047 quatuor

323 3055 447 3090 ascribit
471 3055 747 3102 persecutionibus
773 3053 989 3086 Ethnicorum
1007 3075 1017 3091 ,
1042 3054 1072 3084 δέ

324 3105 512 3152 posteriores
556 3103 829 3152 perlectitionibus
871 3103 1053 3135 Turcarum
1068 3126 1075 3138 ,

324 3165 403 3198 quas
419 3153 549 3186 inchoat
569 3156 607 3187 ab
628 3167 714 3187 anno
733 3150 904 3186 millesimo
919 3162 1073 3184 trecente·

324 3202 425 3244 fimo,
444 3206 475 3236 &
488 3203 607 3238 claudit
621 3205 653 3237 in
667 3202 837 3238 millesimo
849 3197 1071 3249 quingentesi-

1116 1527 1302 1561 relolvendo
1316 1530 1347 1560 in
1361 1538 1421 1560 tres
1435 1539 1537 1560 annos
1555 1532 1583 1560 ἃ
1596 1527 1770 1561 dimidium
1785 1551 1792 1563 ‚
1819 1542 1856 1563 ve

1118 1574 1238 1610 menses
1259 1576 1471 1624 quadraginta
1491 1576 1571 1610 duos
1589 1602 1597 1615 ,
1626 1576 1676 1610 vel
1695 1577 1760 1611 dies
1785 1578 1873 1613 mille

1117 1626 1276 1659 ducentos
1287 1624 1462 1672 sexaginta,
1473 1639 1612 1674 quorum
1624 1625 1765 1674 singulos
1781 1640 1874 1663 more

1119 1674 1353 1722 Prophetarum
1372 1677 1554 1710 extendunt
1573 1675 1612 1709 ad
1623 1688 1743 1710 annum
1757 1676 1874 1711 Astro-

1119 1727 1300 1759 nomicum.
1328 1726 1436 1770 Hujus
1453 1725 1577 1772 periodi
1597 1723 1696 1760 finem
1718 1726 1873 1761 claudunt

1118 1777 1149 1808 in
1183 1788 1270 1808 anno
1304 1772 1416 1808 chum
1441 1774 1616 1809 millesimo
1642 1773 1870 1811 sexcentesimo

1117 1824 1409 1871 quinquagesimo,
1421 1837 1486 1872 quo
1499 1826 1641 1859 Romani
1654 1827 1782 1871 Imperii
1795 1851 1803 1864 ,
1815 1838 1869 1859 ur·-

1116 1874 1164 1907 bis
1179 1875 1302 1913 Romae,
1315 1874 1545 1909 Antichristi&
1557 1875 1743 1907 Turcarum
1755 1885 1865 1920 tyran-

1117 1924 1199 1958 nidis
1211 1921 1317 1957 casum
1331 1922 1495 1964 referunt,
1524 1922 1659 1971 quando
1680 1922 1868 1969 Judaeorum

1117 1973 1360 2008 conversionem
1373 1997 1382 2010 ,
1407 1975 1623 2020 quintamque
1640 1972 1868 2006 Monarchiam

1116 2024 1305 2057 Sanctorum
1319 2049 1327 2062 ‚
1345 2024 1491 2069 inprimis
1502 2021 1650 2057 fidelium
1666 2021 1869 2069 judaeorum,

1119 2073 1350 2120 expctffimdam
1365 2072 1497 2107 docent.

1167 2123 1364 2157 Commenti
1374 2122 1469 2167 liujus
1480 2120 1690 2156 fundamenta
1701 2120 1774 2162 jecit
1786 2116 1870 2152 Tho-

1118 2185 1176 2204 mas
1188 2170 1414 2222 Brtghtmannus
1424 2195 1434 2210 ‚
1446 2173 1493 2204 vir
1507 2170 1621 2203 doetus
1632 2172 1661 2201 &
1677 2169 1746 2212 pius
1757 2191 1766 2204 ‚
1777 2166 1873 2213 liujus

1118 2221 1233 2252 callem
1251 2233 1282 2252 in
1298 2218 1454 2264 plerisque
1465 2228 1573 2251 terunt
1589 2213 1720 2262 lose-(hus
1738 2217 1872 2254 Medus,

1118 2264 1243 2299 Thomas
1253 2265 1388 2306 Parkerus
1399 2294 1405 2305 ‚
1423 2264 1562 2313 Ephraim
1573 2269 1684 2300 I-Iuitns
1695 2290 1704 2305 ‚
1715 2267 1771 2300 viri
1784 2265 1872 2300 sirni-

1116 2314 1187 2348 liter
1210 2313 1286 2348 cum
1307 2316 1475 2349 doetitum
1490 2316 1543 2361 pii.
1571 2314 1662 2348 Istam
1676 2326 1784 2349 autem
1797 2314 1872 2350 sen-

1115 2365 1249 2398 tentiam
1265 2364 1397 2410 probare
1410 2377 1476 2398 non
1488 2364 1662 2410 possumus.

1164 2411 1274 2447 Primo
1293 2415 1380 2447 enim
1392 2412 1538 2447 'omnino
1554 2426 1639 2447 nova
1649 2411 1712 2452 est,
1737 2413 1867 2461 ejusque

1118 2463 1311 2496 auetoresab
1321 2465 1458 2497 aliorum
1472 2464 1620 2497 omnium
1631 2473 1701 2497 ante
1713 2461 1743 2496 se
1753 2462 1870 2497 Theo-

1119 2514 1272 2560 logorum
1286 2525 1395 2546 mente
1405 2512 1568 2547 discedere
1583 2510 1775 2558 profitentur
1786 2535 1796 2552 ,
1814 2510 1872 2546 etsi

1120 2561 1196 2609 saepe
1208 2561 1312 2596 verbis
1331 2560 1402 2596 satis
1418 2562 1570 2596 modestis
1581 2585 1590 2600 ,
1607 2573 1647 2595 eo
1660 2572 1771 2594 tamen
1783 2562 1874 2595 exitu

1121 2623 1154 2644 ut
1167 2609 1366 2658 praefidenter
1379 2616 1408 2645 ὅ(
1421 2610 1620 2657 superciliose
1633 2609 1702 2644 satis
1718 2607 1873 2644 suossen-

1120 2659 1168 2708 sus
1183 2661 1321 2693 aliorum
1331 2661 1488 2694 omnibus
1501 2658 1682 2706 pra‘ferant‚
1692 2659 1788 2707 idque
1798 2670 1874 2692 eum

1120 2710 1223 2742 titulis
1244 2710 1338 2742 nimis
1352 2723 1449 2757 quam
1470 2706 1652 2756 magnificis
1668 2711 1762 2743 clavis
1779 2711 1876 2753 Apo-

1122 2760 1329 2805 pocalypticae
1353 2783 1363 2799 ‚
1414 2765 1445 2794 ὅ(
1480 2756 1676 2805 apocalypsis
1712 2757 1876 2803 Apocaly-

1122 2805 1224 2854 pseos.

1170 2855 1331 2892 Secundo.
1359 2857 1479 2890 Eorum
1501 2857 1716 2890 temeritatem
1742 2863 1871 2900 tempus

1121 2903 1224 2951 ipsum
1240 2909 1304 2950 jam
1322 2905 1505 2940 confutavit
1519 2929 1526 2940 ,
1543 2904 1670 2937 advenit
1683 2905 1875 2938 annusmil-

1121 2952 1812 3000 lesimussexcentesimiusquinquagelimus,
1839 2957 1876 2987 δε

1122 3004 1265 3049 quinque
1278 3001 1404 3044 insuper
1422 3002 1665 3048 pertransierunt
1680 3002 1877 3036 determina-

1122 3048 1535 3097 tissimumillumipsorum
1547 3054 1729 3091 calculum5
1755 3052 1877 3085 statta—

1123 3114 1196 3135 men
1217 3101 1313 3134 hodie
1331 3100 1440 3134 Roma
1457 3125 1466 3139 ,
1504 3101 1737 3147 Romanusque
1759 3102 1876 3134 Ponti-

1121 3150 1188 3186 fex,
1203 3154 1232 3183 &
1243 3151 1411 3183 Romanus
1426 3151 1621 3196 Imperator,
1633 3151 1876 3194 'surcicumque

1120 3200 1313 3248 Imperium,
1325 3199 1479 3248 duratque
1491 3199 1676 3247 Judaeorum
1689 3197 1875 3234 obstinatio.

1718 3250 1748 3280 ὅ(
1762 3249 1876 3283 omnia

1860 1531 1871 1563 l
1882 1513 1991 1548 furatur.
