2048 3343
497 121 987 162 Enisa-orrea
1044 123 1465 162 Cotrarxo.

27 190 172 229 spalatensis

27 232 91 260 Τι’ίίέ
108 233 161 268 sta.

28 276 79 300 tuit
98 284 160 312 qna-

21 314 137 350 stionem.

242 198 330 231 Dum
344 194 412 243 sigis
426 195 603 242 quoestionis
615 196 724 230 statum
735 220 744 235 ,
764 195 794 229 id
806 195 892 243 quod
904 194 956 228 de-

195 243 383 280 fendendum
391 242 509 291 suscipis
517 245 561 279 est
570 246 683 279 εΙεξὶίο
692 243 868 291 τεῖρεᾶἰνα,
876 255 953 276 con-

195 296 365 334 ditionalis,
380 299 410 329 &
424 295 624 341 dependensa
636 294 713 333 fide,
727 298 757 327 &
772 293 864 326 bonis
878 303 955 337 ope-

195 345 296 384 ribus,
320 344 385 377 imo
399 343 414 377 a
428 343 503 379 fide,
526 344 655 388 pietate,
676 346 707 376 δι
725 340 954 387 perseverantia.

195 396 295 428 Status
314 393 365 426 hic
383 391 557 439 quaestionis
572 390 588 424 εὶ
607 390 767 438 Spalatensi
781 388 858 423 fixus
876 387 953 422 mihi

195 444 359 491 perplacet,
371 453 441 474 nam
449 441 592 474 virtutem
605 438 698 473 habet
711 451 777 484 quae
790 438 822 472 in
832 435 954 485 plerisq;

195 490 448 540 disputationibus
465 489 647 524 desideratur
663 503 670 522 :
690 486 786 522 efficit
800 486 897 522 thesin
915 487 955 520 ita

196 544 327 590 planam,
336 545 365 575 ἃ
374 538 624 586 ambiguitatibus
633 550 766 577 vacuam,
782 548 815 571 ut
825 537 955 584 partium

197 590 348 626 sententia:
362 589 449 636 plene
458 594 486 623 ἃ
499 587 654 635 perspicue
667 587 776 634 possint
784 584 929 633 conspici.

35 662 103 686 rana
114 655 146 691 ‘st
249 644 342 687 Qos
351 639 472 673 adducis
483 651 540 685 pro
548 649 606 671 tuae
621 635 772 670 sententiae
785 633 956 669 fautoribus

34 693 179 735 spabatenfi's
202 688 265 724 sunt
279 702 390 724 omnes
403 700 500 733 patres
519 687 623 729 Graeci
638 690 667 720 &
686 686 785 718 Latini
803 696 872 718 ante
885 686 955 716 Au-

29 739 160 782 Jaaamra
201 739 346 787 (ustinnm
360 762 368 778 ,
396 742 425 772 &
440 737 535 770 hodie
551 748 660 769 omnes
673 733 839 767 Lmheram·
855 758 865 772 ,
890 737 955 766 Ar—

35 779 64 806 d²
73 775 186 805 ⁰'’¹'⁷¹b'¹‘⁵
194 779 340 827 ‘minianu
350 792 379 822 8<
389 787 526 833 plerique
536 784 654 832 Jesm'tae.
663 782 870 817 Assertionem
877 782 956 816 hanc

33 866 76 896 pro
92 857 187 892 Pelagio
201 850 283 873 tuam
297 836 418 884 paulum
432 837 666 882 perpendamus.
687 833 853 867 Ordinaria
862 834 956 865 Pela-

37 902 185 925 comraAu-
202 892 259 928 fii,
283 887 469 932 suorumque
487 886 562 917 olim
579 882 752 930 sequacium
770 881 819 916 seu
838 883 869 915 in
885 884 957 915 toto

34 937 162 974 gustt'mcm
186 928 252 983 '‘seu
262 950 295 970 cx
309 948 391 983 parte
404 930 609 978 iaetantiafuit
619 957 627 971 ‚
645 931 732 979 quod
741 930 874 978 proipsis
882 943 956 964 con-

36 987 64 1004 m
78 978 191 1022 damino
204 999 249 1021 tm
269 984 489 1034 «flagellatum
509 982 597 1016 staret
611 993 675 1015 tota
689 981 861 1027 praecedens
881 981 958 1014 anti-

38 1016 165 1045 elcft'mnu.
204 1035 318 1085 quitas':
337 1034 442 1069 verum
455 1031 638 1081 Augtstmus
650 1029 759 1065 diserte
772 1030 958 1064 contrarium

204 1084 342 1121 affirmat.
368 1084 500 1118 Videtur
512 1080 694 1130 Augustinus
707 1082 834 1113 Patrum
848 1090 915 1113 ante
932 1075 961 1112 se

206 1146 344 1170 mentem
358 1132 492 1167 habuisse
505 1143 565 1165 tam
581 1128 768 1177 perspeftam
782 1129 875 1176 quam
892 1129 960 1175 qui-

207 1187 252 1221 vis
267 1183 319 1218 suo
333 1182 433 1217 seculo
450 1182 663 1215 haereticorum
679 1203 687 1218 ‚
713 1191 769 1212 nec
790 1177 934 1211 scientem
948 1200 957 1215 ‚

208 1235 391 1282 prudentem
405 1232 442 1266 de
462 1230 568 1264 sanetis
585 1228 721 1263 Patribus
738 1225 861 1261 voluisse
875 1239 959 1260 men-

208 1285 272 1324 tiri3
281 1283 446 1329 quinetiam
464 1282 493 1313 in
502 1280 586 1313 variis
596 1279 824 1324 Pelagianorum
833 1276 960 1324 dogma-

208 1334 247 1368 tis
263 1332 443 1366 adduccndo
455 1328 599 1364 distincte
612 1326 779 1374 permultos
793 1339 828 1359 ex
844 1328 964 1359 Patrurn

209 1381 325 1428 scriptis
339 1382 426 1414 locos
439 1404 448 1418 ,
474 1378 621 1411 haereticae
640 1376 788 1420 jactantiae
802 1376 964 1409 vanitatem

188 1424 199 1441 Ι
208 1431 360 1478 coarguit,
373 1429 519 1463 nimirum
527 1428 556 1460 in
565 1426 695 1459 articulis
704 1426 740 1467 de
748 1426 886 1472 originali
896 1437 964 1472 pec-

210 1492 298 1519 cato,
320 1481 357 1513 de
376 1478 546 1512 necessitate
560 1475 771 1522 praevenientis
786 1475 906 1521 grathe,
928 1474 966 1508 dc

210 1528 345 1564 efficaci&
358 1528 459 1575 gratiae
471 1525 626 1572 operantis
640 1547 649 1560 ‚
677 1525 707 1557 in
724 1522 804 1557 hisce
817 1523 966 1570 capitibus

211 1580 233 1615 si
246 1591 371 1614 tuorum
383 1574 516 1622 ipsorum
531 1574 693 1608 :merorum
702 1574 885 1621 Spalatensis,
901 1573 964 1618 Vos-

204 1630 260 1673 fii,
279 1641 312 1662 ac
326 1627 478 1663 ffliolinae
489 1624 605 1669 judicio
618 1623 661 1656 vis
677 1620 865 1670 acquiescere
877 1647 886 1663 ‚
912 1623 965 1657 ab·

211 1677 295 1712 unde
308 1677 418 1725 probat
439 1676 647 1722 eAuguHmus
669 1675 770 1707 Patres
791 1673 923 1707 Graecos
935 1677 966 1708 &

212 1728 341 1763 Latinos
349 1739 407 1774 pro
415 1723 441 1759 se
449 1735 556 1759 contra
569 1724 746 1770 Pelagianos
760 1722 868 1758 facere.
882 1723 966 1758 Idem

214 1776 345 1813 affirmat
358 1777 395 1811 de
408 1773 672 1822 praedestinatione
687 1786 696 1813 ;
716 1786 787 1807 nam
797 1774 828 1806 in
841 1772 902 1808 hoc
917 1785 964 1808 ca-

213 1829 278 1876 pite
286 1827 428 1861 auftores
437 1825 481 1858 tui
490 1822 691 1872 Augustinum
704 1822 818 1857 merito
830 1821 966 1858 deserue—

215 1888 303 1917 runt,
320 1877 393 1912 &in
404 1874 517 1920 Pelagii
531 1871 623 1906 castra
636 1872 832 1912 transtrum,
845 1872 966 1907 dumas-

215 1926 315 1961 serunt
329 1923 529 1974 Augustmum
543 1924 659 1969 priores
673 1926 774 1957 Patres
787 1924 818 1957 in
825 1922 866 1957 do
891 1933 969 1957 mate

215 1977 254 2011 de
266 1977 423 2010 eleffione
437 1974 482 2007 vel
498 1986 561 2006 non
576 1972 752 2007 intellexisse
766 1998 775 2012 ‚
801 1973 846 2007 vel
878 1969 970 2007 alsum

217 2027 255 2060 de
268 2026 303 2058 iis
319 2024 532 2059 testimonium
551 2020 723 2068 praebuisse,
746 2025 810 2066 ejus
831 2022 906 2057 vero
918 2022 971 2056 ad-

217 2073 366 2109 versarios
380 2078 410 2108 &
424 2072 508 2106 reffe
522 2071 572 2106 hic
595 2075 693 2105 Patres
714 2070 889 2106 intellexisse
902 2097 911 2111 ,
939 2076 970 2107 &

216 2123 318 2172 probe
337 2123 512 2169 sincereque
527 2134 635 2154 eorum
649 2132 785 2155 mentem
798 2121 972 2169 explicasse,

217 2172 272 2208 suo
283 2174 357 2207 loco
371 2170 628 2210 examinabimus;
643 2172 864 2218 perpendentes
872 2171 973 2219 singu-

219 2223 247 2257 la
259 2235 326 2270 quae
340 2220 427 2256 affers
445 2223 565 2254 patrum
577 2221 768 2259 testimonia,
786 2225 816 2255 &
832 2232 973 2268 quaecun-

220 2285 281 2319 que
295 2273 369 2306 ultra
381 2271 438 2304 tibi
450 2270 583 2315 placebit
596 2269 716 2302 addere.
735 2274 769 2302 ln
784 2269 846 2303 hoc
858 2271 974 2303 exami-

223 2333 279 2360 ne,
293 2319 395 2366 spero‚
411 2318 545 2351 invenies
560 2321 727 2350 Patrestam
742 2318 873 2352 Graecos
883 2318 974 2364 quam

223 2370 352 2404 Latinos
365 2380 429 2401 non
441 2367 537 2412 magis
552 2364 713 2412 Augustum
726 2366 976 2398 contradicerein

224 2417 370 2452 sententia
379 2416 427 2451 sua
440 2415 476 2449 de
491 2414 754 2461 praedestinatione
763 2438 772 2452 ,
785 2413 877 2459 quam
891 2414 921 2446 in
929 2426 976 2447 re-

226 2468 316 2515 liquis
331 2465 386 2500 suis
399 2475 505 2499 contra
513 2463 760 2498 audaciffimos&
773 2461 978 2496 subtilissimos

226 2517 387 2552 haercticos
400 2514 564 2560 dogmatis.

61 2576 204 2604 lutherani
267 2565 367 2616 Qod
380 2560 552 2597 Luthercmi
564 2563 651 2596 intu3
665 2561 720 2596 sint
734 2560 882 2597 sententia
897 2562 933 2596 de
945 2574 979 2595 e-

63 2619 89 2643 in
102 2614 214 2662 dqc‘irma‘
228 2617 363 2651 leffione
378 2614 595 2661 dependentea
608 2612 667 2646 fide
682 2616 711 2647 δι
721 2612 866 2659 operibus
877 2611 980 2646 nescio

62 2657 183 2722 elgc'iionsr
229 2667 282 2714 qui
295 2664 489 2712 probaveris,
506 2662 588 2697 certe
603 2663 657 2695 alia
669 2662 797 2695 Lutherz'
814 2673 899 2695 mens
913 2659 980 2695 fuit.

64 2701 214 2774 :iassmcssf-
229 2716 311 2751 Vide
323 2712 532 2762 praefationem
546 2712 773 2745 Commentarii
782 2712 812 2744 in
821 2710 981 2758 epistolam

63 2775 157 2814 ferunt.
229 2767 267 2801 ad
281 2766 463 2802 Roman053
482 2762 526 2795 ibi
537 2759 644 2795 diserte
660 2760 754 2795 fidem
769 2765 799 2796 δι
813 2761 979 2807 bonaope-

229 2828 262 2851 ra
273 2813 443 2862 posteriora
456 2811 626 2850 eleetione‚
641 2808 764 2856 ejusque
777 2807 886 2843 effetfln
898 2808 980 2844 facit.

232 2866 264 2899 Si
283 2866 426 2897 Mortono
440 2861 542 2895 credas
551 2861 581 2893 in
594 2871 712 2906 nupero
725 2858 779 2892 suo
793 2859 829 2892 ad
843 2857 982 2892 nostrum

233 2917 377 2949 Duraeum
390 2911 515 2958 script0‚
536 2909 686 2942 Lmherus
703 2908 817 2955 ubique
832 2908 981 2942 elthioni

233 2963 451 2997 conditionatae
466 2957 643 2993 adversatur.
668 2960 786 2993 Verum
798 2956 842 2991 est
854 2957 983 2990 Lutheri

229 3010 393 3058 discipulos
407 3011 458 3044 diu
473 3007 683 3056 postmagistri
696 3019 847 3046 mortem,
862 3006 983 3041 utarbi-

232 3061 358 3095 trarium
372 3058 455 3093 suum
469 3059 485 3092 a
504 3058 594 3091 nobis
608 3055 730 3092 schisma
742 3055 960 3091 confirmarent
973 3079 983 3094 ,

233 3110 327 3145 varias
342 3108 523 3156 quaestiones
534 3108 564 3139 in
573 3108 702 3141 articulis
716 3107 753 3141 de
766 3106 938 3143 eleetione,
953 3109 983 3139 &

231 3158 450 3205 reprobatione
464 3168 527 3190 non
543 3154 714 3190 necessarias
727 3166 832 3190 contra
843 3167 900 3188 nos
914 3167 982 3188 mo-

232 3207 317 3245 visse:
332 3219 465 3243 attamen
472 3206 487 3241 a
495 3217 550 3240 tuo
559 3204 609 3239 hic
618 3205 763 3254 dogmate
771 3205 807 3240 ad
814 3204 895 3240 hunc
903 3204 984 3238 diem

35 817 155 846 Patribus

1694 133 1749 173 123

993 195 1087 243 longe
1100 193 1215 229 absunt.
1233 197 1267 228 In
1276 195 1442 229 collatione
1455 193 1750 242 Mompeligardensi

991 257 1059 292 pag.
1077 256 1148 290 147.
1164 242 1288 278 testatur
1302 247 1388 279 Beza
1403 243 1614 283 Luffieranos,
1629 242 1681 277 etsi
1689 244 1749 278 do-

993 303 1079 326 ceant
1097 294 1242 326 meritum
1259 294 1369 326 mortis
1392 293 1507 326 Christi
1527 293 1674 327 omnibus
1688 293 1749 327 ho.

991 341 1127 374 minibus
1136 340 1247 389 absque
1255 342 1436 388 exceptione
1443 341 1617 388 cujusquam
1626 341 1746 381 offerri,

991 393 1023 423 δε
1033 390 1285 435 reprobationem
1298 390 1460 437 provenire
1470 404 1505 424 ex
1515 391 1690 437 praevisione
1702 392 1750 424 in-

990 437 1144 472 fidelitatis
1157 451 1191 471 ac
1204 438 1301 473 finalis
1313 441 1546 486 impoenitentiae
1556 464 1565 479 ‚
1591 440 1750 474 nihilomi-

991 487 1048 522 nus
1058 498 1161 521 tamen
1168 485 1317 521 affirmare
1326 490 1513 523 electionem
1524 491 1655 522 omnino
1664 491 1751 536 prio-

992 550 1075 576 rem,
1093 540 1124 571 &
1140 536 1227 570 nullo
1240 536 1339 570 modo
1357 537 1581 583 dependentem
1598 538 1614 571 a
1626 538 1749 584 praevisfi

993 585 1072 627 fide;
1088 586 1163 633 quin
1177 590 1208 620 ὃ(
1221 585 1316 620 hodie
1328 598 1398 619 cum
1413 584 1474 620 suas
1488 599 1595 620 contra
1610 599 1668 620 nos
1683 588 1750 621 lites

993 636 1029 669 ad
1041 637 1207 683 integram,
1222 646 1253 669 ut
1262 634 1457 682 profitentur,
1471 638 1636 669 centuriam
1645 648 1752 670 exten-

994 685 1126 720 derunt,
1154 689 1185 719 &
1205 686 1367 730 Synodum
1385 686 1620 719 Dordracenam
1635 687 1665 718 in
1686 683 1750 732 ipso

993 735 1031 768 de
1045 734 1200 768 electione
1213 735 1341 768 articulo
1357 733 1544 768 acerbissime
1556 745 1731 768 taxaverunt
1743 757 1753 773 ,

994 784 1108 817 docent
1119 794 1220 817 tamen
1233 783 1327 817 fidem
1342 788 1371 817 δι
1382 796 1491 817 omnes
1504 783 1589 817 actus
1602 782 1751 830 gratiosos

994 832 1181 880 posteriores
1194 831 1252 867 esse
1265 832 1318 867 etsi
1332 845 1396 866 non
1411 833 1583 871 eleetione,
1607 831 1690 880 sequi
1708 843 1753 866 ta-

995 894 1066 916 men
1079 882 1145 916 Dei
1161 881 1368 928 propositum,
1385 881 1564 922 consilium,
1579 882 1755 928 beneplaci-

997 943 1062 965 tum
1072 955 1081 970 ,
1099 931 1184 978 quod
1198 934 1302 967 revera
1315 932 1428 965 eleffio
1442 930 1503 970 est,
1518 933 1587 965 licet
1601 930 1755 977 ipsivelint

996 980 1156 1014 elestionis
1169 979 1287 1014 tantum
1305 980 1442 1027 regulam
1455 982 1568 1015 vocari.
1595 982 1664 1014 Hac
1678 980 1755 1014 dere

995 1030 1062 1065 vide
1076 1029 1228 1074 Mentseri
1241 1033 1488 1078 Ami-qratiam,
1502 1030 1556 1063 ubi
1568 1032 1659 1063 etiam
1674 1028 1758 1063 affir-

997 1090 1059 1113 mat
1073 1078 1246 1114 ematthtae
1260 1080 1445 1115 Martinii
1464 1079 1502 1112 de
1515 1080 1670 1113 elvetione
1690 1076 1756 1113 sen-

997 1130 1124 1163 tentiam
1137 1130 1168 1162 in
1181 1129 1297 1174 Synodi
1313 1129 1524 1162 Dordraccnae
1533 1129 1608 1162 affis
1621 1129 1753 1167 editam,

998 1177 1169 1225 ipsissimam
1186 1176 1244 1211 effe
1261 1190 1354 1224 quam
1371 1177 1465 1211 hodie
1482 1177 1650 1211 Lutherani
1668 1189 1758 1212 tuen-

999 1238 1059 1263 tur,
1067 1239 1133 1275 quae
1146 1227 1240 1274 longe
1255 1225 1360 1261 differt
1372 1227 1387 1260 a
1400 1226 1613 1274 propositione
1627 1229 1689 1260 tua,
1703 1224 1756 1259 etsi

1001 1277 1070 1310 inde
1083 1275 1257 1310 excluderes
1270 1287 1331 1310 tam
1345 1289 1443 1323 opera
1455 1276 1548 1322 quam
1567 1274 1757 1321 perseveran-

1000 1329 1090 1361 tiam:
1104 1323 1152 1359 sed
1161 1337 1231 1359 cum
1239 1338 1332 1372 opera
1341 1325 1469 1359 includis
1476 1337 1534 1359 tuae
1541 1325 1616 1359 thesi
1625 1349 1633 1361 ‚
1646 1336 1757 1358 omnes

1002 1374 1172 1409 Lutherani
1186 1387 1252 1408 eam
1266 1375 1403 1419 rejicient
1411 1386 1443 1409 ut
1455 1387 1555 1409 veram
1563 1373 1687 1409 haeresin
1696 1388 1704 1408 ε
1713 1373 1755 1407 illi

1004 1426 1086 1459 enim
1100 1422 1238 1458 efficiunt
1257 1423 1506 1467 justificationem
1521 1429 1552 1459 δι
1567 1424 1758 1458 εΙεᾶἰοηειῑι

1002 1476 1032 1508 in
1046 1473 1138 1511 causis
1153 1477 1184 1508 δι
1197 1473 1332 1518 objectis
1347 1473 1480 1508 omnino
1496 1485 1598 1520 pares,
1612 1472 1758 1506 docendo

1001 1523 1094 1558 fidem
1108 1522 1277 1570 praecedere
1288 1534 1448 1570 utramque
1457 1547 1464 1558 ‚
1477 1521 1526 1557 sed
1540 1534 1635 1569 opera
1645 1532 1759 1555 utram-

1003 1587 1062 1621 que
1074 1572 1173 1621 sequi‚
1197 1572 1263 1607 imo
1276 1572 1351 1607 vero
1370 1571 1498 1607 statuere
1511 1572 1595 1606 bona
1607 1583 1700 1618 opera
1714 1573 1761 1615 ju·

1003 1622 1192 1658 stificationis
1210 1621 1352 1669 adeoque
1364 1623 1527 1656 eleffionis
1547 1619 1661 1660 causas,
1694 1622 1760 1653 Lu-

1002 1673 1119 1708 therani
1138 1671 1284 1706 haetenus
1304 1669 1420 1719 semper
1444 1671 1615 1706 abominati
1635 1669 1701 1704 sunt
1725 1679 1758 1703 ut

1003 1720 1206 1758 crassissimum
1221 1724 1371 1757 Romanae
1386 1721 1516 1756 ecclesiae
1531 1733 1678 1755 errorem.

1053 1771 1153 1820 Qod
1166 1771 1202 1805 ad
1215 1770 1338 1819 Jeficitas
1347 1795 1354 1807 ‚
1368 1771 1439 1806 licet
1452 1784 1564 1806 omnes
1577 1782 1679 1804 tecum
1694 1767 1760 1803 sen·
1776 1770 1926 1807 lefititarum

1004 1822 1108 1858 tirent,
1125 1833 1231 1868 parum
1240 1820 1303 1855 hoc
1310 1821 1447 1858 adderet,
1462 1822 1584 1866 velopis
1597 1819 1758 1853 velhono-
1774 1814 1892 1879 Zrmcr‘pef
1900 1822 1927 1839 ”²

1006 1872 1045 1906 ris
1057 1882 1115 1906 tuae
1128 1869 1219 1905 causae
1233 1894 1241 1907 ‚
1261 1869 1310 1905 sed
1323 1882 1385 1905 tam
1398 1869 1522 1905 absurda
1533 1870 1598 1905 haec
1611 1869 1655 1903 est
1668 1867 1757 1902 thesis
1775 1853 1887 1919 [εἶξζζὲ
1904 1863 1930 1879 ⁶*

1005 1932 1067 1961 tua,
1078 1932 1112 1955 ut
1120 1918 1254 1968 ipsorum
1262 1919 1539 1968 etiamJesuitarum
1547 1921 1684 1967 plerique
1694 1930 1759 1952 eam
1776 1933 1897 1959 commm-

1008 1972 1145 2018 rejiciant
1163 1969 1246 2018 quasi
1264 1967 1356 2018 ipsam
1374 1972 1485 2019 Pelagii
1498 1968 1631 2004 haeresin.
1654 1972 1686 2002 ln
1699 1967 1761 2001 hoc
1772 1973 1930 2009 suntArnn'-

1009 2022 1104 2055 clarus
1118 2026 1147 2056 &
1164 2021 1277 2055 multus
1291 2019 1336 2058 est
1355 2021 1566 2052 Pellarmimu.
1602 2021 1764 2051 Mortonus
1778 2014 1869 2040 mania.

1010 2072 1041 2105 in
1054 2069 1164 2117 scripto
1177 2071 1402 2117 praenominato
1414 2069 1443 2103 ei
1457 2068 1540 2102 addit
1554 2069 1714 2114 primarios
1726 2078 1764 2099 o-

1010 2132 1097 2155 mnes
1111 2120 1189 2159 illius
1203 2117 1353 2153 societatis
1366 2142 1375 2158 ‚
1402 2119 1588 2152 nominatim
1606 2118 1677 2151 citat
1697 2115 1766 2148 Sal-

1010 2182 1174 2208 meronem,
1195 2168 1459 2207 emaldonatum‚
1473 2167 1652 2210 Suarefium,
1675 2168 1767 2198 Pere-

1010 2224 1092 2253 rium
1101 2243 1111 2258 ,
1125 2223 1156 2253 &
1172 2219 1316 2251 Toletum.
1324 2219 1393 2253 Irno
1404 2216 1478 2250 vero
1485 2215 1612 2249 historia
1620 2216 1666 2248 illa
1675 2215 1768 2247 Con-

1011 2269 1073 2302 cilii
1083 2268 1261 2301 Tridentini
1273 2291 1282 2303 ,
1303 2267 1348 2300 ob
1366 2279 1457 2313 quam
1472 2265 1622 2302 multum,
1645 2262 1744 2296 fateor
1757 2285 1766 2299 ,

1012 2316 1160 2351 debemus
1174 2315 1317 2362 apostatae
1331 2325 1386 2348 tuo
1402 2315 1575 2363 Spalatenst‚
1600 2310 1707 2346 dist-rte
1721 2321 1767 2344 te-

1013 2364 1106 2397 statur
1125 2364 1156 2396 in
1177 2376 1211 2397 ea
1231 2364 1358 2409 Synodo
1378 2376 1443 2396 non
1458 2362 1575 2396 tantum
1592 2360 1718 2408 Jesuitas
1736 2364 1767 2393 &

1014 2412 1245 2446 Dominicanos
1253 2435 1262 2450 ‚
1273 2410 1432 2445 sedtotum
1443 2411 1688 2457 Theologorum
1697 2421 1769 2441 cor-

1014 2474 1069 2509 pus
1079 2485 1088 2501 ,
1101 2472 1163 2495 tam
1179 2459 1312 2505 Scottstas
1319 2460 1411 2507 quam
1421 2459 1581 2504 Thomtstas
1594 2458 1769 2505 dependen-

1014 2522 1077 2545 tem
1095 2521 1180 2544 tuam
1199 2509 1497 2558 praedestinationem
1520 2508 1718 2542 vehementer
1737 2517 1771 2541 ut

1015 2559 1190 2608 ipsissimum
1205 2559 1454 2606 Pelagianismum
1473 2555 1681 2604 impugnasse:
1704 2557 1771 2603 qui-

1016 2622 1137 2656 cunque
1152 2620 1254 2643 autem
1276 2608 1411 2641 Tridenti
1428 2621 1485 2654 pro
1504 2620 1536 2641 ea
1550 2606 1666 2640 stabant
1684 2603 1770 2639 fuisse

1017 2658 1136 2694 tantum
1143 2657 1291 2692 obscuros
1304 2657 1452 2705 quosdam
1460 2656 1648 2694 monachos,
1664 2655 1717 2701 qui
1725 2667 1771 2689 ra-

1019 2709 1160 2744 tiunculis
1173 2708 1328 2746 humanis,
1356 2709 1386 2740 in
1406 2707 1511 2754 primis
1526 2705 1658 2753 politicis
1672 2704 1700 2738 se
1712 2717 1772 2750 op-

1020 2758 1192 2806 ponebant,
1209 2755 1400 2791 nontantiim
1415 2754 1604 2802 scripturis&
1619 2753 1770 2793 Patribus,

1017 2808 1067 2842 sed
1075 2808 1134 2842 toti
1147 2806 1406 2841 Scholasticorum
1419 2805 1531 2841 choro.
1553 2803 1708 2838 Editionis
1717 2806 1773 2837 lta-

1018 2858 1081 2891 licae
1095 2870 1161 2904 pag.
1175 2869 1243 2902 205.

1053 2907 1189 2941 Multum
1204 2907 1296 2940 ctiam
1309 2904 1416 2939 falleris
1430 2904 1466 2936 de
1480 2902 1544 2950 ipso
1554 2903 1689 2943 Malim
1705 2902 1728 2935 is
1740 2912 1771 2935 te
1785 2903 1831 2941 lpse
1840 2902 1935 2930 Melina

1019 2956 1145 2990 docebit
1157 2956 1273 2989 nullum
1282 2968 1415 3002 unquam
1424 2953 1629 2999 Theologum
1638 2950 1771 2985 docuisse
1785 2943 1931 2988 contradica

1019 3005 1111 3053 ipsam
1119 3005 1416 3051 praedestinationem
1424 3002 1461 3035 ab
1470 3003 1529 3036 ulla
1536 3002 1624 3036 causfi
1631 3001 1690 3035 ulla
1699 3014 1775 3036 con-
1787 2989 1918 3051 {ngmm'

1021 3056 1139 3090 ditione
1149 3055 1345 3100 pendentem,
1354 3066 1423 3086 nam
1433 3052 1655 3098 praedestinatio
1664 3051 1707 3085 est
1716 3048 1775 3098 ipse
1827 3044 1832 3051 ¹

1021 3106 1109 3138 Deus
1118 3104 1434 3149 independens.qu.23.
1443 3112 1523 3135 art.1.
1533 3099 1629 3148 disp.3⁴
1638 3113 1777 3149 pag.307.

1023 3155 1164 3188 Omnem
1177 3153 1267 3186 etiam
1277 3151 1369 3186 fidem
1378 3177 1387 3191 ‚
1402 3156 1431 3186 &
1441 3151 1523 3184 bona
1532 3164 1624 3198 opera
1634 3163 1777 3197 quaecun-

1023 3215 1102 3251 que,
1124 3201 1191 3237 imo
1204 3201 1279 3240 vero
1292 3202 1440 3249 quicquid
1453 3198 1575 3235 salutern
1590 3209 1754 3247 promovet
1769 3223 1777 3237 ,

1396 3254 1459 3305 Q
1485 3263 1500 3284 2
1672 3247 1730 3282 five
1745 3246 1779 3281 sit
