2048 3343
268 106 308 142 50
647 84 940 120 OPERIS

266 159 412 196 tredecim
425 154 494 203 post
503 153 660 189 Christum
673 164 795 187 natum:
813 152 946 198 denique
959 160 1021 184 ter-

270 212 363 247 tium,
377 219 446 241 cum
460 205 544 243 urbs,
557 204 681 251 Regio,
703 200 826 250 Resque
840 201 960 248 publica
971 201 1023 233 Iu-

271 260 408 292 daeorum
426 266 491 289 tota
505 253 548 287 est
567 251 700 288 subversa
712 265 766 300 per
789 253 910 284 Tuum.
943 247 1022 288 lsta,

272 305 464 356 profitemur,
478 302 569 337 nobis
582 315 646 336 non
659 304 795 350 placent,
817 314 887 334 nam
901 310 1024 347 praeter-

273 368 364 404 quam
378 354 464 401 quod
477 351 587 398 absque
601 352 768 386 necestitate
783 350 861 398 pene
879 348 1026 383 omnibus

271 418 332 440 tam
344 404 475 449 antiquis
488 402 581 449 quam
601 400 825 435 recentioribus
837 400 928 433 nimis
941 410 1028 446 aper-

273 456 304 488 ta
323 451 512 499 molestaque
530 450 634 486 fronte
653 461 816 485 occurrant
833 463 841 483 ε
867 450 958 483 etiam
976 459 1026 480 ve-

274 515 344 537 rum
357 514 421 536 non
433 501 476 535 est
489 503 662 550 Pompejum
680 500 785 534 Iudaeis
807 500 822 544 (
832 497 883 532 etsi
896 510 950 531 eos
963 495 1028 529 satis

275 554 354 587 male
376 551 556 597 muletavit)
582 548 732 584 abstuliffe
750 549 797 582 vel
820 550 958 586 dommim
981 543 1029 576 vel

275 602 482 648 Principatum
489 623 499 639 ‚
521 600 634 634 nedum
648 609 680 632 ut
694 599 725 631 in
737 595 930 631 Provinciam
943 594 1030 627 rede-

277 652 366 699 gerit.
411 653 555 684 Praeterea
568 648 653 696 quod
666 645 816 692 sceptrum
829 644 860 677 in
872 643 946 677 Iuda
960 654 1029 690 per-

278 699 413 734 manfiffe
426 700 557 737 docent,
580 697 654 730 totis
666 695 750 728 annis
764 692 950 741 septuaginta
963 690 1033 739 post

279 749 442 784 adventum
463 747 541 779 Shilo
553 770 563 784 ‚
594 749 625 780 &
645 743 730 778 annis
750 743 946 790 quadraginta
964 740 1034 789 post

279 809 437 833 mortuum
451 794 606 833 Messiam,
631 793 749 827 novitas
765 791 809 826 est
822 802 884 825 tam
898 789 1035 838 expresse

280 847 407 881 oraculo
420 843 643 882 contradicens,
657 853 689 876 ut
703 840 823 876 robusti
835 850 981 888 oporteat
993 837 1035 875 es-

281 896 308 931 se
325 893 475 932 stomachi
488 893 542 940 qui
556 904 622 926 eam
636 903 835 939 concoquere
848 891 935 926 valet.

996 76 1441 115 HtsTOthr

1059 149 1177 184 sionem
1185 173 1195 189 ,
1220 153 1253 184 &
1264 158 1402 183 caeteram
1414 147 1592 195 Judaeorum
1611 149 1795 196 religionem
1811 168 1824 189 ,r

1060 197 1197 247 faffique
1208 197 1352 246 proselyti
1365 198 1396 231 in
1405 209 1520 230 nomen
1529 199 1631 241 &jura
1642 199 1819 244 Judaeorum

1061 249 1241 284 transierunt
1248 247 1341 295 usque
1354 247 1390 281 ad
1399 244 1692 292 Hierosolymorum
1700 260 1753 294 per
1761 249 1821 282 Ti-

1063 310 1130 333 tum
1147 298 1359 333 vastationem.
1400 297 1492 330 Hanc
1513 295 1622 343 Ioftphi
1641 294 1821 330 sententiam

1065 359 1170 383 contra
1178 349 1364 393 Africanum
1378 350 1410 381 &
1421 344 1560 393 sequaces
1569 355 1672 379 tuetur
1684 347 1822 393 Scalzger,

1064 398 1193 444 aliique:
1209 395 1259 430 sed
1271 408 1465 444 nequaquam
1479 395 1549 428 inde
1557 392 1642 428 suum
1649 393 1744 428 finem
1753 394 1823 428 asse-

1065 447 1180 493 quitur.
1205 444 1285 479 Esto
1299 443 1401 480 fuerit.
1432 443 1579 479 Herodes
1592 445 1661 477 laxo
1674 442 1755 477 sensu
1765 445 1824 491 Ju-

1066 497 1147 529 daeus
1161 492 1349 542 proselytus,
1361 495 1502 541 adeoque
1515 505 1581 527 non
1594 493 1700 528 stricte
1708 494 1827 528 Genti-

1068 545 1103 578 lis
1116 548 1148 579 &
1161 542 1338 591 simplicitet
1359 549 1526 587 a’mo'pvn&,
1548 555 1614 576 non
1632 553 1734 577 tamen
1753 543 1825 576 ind:

1068 591 1201 641 sequitur
1212 605 1253 628 eo
1265 602 1411 641 regnante
1423 604 1491 627 non
1505 590 1657 626 disceffiffe
1674 590 1826 639 sceptrum

1069 641 1174 678 aluda*
1183 668 1193 683 ,
1219 655 1291 677 nam
1309 643 1434 677 ldumaei
1453 640 1597 690 proselyti
1610 654 1676 676 non
1690 652 1774 676 erant
1786 642 1826 675 de

1070 692 1183 727 semine
1193 690 1322 732 Israelis,
1340 689 1391 725 sed
1403 702 1466 726 tam
1473 691 1628 739 peregrini
1640 691 1826 730 &extranei,

1072 743 1163 777 etiam
1174 742 1207 776 in
1214 741 1292 777 statu
1305 739 1502 789 proselytico,
1510 750 1543 775 ut
1550 740 1667 775 nullum
1673 742 1719 785 jus
1726 741 1759 774 in
1766 738 1826 774 sce-

1072 802 1174 839 ptrum
1192 802 1243 825 aut
1264 791 1360 826 ullum
1377 791 1581 837 principatum
1590 789 1771 837 Judaeorum
1788 790 1825 824 iis

1072 851 1273 887 competeret.
1304 840 1402 875 Certe
1419 839 1551 874 fatentur
1562 838 1653 884 hujus
1672 839 1825 874 sententiae

1072 900 1317 939 propugnatores
1325 887 1495 936 proselytos
1502 889 1533 922 in
1540 887 1636 935 ipsum
1644 889 1826 935 Synedrium

116 947 272 987 AnHerodfs
314 947 359 979 Ut
371 941 452 977 suam
464 943 592 990 Scaltger
602 939 779 975 sententiam
793 949 979 988 propugnet,
987 939 1037 973 ad-

111 988 194 1035 faerit
215 989 262 1015 “⁵²⁴
280 995 362 1028 ducit
373 1003 588 1040 argumentum
600 990 684 1025 valde
697 1003 825 1026 novum,
833 990 919 1037 quod
927 988 1036 1033 Caufit—

118 1032 246 1064 ΜῬΜΘ·
279 1043 367 1077 bonus
380 1042 505 1090 prolixe
523 1041 625 1075 dilatat
638 1040 796 1080 nimirum,
809 1039 973 1074 Herodem
985 1051 1036 1074 ve-

1072 952 1138 974 non
1150 937 1280 987 potuisse
1292 936 1397 972 assumi
1408 962 1418 978 ‚
1439 938 1542 986 itaque
1555 950 1627 972 cum
1640 938 1784 972 Herodes
1798 940 1829 971 I-

1073 990 1208 1024 dumaeus
1227 989 1298 1023 licet
1317 991 1485 1030 musassp'&
1502 997 1564 1021 tam
1585 986 1677 1021 fuerit
1693 988 1829 1034 peregri-

1071 1052 1128 1073 nus
1140 1043 1172 1074 δέ
1185 1039 1298 1073 alienus
1312 1037 1350 1071 ab
1364 1037 1497 1083 imperio
1506 1036 1677 1084 inJudaeoe,
1693 1046 1725 1070 ut
1737 1048 1828 1082 capax

279 1093 312 1127 re
320 1093 461 1140 Judaeum
475 1089 559 1124 fuisse
572 1103 637 1124 non
651 1096 782 1131 εἰωόφυλω
796 1094 827 1124 &
841 1099 1034 1128 extraneum,

278 1143 357 1177 adeo
371 1153 403 1175 ut
416 1154 456 1175 eo
469 1151 614 1187 regnante
630 1140 901 1186 regnaretJudaeus
920 1142 952 1173 &
973 1136 1034 1172 sce-

278 1203 380 1240 ptrum
393 1191 408 1225 a
421 1189 501 1238 Jndd
514 1201 578 1223 non
590 1188 625 1222 fit
637 1198 806 1222 remotum.
835 1191 958 1223 Contra
972 1186 1035 1221 hoc

277 1251 490 1289 argumentum
504 1236 721 1286 scribitJesuita
734 1240 871 1271 Serarms
879 1238 1034 1284 integrum

277 1292 390 1325 librum
403 1288 588 1323 amarissimis
601 1297 709 1321 contra
726 1288 908 1334 Scalzgerum
927 1287 1036 1320 convi-

278 1341 329 1374 tiis
341 1341 482 1387 plenum:
496 1336 545 1372 sed
558 1336 633 1370 nihil
647 1348 725 1383 opus
741 1333 799 1370 fuit
813 1346 901 1369 tanto
913 1335 1029 1371 labore,

271 1402 351 1427 ‚narn
374 1400 440 1423 tota
463 1388 502 1422 de
526 1386 589 1420 hoc
607 1397 791 1432 argumento
809 1383 972 1432 disputatio
992 1383 1036 1418 est

281 1443 441 1483 ᾼορμφχέα,
456 1449 559 1483 eoque
571 1433 660 1469 facile
674 1435 892 1474 conciliabilis,
907 1445 939 1468 ut
952 1435 1036 1470 refte

280 1486 421 1523 observat
433 1489 506 1520 Peta
513 1488 578 1519 vius
590 1486 628 1520 de
642 1484 783 1519 d0&rina
795 1484 1035 1533 temporumlib.

280 1550 323 1572 12.
336 1548 400 1582 cap.
414 1548 437 1580 5.

327 1587 382 1620 De
401 1596 514 1632 genere
532 1588 564 1619 δέ
584 1581 697 1617 familia
714 1583 854 1618 Herodis
873 1594 933 1619 tres
952 1593 1036 1618 erant

280 1635 481 1682 antiquorum
506 1631 669 1667 sententiae.
702 1634 804 1667 Prima
822 1631 881 1668 fuit
950 1635 1036 1666 icolai

281 1682 461 1728 Damasceni
472 1682 614 1717 historici
624 1681 806 1721 doetiffimi,
821 1683 873 1730 qui
886 1695 957 1716 cum
969 1685 1035 1717 He-

282 1735 358 1769 rode
372 1731 558 1767 familiariter
575 1732 656 1767 vixit.
688 1731 846 1767 Afferebat
860 1734 884 1766 is
897 1732 1036 1767 Herodis

282 1786 416 1828 majores
434 1783 471 1817 de
486 1782 599 1829 Judaeis
620 1781 821 1829 Babylonicis
845 1793 1014 1829 prognatos
1026 1807 1036 1822 ,

282 1834 422 1880 adeoque
434 1829 530 1878 ipsum
542 1831 726 1866 veriffimum
736 1831 878 1879 Judaeum
887 1855 896 1870 ,
921 1846 954 1866 ac
967 1832 1036 1866 He-

282 1882 399 1916 braeum
412 1882 450 1915 de
462 1881 604 1914 Hebraeis
623 1879 718 1914 fuisse.
750 1882 840 1915 Hanc
859 1878 1036 1916 sententiam

283 1929 384 1965 falsam
398 1930 490 1964 docet
506 1928 639 1977 Joft’phm
653 1953 663 1968 ,
688 1934 718 1964 ὃ(
732 1929 748 1963 a
766 1931 890 1964 Nicolao
903 1932 935 1965 in
946 1931 1036 1965 amici

283 1978 325 2014 sui
338 1979 476 2013 Herodis
488 1980 613 2025 gratiam
623 1978 807 2019 confietam,
821 1992 951 2015 neceam
958 1978 1036 2028 quis-

281 2041 374 2076 quam
391 2029 568 2061 mortalium
581 2028 736 2074 amplexus
749 2028 793 2062 est
805 2041 875 2064 ante
889 2029 1036 2078 Jesuitam

285 2079 479 2113 Torniellum,
499 2077 553 2124 qui
566 2077 601 2110 ad
615 2090 727 2112 annum
741 2077 826 2113 suum
840 2080 946 2115 mundi
961 2092 1036 2127 qua-

282 2138 328 2162 ter
342 2126 536 2161 millefimum
549 2126 724 2161 vicefimum
738 2128 884 2163 offitavum
897 2154 907 2169 ,
933 2129 1037 2163 multis

279 2188 347 2210 eam
359 2176 459 2210 verbis
472 2186 579 2208 contra
592 2188 701 2210 omnes
721 2179 867 2211 mortales
881 2176 1035 2213 defendit:

279 2224 328 2258 sed
342 2223 571 2271 quaminfirmis
579 2226 764 2270 argumentis
776 2229 970 2273 Spanhemius
977 2227 1036 2259 sin-

280 2273 358 2321 gulis
372 2272 558 2319 respondens
568 2295 577 2311 ‚
589 2272 789 2308 demonstrat.

327 2321 465 2356 Secunda
477 2319 622 2355 sententia
639 2321 736 2367 priori
750 2321 1036 2366 diametraliterop-

280 2370 377 2419 posita
389 2369 451 2409 est,
470 2368 590 2403 tantum
603 2367 700 2403 abesse
713 2380 746 2403 ut
758 2371 905 2404 Herodes
913 2369 1037 2417 Judaeus

283 2421 322 2454 de
332 2419 446 2467 Judaeis
461 2416 570 2458 fuerit,
586 2428 619 2452 ut
631 2419 712 2453 nulla
719 2419 900 2465 Judaeorum
914 2428 1039 2466 gentem

285 2468 429 2503 affinitate
437 2469 483 2502 vel
490 2465 550 2514 ipse
558 2467 603 2503 vel
612 2465 653 2501 sui
666 2470 799 2512 majores
811 2469 981 2516 attigerint,
993 2478 1040 2501 ut-

286 2530 359 2567 pote
373 2518 426 2565 qui
438 2515 551 2551 fuerint
564 2515 648 2551 mere
667 2517 828 2558 Gentiles,
853 2516 996 2552 Philistaei
1011 2520 1040 2551 &

289 2568 480 2603 Ascalonitae.
504 2568 596 2600 Hanc
609 2568 773 2612 eAfricani
786 2566 963 2601 sententiam
976 2569 1041 2601 Eu-

286 2617 380 2662 fi’bt'us
393 2622 424 2652 ὃ(
438 2616 487 2650 alii
499 2614 564 2651 fere
572 2628 682 2650 omnes
689 2616 831 2650 Ecclefiae
838 2619 940 2651 Patres
952 2627 1042 2651 tuen-

293 2679 355 2702 tur.
368 2671 396 2703 C
401 2667 430 2701 ui
443 2668 603 2705 Baronius,
615 2668 762 2704 serarius,
774 2665 886 2711 aliique
899 2665 1042 2712 permulti

292 2716 448 2751 mordicus
461 2715 624 2749 adhaerent.
654 2715 732 2747 Eam
744 2715 874 2762 Scaliger
887 2715 979 2747 nimis
992 2726 1042 2758 ves

291 2765 451 2800 hementer
463 2774 622 2811 oppugnat
633 2762 861 2810 indignioribus
879 2773 986 2797 contra
993 2765 1042 2796 A-

283 2816 460 2858 fricanum,
477 2819 508 2850 δι
522 2812 627 2847 affines
640 2813 792 2852 Domini,
809 2822 843 2846 ut
853 2812 1043 2847 vocabantur

291 2868 433 2901 ἑὶοπω-ύνες
451 2865 467 2909 <
474 2863 490 2898 ὲ
504 2863 616 2910 quibus
630 2863 799 2907 Africanus
811 2874 878 2896 eam
886 2861 914 2896 se
921 2860 1042 2897 didicis-

292 2910 320 2946 se
333 2912 478 2949 affirmat‚
506 2913 665 2948 inveetivis
677 2911 771 2958 quam
783 2912 936 2957 oportuit.

336 2963 444 2997 Tertia
457 2960 600 2996 sententia
611 2960 669 2995 fuit
681 2960 780 2995 media
792 2960 901 3008 Iosephc'
908 2984 917 2998 ,
932 2960 1039 2993 Hero-

289 3009 359 3043 dem
372 3024 471 3057 neque
483 3010 589 3045 striSte
602 3011 744 3058 Judaeum
763 3022 864 3057 neque
879 3009 1040 3043 Gentilem

290 3055 374 3092 fuiffe
382 3083 393 3098 ,
410 3058 458 3094 sed
472 3059 676 3105 semijudaeum
691 3073 727 3094 ex
739 3059 875 3107 prosapia
888 3059 1040 3093 Idumaeo-

289 3109 436 3162 rum‚.qui
449 3108 518 3154 post
529 3109 664 3155 ipsorum
676 3110 691 3144 a
703 3113 809 3143 Ioanne
822 3111 957 3143 Hircano
971 3106 1039 3142 sub-

289 3155 298 3164 ο

286 3166 475 3205 jugationem
488 3181 499 3197 ‚
523 3169 634 3194 omnes
647 3159 777 3207 amplexi
795 3158 862 3195 sunt
875 3158 1039 3196 circumci-

1072 1101 1137 1123 non
1151 1086 1243 1122 fuerit
1254 1087 1300 1122 vel
1311 1086 1442 1122 honoris
1455 1086 1625 1134 Synedrici,
1640 1084 1712 1120 cum
1727 1084 1830 1129 hujus-

1073 1137 1160 1172 modi
1173 1139 1216 1172 vir
1231 1138 1263 1171 in
1275 1136 1372 1184 ipsum
1385 1136 1534 1170 thronum
1550 1133 1683 1170 ascendit
1696 1158 1705 1171 ‚
1722 1138 1754 1169 ὃ(
1767 1134 1831 1168 sce-

1073 1198 1175 1235 ptrum
1187 1185 1346 1234 tyrannice
1360 1185 1475 1225 invasit,
1496 1189 1528 1220 &
1540 1186 1637 1232 rapuit
1649 1197 1682 1219 ac
1696 1185 1830 1218 exercuit

1073 1237 1282 1284 gubernamen
1294 1235 1407 1270 viribus
1419 1236 1640 1270 Romanorum
1647 1233 1732 1268 mere
1740 1234 1831 1268 Gen-

1073 1287 1190 1325 tilium,
1202 1289 1234 1320 δέ
1247 1284 1316 1319 arfis
1330 1289 1362 1319 δι
1377 1284 1482 1320 excisis
1496 1285 1643 1319 omnibus
1656 1283 1830 1319 nativorum

1067 1336 1249 1383 Judaeorum
1267 1334 1356 1369 curiis
1375 1347 1439 1368 non
1457 1333 1578 1369 tantum
1591 1332 1714 1368 summo
1734 1335 1830 1380 Syne-

1073 1386 1142 1420 drio
1150 1409 1160 1424 ,
1175 1383 1224 1418 sed
1237 1385 1328 1418 etiam
1340 1385 1456 1418 caeteris
1469 1382 1668 1418 inferioribus
1680 1384 1712 1415 in
1720 1394 1829 1415 eorum

1072 1435 1178 1469 locum
1192 1434 1374 1468 substituens
1387 1432 1588 1480 quoscunque
1600 1431 1655 1479 ipfi
1668 1431 1829 1466 allubitum

1071 1482 1145 1523 fuit,
1165 1483 1230 1517 haec
1244 1495 1314 1517 cum
1328 1481 1366 1516 sic
1379 1480 1436 1516 sese
1449 1481 1615 1520 haberent,
1639 1492 1750 1527 negare
1763 1492 1829 1514 non

1070 1534 1176 1568 debuit
1190 1531 1340 1577 sceptrum
1352 1535 1384 1566 δε
1397 1543 1493 1566 omne
1504 1530 1654 1576 judicium
1666 1528 1683 1563 a
1695 1527 1831 1577 Iuddper

1073 1581 1237 1619 Herodem
1252 1580 1411 1616 sublatum.

1073 1730 1240 1780 quentibus
1254 1729 1419 1779 profitetur
1432 1728 1623 1778 magnificis,
1635 1738 1669 1763 ut
1681 1732 1748 1774 ejus
1760 1739 1831 1762 mos

1073 1781 1117 1816 est
1126 1806 1135 1820 ‚
1147 1780 1249 1815 verbis
1260 1781 1399 1828 quintam
1412 1784 1443 1815 &
1456 1791 1571 1815 novam
1583 1777 1778 1818 sententiam,
1798 1777 1830 1810 in

1076 1830 1135 1879 quai
1149 1831 1226 1865 varia
1239 1827 1305 1864 suut
1322 1843 1390 1878 quae
1408 1828 1575 1877 displicent.
1610 1827 1718 1862 Primo
1731 1851 1743 1866 ,
1767 1826 1830 1860 fine

1074 1882 1164 1916 causa
1176 1879 1347 1919 invehitur,
1361 1881 1393 1914 in
1400 1882 1524 1914 Patrum
1531 1874 1668 1916 miseras,
1688 1888 1763 1924 quas
1770 1888 1830 1911 vo-

1073 1941 1133 1970 cat,
1140 1929 1405 1968 hallucinationes,
1413 1929 1505 1963 etiam
1513 1926 1603 1975 ipsius
1611 1924 1730 1973 Ensebii
1737 1937 1831 1972 quem

1074 1991 1233 2027 tantopere
1246 1979 1384 2014 laudatin
1390 1976 1525 2025 hocipso
1536 1985 1718 2023 argumento
1727 1999 1736 2014 ,
1750 1973 1832 2021 quasi

1074 2028 1226 2077 sceptrum
1238 2029 1269 2062 in
1282 2029 1356 2062 Judae
1368 2027 1509 2063 manibus
1521 2023 1717 2061 collocassent
1731 2022 1832 2057 statim

1075 2080 1113 2113 ab
1129 2079 1220 2113 initio
1234 2078 1423 2126 pronuntiati
1442 2077 1567 2111 oraculi.
1593 2074 1690 2109 Certe
1703 2073 1755 2117 qui
1766 2075 1833 2106 En-

1068 2128 1186 2173 sebium
1201 2128 1309 2176 legerit
1323 2140 1394 2162 cum
1411 2128 1484 2161 cura
1501 2126 1550 2159 vel
1566 2124 1656 2157 initio
1675 2120 1810 2153 historiae
1823 2143 1831 2156 ,

1076 2178 1124 2214 vel
1149 2177 1231 2212 libro
1253 2176 1314 2210 isto
1331 2177 1445 2210 οᾶεινο
1460 2170 1745 2208 Demonstrationis
1770 2169 1834 2203 Eu-

1077 2226 1220 2270 angelicae
1228 2248 1238 2262 ‚
1251 2224 1367 2258 videbit
1374 2223 1453 2256 male
1460 2219 1616 2255 taxatuma
1627 2220 1748 2254 Cunaeo
1758 2217 1835 2263 Cau-

1069 2272 1234 2316 fhbonum,
1260 2271 1346 2318 quod
1369 2270 1472 2304 afferat
1496 2269 1657 2312 Eufi’bt'um
1675 2268 1750 2300 luda
1772 2266 1835 2301 sce-

1075 2332 1178 2367 ptrum
1193 2319 1335 2365 incepisse
1353 2319 1369 2353 a
1385 2319 1493 2353 diebus
1511 2316 1671 2356 Damalis,
1688 2328 1774 2351 antea
1783 2329 1835 2351 ve-

1077 2369 1114 2403 ro
1132 2369 1364 2416 praerogativam
1382 2367 1501 2402 tantum
1519 2371 1550 2402 &
1576 2366 1837 2414 praeeminentiam

1077 2419 1119 2452 illi
1132 2417 1226 2452 tribui
1243 2415 1328 2464 supra
1340 2427 1461 2451 caeteras
1478 2415 1635 2452 ascribere.

1125 2466 1280 2502 Secundo.
1308 2468 1420 2502 Cunaei
1433 2466 1470 2501 de
1481 2479 1547 2514 quo
1564 2465 1714 2513 gloriatur
1730 2465 1836 2499 inven—

1079 2528 1145 2551 tum
1156 2541 1165 2556 ,
1183 2514 1313 2551 solidum
1325 2529 1390 2551 non
1404 2517 1523 2551 videtur
1532 2540 1543 2556 ‚
1559 2514 1711 2562 sceptrum
1721 2511 1833 2548 scilicet

1080 2571 1111 2602 &
1127 2566 1263 2612 judicem
1279 2566 1311 2599 in
1323 2566 1450 2600 oraculo
1461 2565 1560 2599 Iar-obi
1567 2563 1643 2598 nihil
1653 2563 1734 2599 aliud
1743 2563 1835 2612 figni-

1081 2616 1170 2650 ficare
1180 2615 1273 2662 quam
1283 2615 1403 2662 populo
1412 2615 1528 2650 Iudaici
1542 2613 1664 2654 statum,
1675 2613 1834 2660 Rempub.

1081 2670 1112 2701 &
1126 2663 1321 2709 majestatem.
1344 2664 1443 2699 Certe
1457 2676 1522 2697 non
1541 2664 1678 2711 loquitur
1693 2662 1779 2696 Iacob
1797 2661 1834 2695 de

1081 2725 1153 2748 toto
1164 2713 1283 2760 populo
1299 2724 1349 2748 aut
1360 2713 1443 2748 tribu
1454 2737 1465 2753 ,
1485 2711 1535 2748 sed
1551 2713 1589 2748 de
1603 2712 1791 2760 principibus
1802 2713 1834 2744 &

1080 2763 1303 2812 legissatoribus
1315 2775 1352 2797 ex
1368 2762 1405 2798 ea
1413 2762 1495 2797 tribu
1505 2787 1516 2803 ,
1541 2775 1578 2797 ex
1594 2761 1707 2796 semine
1723 2759 1834 2793 scilicet

1080 2813 1153 2847 Iua'ae
1170 2812 1346 2860 prognatis,
1364 2816 1415 2853 δε,
1438 2823 1471 2846 ut
1488 2813 1643 2859 loquitur,
1661 2822 1697 2843 ex
1710 2808 1832 2843 femore

1080 2875 1157 2908 ejus.

1125 2911 1240 2944 Tertio
1256 2911 1381 2958 pessime
1398 2912 1532 2945 Cunaeus
1552 2909 1610 2952 (ut
1623 2907 1707 2942 τεᾶὲ
1722 2906 1834 2954 probat

1078 2959 1297 3008 Spanhemim)
1323 2961 1452 3006 denegat
1468 2956 1618 3004 sceptrum
1636 2956 1710 2989 Iudae
1729 2956 1833 2990 datum

1078 3008 1272 3056 temporibus
1282 3008 1416 3045 Davidis
1429 3011 1461 3043 &
1477 3008 1655 3046 Salomonis,
1672 3018 1743 3040 cum
1760 3006 1834 3040 Iud-c

1079 3056 1231 3106 sceptrum
1242 3057 1357 3093 summe
1372 3056 1486 3091 floruit.

1128 3108 1263 3158 Qarto.
1297 3107 1383 3142 Male
1402 3117 1481 3141 taxat
1493 3107 1628 3142 Cunaeus
1645 3106 1677 3140 in
1691 3106 1834 3141 Patribus

1077 3160 1109 3194 δε
1121 3158 1205 3199 aliis,
1222 3156 1309 3206 quod
1328 3156 1421 3196 velint
1437 3156 1610 3193 Iudaeorum
1624 3155 1834 3236 nomer-:iduo-

1756 3213 1835 3238 ecim

1117 1635 1223 1667 Petrus
1242 1631 1377 1666 Cunaeus
1396 1630 1440 1666 vir
1458 1628 1648 1665 doffiffimus
1672 1629 1705 1663 in
1724 1626 1779 1662 suo
1792 1627 1830 1662 de
1843 1640 1979 1679 Rffumw

1073 1681 1248 1729 Republica
1265 1681 1474 1716 Hebraeorum
1492 1680 1543 1714 lib.
1564 1691 1589 1714 1.
1609 1691 1671 1726 cap.
1687 1680 1717 1713 8.
1737 1681 1770 1713 &
1788 1674 1831 1711 se·
1844 1686 1954 1710 Cunaus.
