2048 3343
27 501 157 537 Pompuy'm

27 542 127 570 Lucullo

21 583 124 622 gloriam

19 624 136 662 preripie-

423 90 489 118 ET
546 83 1230 121 CHRoNoLoclcl

183 156 283 192 mavit
293 155 375 204 ipsos
388 157 677 202 permittere‚vires
688 157 890 204 recolligere,
903 167 937 189 ut

181 208 245 242 fine
257 206 367 240 labore
379 206 542 253 quarendi
553 219 627 240 cum
641 205 796 240 omnibus
809 218 866 238 eos
876 217 935 238 co-

180 257 243 304 piis
262 257 294 289 in
316 268 433 301 campo
450 253 518 288 raso
538 256 652 288 nactos
673 265 785 300 aperto
807 254 936 292 Marte,

181 306 302 340 minori
323 303 454 339 suorum
479 304 623 337 militum
646 303 758 336 labore
780 300 872 335 simul
901 304 937 335 δε.

183 355 333 402 periculo
344 353 626 388 contereretDum
638 352 669 385 in
683 351 746 385 hoc
756 349 937 399 cstnnagno

185 403 240 437 suo
261 415 335 438 cum
356 402 467 436 labore
489 402 630 435 mittitur
655 402 684 435 ei
706 402 805 434 etiam
831 402 939 437 invito

186 450 341 488 successor
354 452 512 499 Pompejm.

232 503 396 549 ⁴pompejus
408 513 481 535 cum
494 500 533 534 ab
547 496 654 533 Afric&
667 497 708 532 ad
719 497 822 542 Syllam
833 510 937 531 rever-

185 562 308 586 teretur
330 552 450 599 viginti
472 560 613 598 quatuor
630 561 788 583 annorum
811 547 938 594 juvenis

184 601 298 650 Adagni
309 612 499 648 cognomen
510 597 526 633 ἆ
537 600 661 646 populo
674 600 797 645 accepit
810 622 818 637 ,
831 596 940 643 splen-

184 650 383 685 didiffimum
402 649 604 696 triumphum
620 646 636 681 a
653 646 725 689 sylla?
736 645 834 694 prope
845 646 941 679 minis

181 711 389 749 extorquens.
419 696 568 734 Secundo
581 697 618 731 de
627 696 751 731 Sertorio
763 700 790 731 ἃ
805 696 941 743 Hispanis

179 749 393 796 triumphavit
407 773 417 789 ‚
445 759 516 782 tum
552 744 777 780 lubentissimo
811 745 939 792 populo

182 797 400 833 Consulatum
427 809 502 832 ante
528 798 711 844 legitimam
737 805 863 830 aetatcm
883 793 938 827 ad-

178 860 275 893 eptus
289 847 345 883 est.
367 849 457 882 Dum
471 848 597 894 aliquot
614 846 704 879 annis
716 846 823 891 piratae
840 842 939 878 aM-

178 895 308 932 thridate
335 895 465 932 immissi
492 907 604 929 totum
632 895 722 928 Mare
749 893 940 927 Mediterra-

180 959 281 983 neum
301 947 337 982 ad
352 958 507 993 magnum
526 945 671 979 Romani
691 943 835 977 nominis
847 940 941 976 dede-

182 1010 238 1032 cus
250 997 341 1032 simul
352 999 386 1030 &
398 996 634 1029 detrimentum
647 1018 657 1032 ,
670 993 740 1039 plus
750 1004 846 1038 quam
861 991 939 1025 mil-

183 1049 213 1082 le
225 1046 361 1081 navibus
376 1044 566 1079 obtinerent
576 1069 586 1084 ,
605 1041 774 1075 summum
787 1042 815 1074 ei
833 1042 955 1087 impe—⁴

183 1098 271 1132 rium
293 1096 330 1130 ad
349 1094 525 1128 triennium
545 1091 754 1127 commissum
766 1089 809 1124 est
823 1114 833 1128 ‚
863 1101 940 1123 cum

185 1147 303 1192 copiis,
315 1142 451 1177 navibus
460 1166 470 1182 ,
483 1142 630 1187 pecuniis
642 1141 791 1187 plurimis
802 1142 834 1172 &
849 1148 941 1185 pote·

183 1194 262 1230 state
275 1189 500 1226 Proconsulari
512 1192 545 1225 in
566 1201 684 1224 omnes
701 1189 889 1223 Provincias
905 1186 944 1221 ad

183 1243 332 1278 milliaria
350 1239 367 1274 a
387 1242 467 1274 mari
483 1241 729 1288 quinquaginta.
764 1236 871 1272 Tanta'i
889 1235 943 1270 ille

183 1289 337 1327 industria
350 1293 519 1337 negotium
535 1289 597 1324 hoc
609 1287 760 1323 tractavit
775 1313 785 1328 ‚
802 1286 943 1334 utsupra

180 1343 337 1382 vomnium
349 1339 464 1378 fidem,
475 1338 580 1374 tribus
591 1337 755 1373 menfibus
765 1338 941 1384 piratarum

183 1404 284 1426 omne
304 1402 428 1425 nomen
450 1388 624 1437 perdiderit
641 1413 651 1429 ‚
677 1387 883 1434 liberumque
902 1385 942 1419 ab

182 1453 296 1476 eorum
308 1451 398 1474 metu
407 1451 493 1473 mare
505 1437 692 1484 praestiterit.
716 1439 751 1469 In
763 1436 860 1481 hujus
873 1449 944 1483 gra-

182 1489 292 1526 tiffimi
309 1490 428 1523 laboris
443 1489 610 1536 praemium
630 1485 847 1520 Mithridatici
866 1483 942 1519 belli

182 1539 327 1587 reliquiae
347 1539 374 1571 ci
397 1535 603 1585 cupidissimo
626 1535 827 1570 demandatae
847 1533 939 1575 sunt,

181 1602 258 1624 cum
280 1587 438 1635 potestate
456 1589 489 1621 in
509 1599 625 1620 omnes
639 1586 787 1620 Orientis
800 1586 940 1620 Provin-

182 1641 248 1675 cias
262 1639 293 1671 ἃ
306 1639 463 1672 exercitus
475 1633 735 1671 extraordinaria.

234 1689 285 1723 Ut
301 1689 334 1722 in
355 1686 458 1720 Asiam
472 1687 578 1726 venit,
608 1685 650 1719 ad
668 1697 743 1719 eum
759 1682 865 1717 statim
879 1684 942 1717 Lu-

180 1737 252 1772 cuHo
261 1751 320 1784 pro
328 1735 364 1784 pe
376 1735 501 1771 deserto
514 1737 633 1769 milites
645 1733 793 1769 transiere
805 1757 814 1772 ,
825 1734 859 1766 in
872 1732 942 1766 col—

180 1787 303 1830 loquio
324 1787 426 1820 crevit
443 1783 602 1825 offensio,
629 1783 750 1817 Lucullo
764 1782 941 1827 objiciente

179 1836 400 1871 ambitionem
413 1837 570 1882 ‘Pompejffi
586 1838 617 1869 δι
629 1833 692 1868 hoc
706 1833 754 1868 isti
765 1832 944 1867 avaritiam.

180 1885 320 1921 Lucullus
331 1886 477 1919 Romam
491 1895 652 1919 revertens
661 1881 700 1918 ab
712 1881 868 1917 omnibus
881 1880 942 1915 ho-

181 1933 318 1969 norifice
329 1945 480 1981 acceptus
488 1934 531 1968 est
542 1961 550 1973 ,
562 1931 749 1979 triumphus
759 1942 867 1965 tamen
877 1932 942 1964 ini-

181 1986 346 2020 micorum
362 1983 486 2017 artibus
502 1983 539 2018 ad
560 1984 738 2016 triennium
751 1982 868 2016 dilatus
888 1979 942 2014 est.

181 2035 308 2069 Primus
327 2033 380 2067 hic
402 2030 593 2067 Mithridatis
615 2036 646 2067 δι
664 2032 802 2082 ‘Ugranis
822 2031 942 2077 opibus

187 2083 332 2118 Romam
347 2081 445 2116 illatis
455 2108 463 2123 ‚
484 2083 516 2116 in
529 2080 685 2121 aedificiis,
698 2081 855 2115 conviviis
866 2105 875 2120 ‚
891 2090 944 2113 to-

193 2130 296 2180 toque
319 2133 409 2166 cultu
429 2131 656 2166 domestico&
678 2130 804 2166 vivendi
817 2131 944 2164 ratione

185 2183 358 2217 Asiaticam
371 2183 531 2216 luxuriam
546 2180 686 2215 induxit.

238 2230 338 2265 Missis
350 2231 388 2264 ad
401 2232 563 2278 Pompejum
582 2231 695 2277 legatis
718 2224 943 2262 voluitliben-

186 2289 236 2313 ter
247 2277 443 2314 Mithridates
452 2278 618 2326 quibusvis
629 2276 875 2312 conditionibus
889 2288 944 2322 pa-

189 2340 261 2363 cem
276 2338 454 2374 acceptare,
464 2327 514 2361 sed
529 2326 605 2361 cum
617 2323 790 2373 transfugae
802 2325 944 2358 deditio-

187 2391 261 2413 nem
275 2375 416 2423 ipsorum
437 2375 453 2410 a
471 2379 607 2423 Pompeio
626 2377 730 2421 premi
748 2370 949 2412 didicissent,

188 2423 386 2462 Mithndates
400 2438 439 2459 ne
455 2424 471 2459 a
491 2424 550 2459 suis
569 2435 733 2459 necaretur
744 2424 857 2464 juravit
873 2423 946 2456 nul-

189 2479 255 2512 lam
268 2475 296 2509 se
309 2487 384 2509 cum
397 2475 560 2508 Romanis
572 2486 683 2521 pacem
697 2496 705 2508 ‚
716 2472 771 2506 nisi
784 2470 855 2519 ipsis
865 2484 945 2504 con-

189 2526 282 2560 sultis
300 2525 472 2558 initurum.
503 2523 592 2558 Cum
609 2525 642 2558 iri
664 2523 818 2556 interiora
836 2521 946 2568 Regni

189 2574 222 2610 se
233 2571 410 2621 recepisset,
421 2575 568 2621 Pompejus
580 2570 662 2621 aegre
676 2569 860 2620 assequutus
870 2582 944 2604 eum

190 2624 286 2673 fregit
301 2637 310 2663 ;
327 2623 365 2657 ad
377 2624 535 2671 Tygranem
546 2622 676 2671 fugiens
687 2646 696 2661 ,
707 2620 747 2654 ab
760 2634 799 2655 eo
813 2621 947 2662 rejectus

192 2674 248 2708 est.
278 2673 410 2724 Ugranis
430 2670 517 2706 filius
528 2669 663 2705 Phraates
676 2668 778 2704 Partln
795 2670 838 2705 sui
850 2668 947 2703 soceri

193 2722 329 2757 consilio
339 2722 376 2756 ad
388 2723 564 2769 *pompejum
571 2718 783 2767 transfugerat
792 2745 801 2760 ‚
819 2718 883 2753 hoc
894 2731 950 2753 ac—

194 2783 291 2817 cepto
311 2783 400 2819 pater
420 2771 484 2806 fine
497 2770 562 2805 ullfi
581 2771 774 2804 conditione
791 2768 819 2802 se
831 2767 949 2813 fusique

194 2823 308 2855 omnia
334 2822 467 2868 Pompejo
487 2821 573 2855 dedit
592 2822 625 2854 in
644 2830 771 2853 manus.
798 2818 949 2862 Pompejua

194 2882 267 2917 erga
282 2881 455 2918 utrumque
471 2867 532 2904 fuir
550 2866 794 2904 humaniffimus
807 2892 815 2907 ‚
844 2865 949 2899 donec

195 2929 347 2965 expertus
364 2920 437 2954 esset
456 2919 512 2953 filii
531 2922 563 2954 in
578 2930 696 2966 patrem
708 2919 805 2952 etiam
820 2915 849 2950 se
868 2927 948 2962 prae-

194 2967 282 3002 sente
298 2967 437 3006 ὢασφυΐκν
449 2972 482 3003 &
494 2969 619 3004 insidias
632 2994 639 3007 ‚
663 2980 742 3002 tunc
765 2967 896 3014 quidem
911 2963 950 2997 fi-

195 3018 276 3052 lium
296 3018 328 3050 in
343 3019 471 3051 vincula
483 3021 624 3062 conjecit
638 3043 646 3056 ,
669 3020 879 3063 Romamque
891 3014 951 3048 du-

197 3065 340 3100 cendum
352 3067 489 3099 tradidit.
503 3068 585 3100 Patri
600 3068 728 3114 reliquit
743 3066 948 3103 Armeniam,

198 3117 322 3162 Syriam
336 3114 414 3148 vero
425 3115 464 3150 ab
478 3114 636 3162 Euphrate
645 3119 682 3150 ad
697 3117 813 3150 Nilum
826 3140 833 3154 ,
854 3126 950 3160 quam

199 3167 324 3214 aliquot
332 3177 435 3200 annos
444 3166 589 3216 'Egranes
600 3166 862 3212 occupaverat‚in
872 3167 951 3199 Pro-

1293 83 1418 121 LIB.
1449 84 1477 121 I.
1663 97 1737 130 295

985 155 1125 188 vinciam
1145 153 1286 202 redegit,
1309 158 1341 188 δι
1358 167 1472 200 praeter
1485 155 1629 203 ingentia
1653 155 1739 192 dona

985 201 1083 237 sexies
1105 204 1195 238 mille
1208 205 1328 237 talenta
1339 204 1377 237 ad
1397 205 1473 238 belli
1494 203 1637 252 sumptus
1649 203 1666 238 a
1677 207 1736 249 7)-

980 264 1072 301 grane
1087 255 1206 300 exegit,
1216 251 1322 286 multo
1335 253 1422 298 plura
1433 253 1506 286 dare
1520 265 1639 300 parato.

1031 298 1227 334 Mithridates
1239 314 1295 348 per
1305 303 1421 335 multas
1433 303 1616 349 incognitas
1629 303 1735 338 natio-

985 361 1041 383 nes
1052 347 1068 383 ἒι
1079 351 1157 383 mari
1168 349 1289 396 Caspio
1308 351 1345 385 ad
1361 349 1565 397 Bosphorum
1579 354 1734 387 Cimme-

987 400 1084 433 rium,
1098 402 1129 432 δι
1142 397 1226 432 ultra
1238 411 1312 433 cum
1324 401 1427 447 copiis
1438 399 1735 448 fugiens,plurimas

985 460 1098 495 gentes
1117 449 1150 482 in
1170 448 1247 482 belli
1270 448 1457 483 societatem
1474 449 1535 495 qua
1555 449 1653 483 donis
1673 448 1734 496 qua

985 496 1109 532 suadela
1119 498 1376 545 pellexit:praeter
1387 500 1608 533 enirnGraecas
1619 500 1739 537 literas,

986 548 1104 595 viginti
1113 546 1234 581 duabus
1245 548 1363 595 linguis
1375 550 1529 596 eloquens
1548 548 1740 582 habebatur.

987 597 1137 641 Pompejus
1148 597 1229 631 ultra
1236 598 1389 644 Hyberos
1402 601 1435 632 &
1446 595 1594 632 Albanos
1607 610 1682 631 eum
1694 596 1740 632 se-

987 657 1127 694 quutus,
1145 648 1266 680 multos
1284 649 1317 680 in
1333 647 1382 681 viz'i
1394 645 1535 695 populos
1553 647 1691 694 subegit.

1034 696 1233 729 Damascum
1247 697 1386 731 reversus
1398 697 1544 745 undique
1562 698 1682 731 adeum
1695 696 1737 729 le-

988 746 1054 790 gati
1067 743 1294 779 confluxerunt
1308 771 1317 785 ,
1344 746 1383 780 ab
1400 745 1554 780 Armenifi
1569 771 1579 787 ‚
1601 744 1738 781 Arabia,

989 795 1135 842 AEgypto
1145 819 1154 833 ‚
1172 797 1263 828 omni
1274 794 1361 841 Syria
1372 796 1539 830 &aliunde
1551 821 1560 836 ‚
1572 797 1699 830 animus
1710 808 1739 829 ei

989 840 1047 876 fuit
1057 843 1211 877 Arabiam
1223 844 1260 878 ad
1271 857 1356 878 mare
1367 845 1498 879 rubrum
1510 846 1666 880 Romano
1676 849 1741 879 Im-

989 894 1078 939 perio
1090 892 1226 937 adjicere
1241 917 1251 931 ,
1280 894 1559 940 quemadmodum
1579 894 1678 929 Asros
1699 894 1741 928 ad

988 954 1076 975 mare
1088 942 1288 976 Atlanticum
1302 945 1335 976 &
1349 943 1548 977 Gaditanum
1560 967 1568 980 ‚
1581 939 1743 978 Asiaticos

988 989 1027 1024 ad
1049 1003 1136 1025 mare
1157 992 1339 1025 Hircanum
1359 994 1393 1025 ἃ
1411 995 1555 1026 Pontum
1582 993 1743 1027 Euxinum

992 1038 1182 1088 subegerat:
1207 1044 1238 1074 &
1259 1040 1391 1087 quidem
1411 1053 1468 1089 per
1490 1041 1580 1075 suum
1599 1042 1745 1089 legatum

989 1092 1128 1123 Scaurum
1140 1089 1398 1136 potentissimum
1417 1089 1543 1124 Arabiae
1555 1091 1679 1138 Regem
1693 1094 1747 1124 A-

987 1149 1082 1171 retam
1099 1139 1138 1172 ad
1158 1139 1329 1186 petendam
1345 1151 1456 1186 pacem
1472 1140 1630 1188 adegerat.
1657 1142 1747 1175 Inter

989 1189 1070 1222 alios
1081 1187 1119 1222 ad
1135 1201 1209 1223 eum
1227 1199 1379 1222 venerant
1390 1189 1585 1224 Damascum
1600 1190 1747 1224 Hircanus

991 1241 1022 1272 ὅ(
1036 1236 1245 1285 νίνξβοίπκίωα,
1255 1237 1367 1272 fratres
1377 1238 1416 1272 de
1425 1239 1546 1287 Regno
1556 1239 1672 1285 Judaeae
1690 1241 1747 1273 in-

990 1298 1039 1322 ter
1052 1286 1080 1322 se
1090 1287 1301 1322 decertantes.
1325 1287 1529 1323 ‹Aristobulus
1549 1301 1676 1323 auream
1695 1290 1748 1323 vi·

989 1348 1055 1371 tem
1069 1338 1329 1385 quingentorum
1341 1337 1540 1373 talentorum
1554 1351 1670 1372 munus
1681 1349 1748 1372 tra-

990 1385 1098 1420 didit.-
1128 1387 1242 1421 audito
1254 1397 1393 1435 utroque
1404 1387 1491 1432 jussit
1501 1387 1672 1435 quiescere,
1688 1387 1750 1421 do-

991 1449 1050 1470 nec
1064 1434 1127 1483 ipse
1137 1434 1406 1483 Hierosolymam
1425 1435 1572 1473 venisset.
1603 1437 1750 1472 cArisso-

989 1484 1070 1519 bulus
1088 1485 1147 1520 suo
1168 1487 1292 1533 Regno
1312 1497 1459 1521 metuens
1485 1485 1750 1533 Hierosolymam

989 1546 1104 1570 contra
1116 1537 1294 1583 ‘Pompejum
1305 1536 1448 1571 munivit
1459 1560 1469 1576 ‚
1496 1534 1547 1570 sed
1558 1537 1632 1570 cum
1645 1536 1682 1569 ad
1695 1548 1749 1569 ur-

990 1584 1065 1619 bem
1086 1587 1240 1633 Pompejus
1257 1583 1424 1619 accessisset
1444 1597 1517 1619 cum
1533 1586 1675 1620 exercitu
1686 1584 1748 1619 suae

988 1634 1181 1669 temeritatis
1194 1635 1355 1682 poenitens
1365 1634 1403 1668 ad
1418 1635 1584 1682 Pompejum
1600 1638 1633 1669 in
1652 1634 1749 1669 castra

989 1685 1079 1719 venit
1089 1711 1098 1724 ‚
1117 1684 1232 1719 urbem
1245 1688 1276 1719 &
1289 1697 1439 1732 magnam
1459 1686 1604 1732 pecuniae
1615 1685 1681 1720 vim
1693 1682 1749 1719 of-

989 1733 1117 1769 ferens:
1144 1747 1254 1768 verum
1271 1733 1442 1769 enimvero
1462 1746 1537 1769 cum
1560 1746 1667 1781 neque
1694 1746 1749 1768 ur-

989 1784 1063 1818 bem
1076 1796 1184 1831 neque
1195 1785 1348 1830 pecunias
1363 1782 1380 1817 εὶ
1394 1785 1526 1832 Pompejo
1542 1783 1652 1819 missus
1664 1783 1750 1818 acci-

994 1844 1083 1880 peret
1095 1857 1105 1872 ,
1126 1831 1341 1868 anfiobulum
1352 1835 1386 1868 in
1397 1834 1527 1868 vincula
1540 1834 1683 1878 conjecit
1694 1857 1702 1870 ,
1714 1836 1748 1866 δι

991 1882 1062 1917 urbi
1073 1881 1170 1917 castra
1186 1882 1333 1917 admovit
1344 1909 1353 1922 ,
1374 1885 1432 1929 qui
1445 1883 1577 1917 Hircano
1593 1881 1748 1917 favebant

991 1934 1124 1979 Pompejo
1135 1943 1243 1979 portas
1256 1943 1460 1979 aperuerunt,
1470 1945 1505 1966 ac
1517 1930 1657 1966 fautores
1666 1931 1748 1965 Ari-

983 1980 1089 2029 stobult'
1107 1982 1263 2028 templum
1277 1983 1375 2015 armis
1395 1983 1492 2015 tutati
1512 1982 1596 2015 sunt.
1624 1983 1746 2026 Pompe-

986 2032 1036 2076 jm
1047 2056 1057 2070 ‚
1079 2030 1308 2075 adjuvantibus
1317 2030 1449 2077 Judaeis‚
1461 2032 1577 2078 templi
1588 2031 1750 2063 munitio-

993 2094 1048 2116 nes
1060 2079 1219 2115 machinis
1237 2078 1302 2114 suis
1317 2079 1494 2119 concussit,
1518 2084 1549 2114 ὃ(
1563 2078 1632 2127 post
1648 2080 1748 2112 trium

992 2130 1151 2165 mensium
1164 2127 1371 2164 obsidionem
1385 2131 1417 2165 vi
1428 2131 1512 2176 cepit
1523 2154 1532 2169 ‚
1545 2128 1627 2164 caefis
1640 2140 1679 2162 ex
1690 2129 1751 2161 de-

992 2179 1170 2214 fensoribus
1183 2179 1353 2213 duodecim
1367 2177 1513 2213 millibus
1525 2203 1533 2215 ,
1545 2176 1751 2225 perlustravit

991 2229 1124 2276 quidem
1145 2240 1218 2262 cum
1231 2227 1292 2261 suis
1311 2238 1422 2262 totum
1441 2229 1604 2275 templum
1617 2252 1626 2268 ‚
1653 2228 1750 2261 etiam

994 2279 1111 2312 Sansta
1121 2279 1312 2312 Sannstorum
1325 2301 1334 2316 ,
1360 2275 1415 2313 sed
1437 2277 1475 2311 de
1492 2278 1584 2312 sacris
1605 2276 1682 2311 vasis
1694 2286 1750 2308 aut

993 2326 1147 2360 thesauris
1170 2326 1252 2360 nihil
1271 2328 1389 2373 attigit.
1426 2323 1651 2360 eArt'fsobulum
1670 2335 1748 2357 cum

992 2376 1120 2410 duobus
1141 2374 1216 2409 filiis
1238 2379 1269 2409 &
1287 2375 1427 2409 totidem
1448 2373 1576 2408 filiabus
1603 2373 1749 2406 Romam

995 2425 1095 2460 misit·
1121 2425 1265 2471 Judaeam
1290 2437 1365 2459 cum
1391 2423 1499 2459 caeterzi
1527 2421 1615 2470 Syrizi
1633 2422 1749 2457 Roma:

993 2475 1072 2510 fecit
1093 2474 1297 2507 tributariam
1323 2498 1333 2513 ,
1368 2471 1557 2507 civitatibus
1593 2470 1751 2505 omnibus

993 2536 1071 2571 quas
1088 2533 1174 2556 extra
1193 2521 1334 2568 Judaeam
1357 2520 1516 2556 Maccabaei
1532 2519 1722 2568 subegerant
1733 2519 1751 2555 31

993 2573 1175 2621 judaeorum
1186 2575 1269 2618 jugo
1280 2570 1432 2605 liberatis.

1043 2625 1212 2656 Venerunt
1232 2631 1310 2654 tunc
1331 2620 1491 2667 temporis
1519 2618 1557 2653 ad
1581 2618 1749 2665 Pompejum

996 2672 1096 2719 legati
1116 2670 1156 2705 ab
1176 2673 1319 2717 AEgypto
1336 2695 1346 2710 ‚
1374 2667 1550 2708 Armenici,
1573 2668 1696 2702 Parthici
1715 2672 1748 2702 &

996 2725 1118 2755 Ponto.
1153 2720 1318 2755 Invitabat
1345 2721 1519 2767 ‘Pompejum
1546 2716 1689 2751 assidetes
1714 2719 1749 2752 in

1001 2768 1095 2803 suum
1125 2769 1279 2816 Regnum
1292 2793 1301 2806 ,
1319 2768 1369 2803 sed
1388 2780 1478 2803 metu
1499 2768 1619 2802 oraculi
1639 2768 1749 2802 noluit

998 2820 1023 2852 is
1038 2822 1215 2865 AEgyptum
1236 2819 1375 2866 ingredi.
1403 2816 1586 2852 Postulabat
1604 2817 1750 2867 Tjrgranes

999 2868 1230 2902 Romanorum
1251 2879 1364 2902 contra
1383 2864 1532 2901 ‘Parthum
1550 2867 1666 2899 auxilia
1682 2891 1692 2907 ,
1718 2871 1752 2901 δε

1000 2914 1122 2950 Parthm
1137 2918 1366 2952 Romanorum
1387 2917 1564 2952 amicitiam
1584 2933 1592 2955 ς
1621 2915 1673 2949 scd
1689 2928 1753 2950 no-

999 2967 1060 3000 luit
1073 2969 1221 3012 Pompejm
1235 2968 1442 3001 victoriarum
1458 2967 1590 3013 plenus,
1610 2963 1671 3000 suae
1682 2964 1755 2999 for-

999 3027 1083 3049 tunae
1096 3013 1283 3050 felicitatem
1305 3017 1392 3050 bello
1406 3015 1555 3050 Parthico
1566 3016 1752 3062 longinquo

1001 3070 1030 3099 δέ
1051 3062 1172 3098 difficili
1191 3065 1345 3099 solicitare
1359 3090 1368 3103 ,
1390 3066 1517 3099 tantum
1532 3063 1629 3098 missis
1639 3066 1754 3113 legatis

1000 3115 1159 3161 Tygranem
1173 3127 1249 3148 cum
1264 3112 1388 3147 Phraate
1398 3115 1632 3149 reconciliavit.
1658 3114 1753 3148 Phar-

1000 3177 1082 3198 naces
1093 3163 1218 3199 al'onto
1230 3163 1355 3200 miserat
1363 3163 1454 3200 suum
1465 3161 1752 3212 patremMithridae-

1694 3223 1753 3245 tem

1757 688 1885 725 Pompejm

1758 738 1818 768 capu
1829 731 1891 756 Hic-

1731 796 1737 801 .
1757 771 1846 808 rososy-

1758 823 1831 841 ''hinl-
