2048 3343
642 119 947 157 Opertis

279 203 355 226 cum
375 189 392 224 a
408 189 546 239 Lysandro
557 188 780 238 impetrassent
792 193 967 237 Spartanos
980 188 1025 222 sa-

278 239 411 275 tellites,
420 243 452 272 in
464 241 614 286 optimos
625 241 786 274 involare.
818 242 892 274 Erat
911 251 948 272 ex
968 252 1026 273 eo-

279 301 353 323 rum
367 300 505 323 numero
517 291 694 324 Theramenes
706 290 752 322 vir
762 289 871 322 bonus
884 304 892 329 ‚-
915 285 1027 321 cumis

281 339 487 384 collegarum
499 338 665 372 maleficiis
689 337 821 371 obviam
835 339 879 372 ire
892 349 1029 371 conare—

280 397 422 425 tur‚ante
435 387 517 421 ahos
528 385 590 434 ipse
601 386 677 420 duci
692 385 841 432 juffiisest
853 387 891 421 ad
902 398 1028 420 necem.

281 437 402 470 Voluit
410 439 542 471 Socrates
555 434 774 479 Philosophus
784 437 938 482 injuriam
951 446 1030 479 pro—

283 483 422 529 pulsare,
437 483 488 519 sed
499 482 652 531 persuasit
664 487 857 521 Theramenes,
867 497 906 517 ne
921 482 950 516 se
962 480 1027 515 fru-

289 124 365 160 126

127 532 230 568 Magna
284 534 343 569 stra
361 534 542 577 objeekaret
561 532 727 581 periculo.
763 535 835 567 Tot
856 531 1031 577 implevere

128 576 260 609 ,spartano-
285 582 427 617 caedibus
444 584 611 617 civitatem
622 580 760 628 tyranni,
773 592 808 614 ut
821 580 943 626 optimi
957 581 1030 624 qui-

126 622 242 681 ZZZ*
285 644 350 679 que
360 630 512 679 fugerent
523 634 555 665 in
565 631 704 666 exilium.
714 630 778 662 Hic
791 629 869 661 mira
877 629 906 662 se
916 628 1031 674 pandit

285 684 519 729 Spartanorum
533 678 701 715 crudelitas
717 690 725 715 ;
744 676 880 710 edicunt
894 676 1030 725 capitale

283 729 358 765 fore
371 732 464 764 omni
475 730 595 763 Graeco
609 727 663 772 qui
675 726 831 771 reciperet
847 725 1031 760 Athenien-

283 777 348 812 sem
360 778 506 814 exulem,
525 788 593 809 non
612 776 718 808 statim
739 775 879 820 tyrannis
898 775 1031 821 triginta

283 825 506 873 repetentibus
518 824 719 860 redditurus:
735 820 948 857 nihilominus
965 811 1032 856 hon

283 877 399 921 Argivi
412 873 512 908 modo
526 899 536 915 ,
557 872 612 908 sed
632 876 665 908 &
678 871 830 907 Thebani
842 870 1033 905 infestissimi

283 922 366 957 olim
378 922 581 958 Athenarum
592 922 710 962 hostes,
722 920 940 955 misericordia
951 923 1031 954 moti

283 983 455 1020 quotquot
476 972 518 1006 ad
538 972 567 1006 se
582 971 735 1019 fugerent
746 983 783 1004 cx
796 969 874 1005 urbe
888 995 897 1012 ,
912 968 1031 1018 perbe-

282 1024 380 1069 nigne
392 1022 561 1068 recipiunt.

330 1069 457 1104 Interea
471 1067 646 1103 miserrime
657 1069 739 1113 perit
751 1068 909 1103 Alcibiades
920 1082 931 1102 .·
942 1080 1033 1102 enia-

283 1116 377 1152 natat
387 1119 425 1153 ad
437 1131 528 1153 aures
539 1117 720 1166 sagacissimi
735 1119 790 1152 viri
801 1129 915 1165 parate
928 1125 1032 1164 Cyrum

285 1180 360 1202 cum
384 1169 644 1203 Lacedaemoniis
665 1165 777 1202 foedus
807 1178 922 1201 contra
943 1174 1034 1200 Arta-

284 1230 402 1252 xerxem
415 1224 593 1252 Muemonem
615 1235 624 1250 ε
648 1229 716 1251 rem
728 1216 825 1251 refert
836 1213 1035 1252 Pharnabazo

276 1266 397 1312 ‘Lydi'ae
413 1266 538 1312 prasidi
557 1292 565 1304 ‚
594 1276 661 1300 erat
681 1267 706 1299 is
728 1278 765 1299 ex
777 1277 917 1298 numero
930 1264 1035 1299 rebel-

287 1318 371 1351 lium
390 1340 400 1356 ,
423 1327 493 1348 non
511 1327 589 1361 ergo
607 1326 714 1348 narrat
734 1316 815 1361 Regi
830 1312 943 1348 delata.
978 1313 1038 1346 ista

289 1365 496 1410 comperiens
513 1364 666 1398 Alcibiades
683 1362 726 1397 ad
748 1363 892 1410 Phrygiae
908 1362 937 1396 se
956 1374 1037 1396 con-

289 1411 351 1447 fert
364 1415 537 1461 Satrapam
547 1436 556 1450 ‚
571 1412 613 1447 ab
625 1425 667 1447 eo
680 1423 905 1446 commeatum
917 1411 958 1445 ad
969 1413 1039 1446 Re-

292 1474 367 1510 gem
386 1463 542 1509 impetrat
559 1486 569 1502 ,
597 1463 649 1497 sed
668 1461 748 1496 dum
762 1460 838 1496 effet
854 1462 888 1494 in
900 1462 951 1494 via
968 1484 979 1501 ,
1007 1462 1040 1494 in

292 1510 439 1557 Phrygiae
457 1510 614 1556 'quodam
638 1511 801 1557 oppidulo
820 1511 1040 1558 pernobians,

293 1558 373 1594 miili
393 1563 410 1594 a
429 1560 627 1596 Pharnabazo
647 1558 995 1594 {icariicircumfistunt
1010 1562 1041 1593 in

291 1620 359 1654 quo
382 1607 568 1643 dormiebat
588 1605 764 1656 hospitium
784 1623 792 1643 :
820 1607 1043 1642 incenduntur

135 1657 182 1685 Mi
193 1656 253 1684 erri-
290 1659 395 1698 aedes,
410 1659 569 1692 excitatus
587 1656 764 1692 flaminii&
778 1657 874 1693 fumo
886 1659 1043 1692 Alcibiades

135 1697 245 1766 ”m-‘dff‘
292 1704 1043 1742 conatui-derefraftafenestrasedareinstrata:

134 1740 199 1809 2²:²¹2
214 1750 233 1768 κ
293 1755 348 1791 scd
370 1754 496 1802 spiculis
516 1760 546 1790 δέ
566 1754 684 1790 lanceis
704 1756 844 1790 retrusus
865 1758 1043 1803 cogiturin

199 1803 206 1810 ’
294 1804 450 1840 incendio
464 1807 562 1841 mori.
603 1807 739 1839 Horum
752 1806 891 1839 maxima
903 1818 976 1852 pars
988 1819 1041 1840 ac-

296 1853 376 1889 cidit
396 1854 470 1901 post
486 1863 676 1889 Artaxerxem
687 1857 912 1902 Longimanun13
935 1854 989 1888 sed
1003 1867 1043 1889 ne

296 1915 405 1936 rerum
423 1905 653 1937 continuarum
671 1903 781 1938 seriem
802 1915 1043 1949 rumperemus,

295 1950 357 1985 una
369 1954 608 1986 contexuimus.

344 2002 379 2033 In
401 2000 534 2034 historia
553 2001 688 2046 antiqua
706 2001 745 2035 de
766 2003 859 2035 Dario
880 2003 975 2036 Notho
995 2003 1040 2035 ni-

292 2048 337 2082 hil
350 2051 487 2086 invenio
506 2074 515 2086 ‚
541 2061 747 2098 quapropter
757 2063 828 2096 quae
841 2053 1042 2085 recentiores

292 2097 434 2136 liabent,
454 2099 632 2146 praeteribo
651 2123 659 2135 ‚
677 2100 827 2145 pleraque
849 2101 977 2133 minimi
993 2101 1038 2135 fa-

293 2151 381 2179 ciens
395 2168 404 2181 ,
424 2149 497 2190 quia
507 2144 619 2181 fontes
641 2150 758 2193 ignoro
775 2161 783 2186 ;
810 2146 974 2194 sequentia
990 2161 1040 2183 ta-

293 2206 371 2228 men
392 2196 424 2227 in
442 2195 579 2229 historia>
591 2206 734 2241 antiquae
747 2200 970 2231 monumentis
989 2200 1040 2231 in-

295 2255 406 2277 venio.

141 2300 279 2329 ⁸Artaxer.
343 2295 502 2327 Artaxerxi
522 2294 694 2340 Longimano
719 2289 804 2326 solus
822 2298 928 2326 Xerxes
953 2290 1040 2327 filius

140 2337 278 2385 xiffifffdl‘
297 2339 356 2375 fuit
368 2341 530 2388 legitimus
543 2364 552 2378 ‚
570 2353 683 2390 praeter
698 2353 772 2375 eum
786 2339 864 2374 vero
880 2340 1041 2376 naturales

139 2382 241 2448 ’5,ᾜῖ
296 2390 530 2438 septemdecim
553 2404 562 2429 ;
587 2403 732 2437 quorum
749 2392 907 2423 maximus
922 2392 1041 2439 ngdt'a-

175 2437 182 2449 i
242 2442 248 2448 .

295 2451 346 2474 nm
356 2464 365 2479 ,
381 2440 530 2473 Eunuchi
542 2438 660 2475 fraude
670 2440 853 2474 necandum
866 2451 957 2473 curat
968 2446 1041 2474 Xer—

296 2501 374 2524 xem.
409 2490 522 2522 Paucis
535 2487 606 2535 post
618 2488 732 2523 diebus
743 2513 751 2528 ,
771 2487 875 2522 multa
886 2487 1043 2523 nobilitas

297 2537 392 2574 exosa
406 2536 531 2572 facinus
552 2540 630 2572 Ocho
648 2536 801 2584 sejungit
819 2549 856 2570 ex
868 2536 982 2584 spuriis
994 2538 1042 2571 se-

299 2587 503 2635 ptemdecim
528 2587 584 2621 uni
605 2599 613 2621 t
640 2586 692 2620 hic
711 2597 829 2620 necato
840 2588 979 2632 Sogdiano
995 2599 1044 2620 re-

298 2648 401 2683 gnum
418 2637 611 2683 occupavit,
631 2636 665 2668 in
681 2637 812 2669 Darium
833 2646 1042 2669 commutans

298 2696 434 2719 nomen.

349 2737 384 2768 ln
403 2734 497 2767 annis
527 2731 761 2767 novemdecim
783 2729 906 2776 quibus
930 2733 1043 2766 Darius

296 2785 408 2818 Notlms
421 2783 581 2830 sceptrum
596 2779 755 2816 Perficum
770 2782 875 2813 tenuit
887 2803 896 2818 ‚
919 2782 1043 2815 aulico-

166 2857 183 2877 ,
297 2844 370 2865 rum
383 2833 507 2878 aliquot
515 2830 693 2866 seditiones
705 2830 817 2863 recitat
830 2828 929 2873 Ctissiu
951 2843 961 2863 :
986 2831 1043 2876 qui

172 2879 174 2881 ’
298 2892 369 2914 tum
385 2883 544 2928 temporis
562 2883 596 2913 iii
616 2881 703 2915 Dani
722 2876 844 2912 familiai
855 2890 956 2912 artem
971 2891 1043 2912 me-

301 2929 408 2963 dicam
421 2929 587 2965 exercebat
598 2945 608 2973 3
625 2928 676 2963 sed
688 2928 866 2976 Thucydides,
877 2929 1043 2968 Herodotus,

302 2982 449 3023 Xenophon
467 2984 499 3013 ἀ
521 2981 575 3014 alii
594 2978 629 3013 ea
641 2978 830 3023 tempestate
843 2977 981 3011 historici
994 2976 1043 3010 us·

302 3037 367 3069 que
386 3028 468 3061 adeo
494 3030 526 3061 in
548 3031 739 3063 Graecorum
766 3025 857 3059 bellis
889 3026 1043 3073 occupati

302 3073 375 3106 suut
386 3098 395 3110 ,
414 3087 448 3107 ut
468 3076 612 3112 Persicos
622 3088 733 3112 motus
745 3074 919 3110 auscultare
930 3076 965 3109 iis
978 3087 1043 3110 non

300 3121 527 3160 fueritotium.

147 3156 241 3188 -sffl'b
349 3171 422 3217 Qi
433 3183 480 3206 res
489 3172 590 3219 gestas
601 3173 718 3221 populi
728 3174 878 3221 Spartani
890 3177 924 3210 δε
938 3173 1041 3209 Athe-

145 3197 230 3233 stetisti
241 3206 273 3229 w·

1007 107 1485 156 His‘rortroi

1073 188 1189 224 niensis
1201 191 1316 238 viginti
1327 188 1451 236 septem
1466 201 1627 225 annorum
1641 190 1819 238 ,quamdiu
1844 203 1963 240 spartani
2045 88 2048 236 i

1074 238 1196 273 belum
1222 237 1534 286 Peloponnesiacum
1559 239 1688 275 duravit
1707 267 1717 282 ,
1746 240 1821 275 cum
1842 243 1968 281 multbfa-

1073 288 1197 329 judicio
1207 287 1333 334 legerit,
1345 287 1578 334 pronunciabit
1586 291 1727 335 partium
1742 291 1824 323 utri-
1844 284 1913 311 cilius
1924 285 1984 312 Per-

1075 338 1121 369 vis
1139 337 1192 370 seu
1218 336 1470 372 Atheniensibus
1492 336 1545 371 seu
1567 338 1825 372 Lacedaemoniis
1840 324 1962 391 ῥῖψ’-’ΣΤ

1076 384 1217 428 proclive
1238 384 1329 420 fuisse
1345 387 1555 433 paucioribus
1573 387 1675 433 copiis
1689 411 1699 427 ,
1723 386 1825 421 clasii·
1845 374 1973 439 ΐενῖζιβί,

1077 431 1294 472 bus‚ducibus
1306 457 1314 470 ,
1327 432 1658 481 pectiniis‚Persarum
1674 436 1827 483 Regnum
1844 444 1972 485 jughssene.

1077 480 1269 528 subjugfisse,
1280 483 1379 528 quam
1393 485 1512 530 quibus
1524 484 1554 519 se
1565 482 1683 517 mutuo
1696 486 1829 532 impeti-

1078 542 1193 564 verunt
1205 553 1214 565 ‚
1229 533 1322 564 nullo
1334 533 1397 566 alio
1410 532 1518 566 fruetu
1530 533 1627 577 quam
1638 543 1673 566 ut
1685 545 1773 567 nunc
1785 533 1828 574 hi,

1078 590 1165 613 nunc
1184 579 1233 612 isti
1250 579 1292 614 ad
1313 582 1479 627 proximas
1492 581 1590 614 ruiiiae
1602 592 1676 614 oras
1691 582 1830 617 accede-

1079 638 1148 662 rent
1161 642 1170 668 ;
1192 632 1226 663 &
1238 639 1272 662 ut
1284 631 1412 677 utrique
1423 630 1459 663 ad
1474 641 1687 670 communem
1697 629 1827 665 hostem
2045 512 2048 675 Ι

1080 678 1205 724 Regem
1222 677 1387 712 Persarum
1410 680 1441 711 in
1457 680 1558 713 Graeci
1572 679 1714 713 nominis
1725 679 1829 714 dede-
2045 679 2048 718 l

1078 738 1144 763 cus,
1157 724 1327 761 multoties
1338 726 1497 775 supplices
1511 729 1704 763 accederent
1717 754 1727 768 ,
1744 727 1829 764 illius

1078 774 1231 808 auxilium
1251 774 1464 822 implorantes
1482 789 1550 822 quo
1564 776 1749 811 seinvicem
1763 789 1831 825 op-

1080 823 1257 868 primerent
1268 837 1277 862 ;
1288 827 1344 869 qui
1354 826 1540 859 concordes
1553 826 1656 860 totius
1671 825 1754 860 Afiae
1766 828 1830 860 im-

1082 872 1207 916 perium
1227 883 1296 904 non
1319 884 1440 918 magno
1466 876 1603 920 negotio
1629 877 1827 923 occupaturi

1081 918 1293 954 videbantur.

1126 972 1219 1003 Dario
1238 971 1332 1003 Notho
1355 968 1500 1004 succeffit
1518 971 1552 1003 in
1573 972 1715 1018 Imperio
1736 971 1829 1007 filio-
1851 979 1977 1016 Paryfim'e

1081 1030 1154 1051 rum
1183 1028 1264 1052 natu
1291 1021 1452 1053 maximus
1479 1026 1656 1054 Artaxerxes
1681 1027 1827 1062 Mnemon,
1845 1019 1929 1055 filium
1937 1022 1984 1056 Cy-

1083 1080 1181 1114 quem
1193 1070 1285 1102 Dario
1298 1067 1403 1102 adhuc
1416 1069 1547 1115 privato
1570 1069 1710 1119 Parysatis
1729 1082 1829 1118 pepe·
1850 1062 1994 1106 rum-Dario

1082 1127 1187 1157 terat,
1208 1118 1384 1163 imperanti
1402 1115 1480 1150 vero
1498 1117 1612 1151 eadem
1632 1126 1832 1164 uxorcyrum
1853 1101 1990 1170 {ffigf‘cf

1083 1165 1187 1201 edidit
1204 1179 1212 1200 ι
1239 1172 1325 1215 Cyrus
1337 1178 1373 1200 ur
1387 1160 1527 1212 primum
1542 1167 1685 1202 adolevit
1700 1169 1835 1202 maximi
1929 1164 1938 1171 “

1085 1216 1131 1249 vir
1143 1216 1245 1248 animi
1257 1218 1409 1262 apparuit
1422 1230 1430 1255 3
1450 1224 1626 1250 Artaxerxes
1637 1217 1761 1262 ingenii
1772 1216 1835 1251 fuit

1086 1263 1192 1298 multo
1215 1265 1354 1297 mitioris
1374 1279 1382 1304 3
1417 1263 1468 1297 ille
1490 1266 1585 1298 matri
1605 1263 1735 1299 charior
1752 1291 1761 1305 ‚
1783 1267 1837 1299 hic

1086 1315 1169 1361 patri
1195 1326 1203 1346 :
1230 1313 1271 1347 de
1291 1320 1361 1356 cjyro
1377 1313 1476 1347 hocce
1493 1315 1612 1348 minori
1628 1317 1732 1349 multa
1745 1322 1839 1350 Xeno-

1082 1365 1156 1409 phon
1169 1386 1179 1403 ‚
1204 1361 1314 1396 verum
1328 1362 1368 1395 ad
1381 1366 1447 1406 ejus
1462 1361 1697 1411 elegantissima
1711 1363 1841 1411 scripta,

1087 1409 1160 1444 cum
1182 1412 1305 1458 prolixa
1327 1411 1387 1444 sint
1401 1435 1410 1450 ,
1431 1413 1529 1446 nobis
1541 1413 1574 1445 iri
1586 1411 1755 1459 praesentia
1769 1426 1840 1448 non

1088 1460 1132 1494 est
1143 1463 1270 1495 otium:
1291 1458 1458 1506 sequentia
1471 1459 1547 1507 ergo
1559 1462 1710 1507 cogimur
1721 1475 1757 1496 ex
1769 1465 1842 1497 Dio—

1088 1511 1154 1544 doro
1169 1511 1261 1543 Siculo
1280 1506 1482 1544 &Plutarcho
1496 1512 1617 1545 minori
1631 1521 1706 1544 cum
1721 1510 1838 1546 labore

1091 1560 1296 1606 depromere.
1754 1565 1759 1569 '

1139 1605 1352 1642 Desiderabat
1379 1609 1521 1658 Parysatis
1555 1611 1625 1650 Cyro
1650 1618 1763 1653 parare
1789 1619 1840 1642 re·
2043 1618 2048 1675 Ῐ

1091 1668 1193 1703 gnum
1209 1681 1219 1697 ,
1239 1667 1424 1702 conataque
1437 1656 1481 1689 est
1493 1653 1690 1703 persuadere
1702 1659 1773 1691 viro
1786 1657 1843 1691 ad·
2043 1679 2046 1719 Ι

1091 1707 1152 1739 huc
1165 1706 1195 1737 in
1209 1705 1346 1743 vivis,ad
1358 1712 1463 1754 cyrum
1477 1706 1637 1752 pertinere
1650 1707 1843 1753 imperium,

1091 1754 1209 1789 eodeni
1222 1757 1291 1798 jure
1302 1766 1371 1799 quo
1384 1755 1464 1788 olim
1476 1755 1585 1796 Xerxi3
1604 1766 1718 1802 utpote
1732 1757 1842 1802 p‘rimo
2043 1735 2048 1786 l

1091 1801 1136 1837 sui
1151 1806 1314 1851 regnantis
1327 1801 1395 1836 filio
1410 1819 1420 1845 ς
1440 1803 1492 1838 sed
1505 1807 1594 1838 Dario
1610 1803 1696 1838 stetit
1707 1803 1842 1838 senten·
2042 1805 2046 1848 Ι

1091 1856 1135 1886 tia
1148 1850 1339 1888 conferendi
1351 1853 1424 1898 post
1442 1850 1472 1886 se
1489 1853 1522 1885 in
1535 1861 1726 1887 Artaxerxem
1737 1853 1841 1900 regni.
2042 1849 2045 1885 ι’

1093 1901 1261 1946 Cunijure
1274 1900 1433 1936 cecidisset
1447 1909 1531 1946 Cyrus
1542 1925 1553 1941 ,
1568 1901 1610 1935 ad
1622 1902 1687 1936 vim
1701 1906 1734 1936 δέ
1747 1899 1838 1935 frau-

1091 1951 1148 1985 des
1168 1950 1226 1985 sese
1247 1953 1412 1985 convertit
1438 1964 1446 1984 ε
1474 1951 1553 1984 dum
1568 1948 1724 1990 frater‚ut
1737 1951 1842 1984 moris

1090 2011 1159 2035 erat
1178 1998 1339 2034 Persarum
1360 1998 1489 2048 regibus
1509 2000 1543 2032 in
1556 2000 1664 2045 Regni
1679 1998 1842 2045 auspiciis,

1090 2049 1244 2084 sacratam
1258 2053 1324 2095 Cyri
1336 2050 1454 2083 vestem
1468 2049 1701 2095 paratinduere
1711 2076 1721 2093 ‚
1731 2047 1840 2082 latens
1859 2074 1953 2100 Servat

1091 2100 1122 2132 in
1134 2097 1257 2133 insidiis
1270 2097 1425 2145 (yrusipli
1438 2101 1538 2131 vitam
1553 2095 1690 2141 molitur
1702 2099 1840 2143 eripere3
1859 2113 1990 2148 Panysatie

1090 2147 1145 2181 sed
1157 2158 1233 2182 ante
1253 2150 1291 2180 ad
1309 2157 1500 2182 Artaxerxem
1517 2143 1707 2179 infidiaium
1722 2157 1837 2191 perve-
1859 2152 1974 2188 Cyrum&

1091 2198 1139 2228 nit
1149 2196 1320 2228 indicium.
1361 2192 1644 2227 Obtruncandum
1657 2193 1700 2227 ob
1713 2194 1838 2228 facinus
1854 2195 1968 2230 presenti

1090 2250 1195 2284 cyrum
1210 2243 1418 2289 amplectitur
1431 2253 1555 2283 mater,
1572 2253 1630 2276 nec
1645 2240 1733 2289 prius
1751 2241 1837 2277 areo
1858 2242 1942 2261 ''¹⁰⁸“

1090 2290 1229 2324 abstrahi
1243 2289 1273 2325 se
1286 2289 1365 2338 passa
1377 2291 1431 2330 est,
1443 2303 1540 2337 quam
1553 2291 1695 2326 criminis
1708 2293 1838 2328 veniam

1090 2340 1182 2375 alteri
1195 2339 1264 2373 filio
1283 2339 1458 2385 lachrymis
1469 2337 1657 2375 extorsisset.

1127 2396 1215 2440 Cyrus
1225 2388 1466 2436 praesentiffimo
1476 2400 1607 2436 ereptus
1618 2387 1718 2422 exitio
1732 2385 1837 2422 mitti·
1856 2390 1998 2427 1630ch-

1092 2448 1142 2472 tur
1153 2442 1269 2484 procul
1280 2439 1321 2472 ab
1334 2438 1403 2472 aula
1417 2441 1449 2471 in
1463 2438 1599 2482 Lydiam
1614 2439 1748 2485 Satrapa
1761 2438 1836 2470 &liic
1854 2441 1894 2458 Μ
1906 2433 1988 2481 inopi-

1092 2489 1287 2533 irrequietus
1305 2489 1434 2521 animus
1455 2499 1545 2521 nova
1563 2485 1694 2520 confilia
1714 2488 1838 2529 coquit,
1856 2480 1995 2539 Ψὲζῗῗωη*

1092 2535 1256 2571 continuo
1269 2537 1389 2585 pellicit
1401 2536 1443 2570 ad
1456 2536 1484 2569 se
1497 2549 1534 2569 ex
1545 2546 1617 2568 tota
1634 2535 1750 2569 vicinia
1771 2533 1839 2567 for·
1856 2523 1883 2540 γ’
1916 2523 1974 2540 ‘¹¹⁸⁷'

1093 2584 1226 2619 tiffimos
1238 2585 1387 2632 quosque
1399 2589 1497 2624 νῖκος,
1509 2595 1649 2631 quorum
1661 2585 1839 2617 maximum

1094 2644 1163 2667 tum
1176 2638 1349 2668 numerum
1361 2634 1490 2667 Graecia
1501 2632 1614 2672 dabat,
1627 2631 1726 2667 finito
1739 2644 1842 2679 nuper

1093 2681 1182 2715 bello
1191 2681 1476 2730 Peloponnesiaco
1489 2709 1496 2721 ,
1512 2682 1606 2728 quod
1622 2695 1679 2729 pet
1690 2680 1843 2727 frequen·
2037 2689 2040 2703 ¹

1093 2733 1170 2764 tiam
1196 2733 1415 2779 periculorum
1442 2731 1605 2778 plurimos
1639 2731 1773 2765 adduxit
1798 2729 1843 2763 ad

1092 2779 1254 2814 summam
1276 2783 1321 2815 rei
1344 2783 1488 2816 militaris
1503 2782 1661 2826 peritiam.
1698 2780 1839 2811 Istorum

1094 2829 1196 2864 millia
1210 2829 1368 2865 tredecim
1386 2829 1598 2866 ascenderunt
1612 2839 1685 2860 cum
1700 2834 1770 2870 Cyro
1781 2840 1837 2874 per

1093 2879 1247 2913 Ciliciam
1261 2883 1294 2913 &
1307 2880 1431 2925 Syriam
1451 2881 1482 2911 in
1495 2887 1628 2923 campos
1642 2877 1841 2922 Melopota-

1093 2929 1164 2960 miae
1179 2942 1185 2960 ε
1206 2927 1260 2960 liic
1275 2927 1351 2975 ipsis
1361 2929 1505 2960 occurrit
1519 2934 1692 2960 Artaxerxes
1703 2925 1744 2959 ad
1755 2927 1839 2960 ulte—

1092 2978 1214 3010 riorem
1237 2977 1411 3022 Euphratis
1425 2977 1538 3021 ripam.
1579 2976 1614 3006 In
1629 2975 1732 3008 castris
1745 2976 1839 3022 regiis

1093 3036 1320 3058 memorantur
1347 3025 1504 3069 myriades
1530 3023 1746 3069 qnadraginta
1765 3048 1775 3063 ,
1804 3026 1840 3057 iil

1091 3076 1236 3122 Cyrinon
1250 3072 1340 3118 supra
1350 3085 1481 3108 novem.
1517 3074 1608 3106 Dum
1625 3072 1838 3106 conseruntur

1093 3134 1207 3156 manus
1224 3147 1233 3162 ‚
1262 3121 1529 3168 perniciosissimo
1548 3118 1656 3155 errore
1677 3120 1836 3155 iiiiistium

1091 3183 1193 3208 cornu
1202 3172 1241 3208 ad
1250 3170 1395 3207 fluminis
1406 3173 1522 3219 ripam,
1535 3184 1575 3205 ne
1585 3171 1835 3250 circumvlensilret

1747 3228 1765 3250 0
1798 3230 1836 3259 is,
