2048 3343
1055 96 1532 131 TINATIONE‚

1054 170 1105 193 nat
1118 157 1156 192 ab
1164 155 1361 204 aegrirudine:
1375 155 1414 189 sic
1422 154 1557 189 restituta
1565 153 1706 187 voluntas
1719 153 1813 187 liber-

1054 209 1109 243 tati
1123 212 1154 242 &
1169 205 1286 240 sanitati
1300 205 1437 252 exurgit,
1460 208 1491 239 δι
1506 203 1568 237 sola
1583 200 1639 235 suis
1651 202 1766 236 viribus
1782 216 1814 235 a-

1055 259 1141 293 ctum
1155 256 1338 290 credendi&
1346 253 1555 288 converfionis
1564 249 1691 298 perficit.
1719 256 1816 299 Qo-

1057 306 1149 355 usque
1158 305 1289 353 sequaris
1303 302 1417 338 sensum
1430 302 1512 336 hunc
1521 313 1580 336 tuae
1588 300 1713 340 rationis
1721 314 1815 346 quem

1056 368 1182 391 tuorum
1191 355 1354 388 auctorum
1362 352 1600 387 commentarius
1609 347 1667 383 fert
1675 374 1684 388 ‚
1698 348 1818 390 nesci03

1057 405 1176 440 tantum
1189 404 1312 438 evidens
1326 402 1370 436 est
1388 400 1468 448 ipsos
1489 401 1613 434 asserere
1630 410 1713 432 tuam
1730 399 1816 432 istam

1059 454 1211 487 rationem
1225 452 1387 485 continere
1400 462 1555 488 errorem,
1569 461 1664 495 quem
1677 446 1737 494 ipse
1749 451 1816 481 Te„

1058 504 1153 550 lagius
1166 501 1335 539 damnavit,
1351 504 1382 534 &
1396 499 1497 546 plures
1511 499 1601 532 etiam
1615 498 1701 532 alios.
1728 497 1817 546 Qid

1059 552 1103 586 est
1113 551 1230 598 (inquit
1239 548 1438 598 Augustinus)
1449 549 1604 596 ingratius,
1618 547 1710 593 quam
1723 560 1818 595 nega-

1042 613 1044 623 ¹
1060 614 1092 635 re
1104 598 1196 647 ipsam
1210 600 1336 647 gratiam
1351 600 1414 633 Dei
1426 597 1558 632 dicendo
1572 609 1638 631 eam
1653 594 1818 630 secundum

1061 651 1169 685 merita
1188 647 1293 683 nostra
1311 648 1391 688 dari,
1413 647 1499 695 quod
1513 647 1544 682 in
1563 647 1725 694 Pelagianis
1741 645 1819 680 fides

1061 699 1212 734 catholica
1225 698 1401 737 exhorruit,
1422 697 1509 745 quod
1522 696 1576 743 ipsi
1590 697 1715 744 ‘Pelagio
1734 696 1819 742 capi-

1061 751 1119 783 tale
1132 750 1249 782 crimen
1262 747 1396 792 objecit,
1415 746 1501 794 quod
1517 744 1578 792 ipse
1594 746 1737 793 ‘Pelagius
1751 757 1819 779 non

1062 798 1190 845 quidem
1204 809 1311 831 amore
1324 797 1456 832 veritatis
1468 796 1535 830 Dei
1547 820 1558 835 ,
1579 793 1629 829 sed
1643 805 1746 829 tamen
1762 792 1818 828 suae

1063 847 1267 899 damnationis
1279 847 1393 880 timore
1408 845 1569 880 damnavit.

1112 897 1290 945 antatua
1303 896 1392 930 ratio.
1417 895 1448 929 Si
1457 893 1679 942 praedestinatio
1687 891 1818 928 essetab-
1832 903 1976 942 spalatenfis
2025 901 2027 931 ς

1063 944 1177 986 soluta,
1194 944 1369 994 sequeretur
1381 944 1635 991 reprobationem
1651 941 1719 976 fieri
1732 942 1776 976 ob
1784 954 1818 976 ο-
1831 947 1896 972 ratio
1907 946 1985 982 quin-
2015 939 2027 978 ’ς

1064 996 1189 1043 riginale
1201 1006 1360 1042 peccatum
1373 992 1472 1028 solum
1486 1018 1496 1034 ,
1519 994 1590 1041 quia
1606 990 1708 1027 homo
1726 990 1820 1038 lapsus
1833 993 1874 1015 Μ»
1890 986 1984 1029 stata,
2026 991 2027 994 ’

1062 1047 1094 1079 in
1108 1044 1256 1093 originale
1269 1055 1428 1092 peccatum
1440 1042 1484 1078 est
1497 1043 1659 1089 objectum
1668 1040 1821 1088 praedesti-
1832 1025 1986 1092 &affligitis

1063 1095 1214 1134 nationis,
1225 1095 1288 1129 hoc
1295 1104 1397 1129 autem
1404 1093 1448 1128 est
1455 1104 1562 1127 contra
1569 1093 1822 1139 Scripturas‚quae
1833 1105 1867 1132 ab
1875 1105 1966 1132 Armi-

1065 1145 1221 1178 neminem
1234 1145 1484 1179 damnarivolunt
1497 1141 1552 1176 nifi
1566 1142 1610 1177 ob
1618 1141 1744 1175 actualia
1751 1153 1822 1188 pec·
1834 1149 1883 1175 nio.

253 119 314 160 134
558 95 1024 138 DEPRAEDES

260 171 330 222 post
337 167 587 218 praedicationern
601 164 766 212 Euangelii
773 159 932 200 vixerunt,
945 160 1018 194 licet

261 221 379 257 nullum
392 217 596 264 ejus-verbum
607 215 767 253 audierint,
777 209 1019 247 sed&01nnibus

264 268 397 305 omnino
416 265 528 314 absque
546 265 728 312 exceptione
748 259 934 296 hominibus
956 269 1019 294 tam

266 319 399 365 sublege
415 321 446 352 &
459 327 528 350 ante
541 315 642 362 legem
655 313 748 360 quam
762 310 815 345 sub
830 309 1017 358 EuangeliO.

266 367 386 405 Verum
400 366 438 400 de
453 365 601 399 omnibus
616 362 678 397 istis
692 360 746 395 suo
762 361 846 394 loco.

318 420 437 463 Qarta
450 425 501 448 tua
516 427 552 447 ex
564 412 723 461 Spalatenfi
733 410 810 444 ratio
823 409 878 444 est'.
893 407 1022 442 Dicitur

104 460 248 513 {Elatcnfis
268 467 371 502 Crede
384 469 415 500 δέ
428 462 591 498 servaberis
600 486 610 501 ,
630 473 727 494 unum
740 459 854 493 horum
868 458 997 504 exigitur
1009 478 1020 493 ,

103 523 168 542 ramo
176 515 214 550 se-
240 557 243 560 .
268 516 395 550 alterum
408 512 553 551 offertur,
574 509 797 558 praedestinatio
810 508 859 541 hic
871 506 939 540 fluit
954 505 970 537 a
983 502 1021 536 fi-

102 566 160 582 cum
175 555 254 601 traha
269 565 315 601 de,
329 563 509 599 &voluntas
522 559 565 595 est
576 560 706 594 humana
718 569 785 604 quae
799 555 895 589 credit
907 551 1021 592 libere3

101 596 255 667 {Ziffiflge'
269 613 321 648 etsi
330 624 413 647 mota
421 613 436 646 εἰ
444 611 507 646 Dei
517 610 624 658 gratia.
640 605 731 652 Resp.
746 605 841 639 Ratio
855 604 919 636 haec
930 612 1024 649 prout

101 675 254 702 libem-onas.
268 664 318 697 hic
330 663 382 696 ate
391 660 522 698 affertur,
539 659 624 692 nullo
637 657 697 689 alio
707 655 782 688 vitio
790 653 927 687 laborare
939 650 1023 685 vide-

267 725 315 746 tur
323 712 414 759 quam
425 704 651 755 impertinentia
665 703 701 737 ad
715 702 840 749 scopum
849 726 857 738 ‚
871 714 943 736 nam
952 701 1024 734 dato

266 763 377 796 Deum
398 759 552 804 requirere
572 754 666 788 fidem
688 753 720 786 in
739 751 886 785 omnibus
912 749 1025 797 quibus

267 809 421 858 promittit
435 807 557 840 salutem
570 828 580 844 ,
606 814 670 836 non
691 801 761 835 inde
784 799 918 847 sequitur
931 798 1026 833 fidem

267 859 447 894 antecedere
463 852 761 903 praedestinationem
772 874 782 889 ‚
808 850 880 897 quia
896 849 961 883 Dei
974 848 1026 882 de-

269 919 386 943 cretum
400 905 455 945 est,
465 915 498 939 ut
509 904 587 938 fides
602 903 633 935 in
646 900 738 934 nobis
747 899 844 935 libere
856 897 960 933 existat
973 909 1026 931 an-

267 969 392 1005 tequam
412 955 566 989 salvemur.
594 952 653 985 Sed
672 950 746 983 dum
762 950 935 982 amicorum
953 957 1026 981 tuo-

269 1020 338 1041 rum
357 1003 480 1049 hujusce
497 1003 622 1037 rationis
641 999 899 1033 commentarium
912 997 1003 1032 video
1017 1018 1025 1032 2

271 1055 434 1092 &sensum
447 1066 540 1101 quem
558 1063 618 1098 prat
637 1047 665 1083 se
685 1046 744 1082 fert
757 1072 766 1087 ‚
793 1057 886 1095 prout
903 1045 1026 1081 affertur

273 1106 346 1140 seua
360 1103 521 1153 'Spalatenfi
527 1126 535 1138 ‚
552 1102 599 1135 seu
612 1101 628 1134 a
637 1099 875 1147 Semzpehzgtanbs
883 1097 962 1143 apud
968 1098 1027 1130 Hi-

273 1158 385 1189 larz'um
400 1160 431 1189 &
447 1151 647 1200 Attgustz‘num
660 1173 669 1188 ,
690 1148 811 1182 Videtur
823 1147 912 1194 plena
923 1145 1027 1180 crassa-

106 437 211 462 &narra

102 715 215 743 bnt-mm.

274 1218 342 1239 rum
355 1202 587 1237 absurditatum,
605 1211 678 1246 quas
690 1207 740 1233 tu,
760 1208 792 1230 ut
811 1207 905 1244 puto,
925 1194 1028 1230 defen-

275 1254 387 1288 dendas
401 1265 465 1286 non
479 1250 624 1297 suscipies.
649 1245 834 1295 Augustinus
851 1246 889 1280 ad
901 1258 968 1278 eam
980 1258 1028 1278 re-

273 1303 426 1351 spondens
441 1301 478 1335 de
490 1297 753 1347 praedestinatione
768 1296 834 1341 cap.
848 1307 884 1328 11.
897 1294 979 1327 hunc
993 1294 1028 1326 il-

275 1355 331 1387 lius
345 1350 460 1386 sensum
472 1349 588 1384 invenit
605 1360 613 1388 ;
632 1345 709 1380 fides
721 1356 789 1392 quae
803 1346 819 1378 a
829 1343 922 1377 nobis
932 1343 1029 1390 exigi-

274 1415 341 1442 tur,
356 1399 528 1449 priusquam
542 1395 703 1444 ullagratia
715 1394 901 1434 imbuimur,
914 1392 1030 1427 necesse

276 1451 322 1487 est
336 1463 369 1485 ut
381 1450 415 1483 sit
429 1461 509 1496 opus
522 1448 610 1481 liberi
628 1443 725 1479 nostri
746 1443 863 1477 arbitrii
879 1467 889 1483 ‚
915 1455 1030 1490 nequa-

275 1513 368 1550 quam
382 1511 455 1534 vero
472 1497 573 1546 gratiae
586 1495 663 1530 Dei.
694 1492 921 1537 Huiuscemodi
935 1493 1030 1526 ratio-

274 1553 320 1585 nis
333 1548 428 1584 fronti
440 1549 558 1595 nigram
570 1546 647 1579 hanc
660 1553 766 1577 notam
774 1541 1031 1591 Azggusttnusinu·

273 1602 332 1640 rit,
349 1600 573 1647 Pelagianorum
584 1592 863 1628 errordamnabilis.
880 1592 1032 1641 Qodvir

275 1649 393 1684 sanstus
405 1648 456 1682 hic
469 1647 564 1694 longe
576 1643 652 1678 absit
668 1643 708 1676 ab
723 1643 813 1676 omni
828 1642 1032 1678 calumniavi-

276 1701 348 1735 dere
364 1697 407 1732 est
419 1699 450 1732 in
468 1696 557 1744 ipsius
572 1695 691 1730 Halani
702 1691 847 1740 epistola,
868 1692 922 1727 ubi
934 1695 1030 1726 Semi-

273 1751 436 1798 pelagianos
447 1748 478 1781 in
491 1746 554 1782 hoc
566 1757 623 1782 tuo
636 1754 818 1793 argumento
825 1743 922 1778 adhuc
929 1742 1031 1777 absur-

276 1800 378 1834 diores
392 1796 480 1837 facit,
502 1810 572 1831 nam
589 1797 627 1831 ab
640 1809 680 1830 eo
695 1795 781 1842 quod
796 1793 909 1833 habes,
935 1806 1030 1828 unum

275 1849 389 1883 horum
402 1849 531 1895 exigitur
544 1849 671 1882 alterum
684 1844 833 1880 offertum
860 1842 1031 1878 inferebant

274 1898 324 1932 isti
337 1898 430 1933 fidem
444 1910 523 1944 opus
536 1896 593 1930 esse
604 1895 694 1929 solius
707 1895 797 1929 liberi
815 1894 930 1929 arbitrii
944 1904 1029 1928 ante-

274 1948 387 1982 cedens
401 1960 528 1981 omnem
537 1947 662 1994 gratiam
671 1950 701 1980 ὅ(
715 1943 833 1978 causam
840 1944 1031 1978 meritoriam

274 1998 379 2031 omnis
386 2008 448 2031 tam
456 1997 558 2044 gratiae
567 2008 657 2044 quam
666 1995 772 2043 gloriae
780 2007 846 2041 quae
854 1993 947 2042 ipsam
955 2006 1030 2028 con-

274 2045 451 2094 sequuntur.
478 2045 628 2080 lmovero
641 2044 810 2094 Spalatensts
817 2044 893 2078 dum
903 2046 1029 2093 Semipe-

274 2098 460 2145 Iagianorum
473 2108 592 2130 errores
605 2095 669 2129 vult
682 2095 822 2141 mitigare
835 2118 845 2133 ‚
866 2093 972 2128 stridte
986 2104 1030 2127 ta-

274 2158 347 2179 men
359 2156 460 2179 tuetur
479 2144 571 2179 fidem
583 2144 661 2179 hanc
678 2156 745 2189 quae
761 2142 777 2176 a
793 2144 884 2177 nobis
900 2144 1031 2191 exigitur

275 2193 476 2240 esseprimam
495 2193 631 2231 nostram
650 2191 882 2227 conversionem
901 2196 932 2226 δι
951 2206 1031 2239 opus

277 2241 368 2276 solius
382 2241 478 2276 nostri
491 2242 623 2280 arbitrii,
638 2254 703 2273 non
715 2251 816 2273 autem
829 2241 948 2273 donum
963 2253 1030 2284 gra-

277 2292 342 2330 tiae,
362 2304 431 2325 nam
448 2291 588 2323 ultimum
602 2290 689 2335 quod
704 2289 780 2321 Deo
792 2291 823 2321 δι
837 2288 939 2332 gratiae
956 2290 1029 2332 Spa-

275 2342 386 2384 latenfis
398 2339 534 2373 attribuit
546 2339 576 2371 in
590 2349 684 2383 opere
698 2334 944 2369 conversionis&
960 2333 1033 2367 fidei

278 2390 321 2424 est
334 2400 452 2423 tantum
465 2389 534 2422 dare
553 2387 632 2420 vires
645 2385 681 2418 ad
694 2384 879 2418 credendum
896 2387 927 2417 δε
947 2381 1032 2429 posse

277 2438 476 2476 credere,hoc
490 2448 590 2470 autem
603 2434 647 2469 est
656 2446 823 2469 commune
831 2433 949 2466 donum
962 2445 1033 2466 om-

277 2489 368 2522 nibus
381 2500 443 2521 tam
452 2485 645 2521 credentibus
654 2483 745 2531 quarn
755 2482 939 2529 infidelibus?
948 2482 1034 2528 quod

279 2538 353 2572 vero
367 2535 504 2583 adipsam
518 2533 754 2569 conversionem
763 2530 875 2578 spe&at
887 2536 918 2566 &
927 2530 1032 2571 fidem,

279 2589 341 2622 vult
354 2600 407 2621 eos
419 2586 504 2620 aetus
512 2583 570 2618 effe
579 2582 669 2617 solius
677 2582 816 2616 humanae
824 2582 986 2615 voluntatis
995 2581 1033 2615 ab

279 2635 338 2684 ipsa
351 2636 521 2684 produAElos
531 2659 540 2674 ‚
554 2634 670 2668 velnon
684 2632 858 2678 produ&os
870 2629 1034 2665 secundum

280 2687 360 2720 suam
379 2685 561 2722 naturalem,
583 2681 789 2719 necessariam,
810 2684 841 2715 &
855 2679 1031 2713 inamissibi-

1066 1205 1140 1228 cata.
1166 1191 1259 1240 Resp.
1285 1194 1378 1233 hanc,
1400 1197 1432 1229 &
1445 1192 1634 1241 posteriores
1647 1203 1712 1225 tuas
1727 1201 1825 1224 ratio-

1066 1255 1119 1277 nes
1131 1244 1300 1292 Spalatenfis
1313 1242 1415 1282 affert,
1434 1255 1501 1277 non
1516 1255 1552 1276 ex
1565 1240 1705 1288 Prosperi
1719 1244 1750 1275 δε
1763 1240 1826 1273 Hi-

1067 1293 1130 1326 larii
1144 1291 1295 1340 epistolis,
1311 1291 1359 1326 sed
1372 1306 1409 1326 ex
1423 1290 1538 1339 scriptis
1553 1293 1807 1324 Armtm'anornm
1817 1302 1827 1320 .-

1066 1340 1188 1388 hujusce
1195 1353 1253 1376 tuae
1265 1342 1391 1376 rationis
1401 1338 1634 1375 fundamentum
1642 1339 1686 1373 est
1695 1337 1762 1373 falsa
1770 1337 1826 1385 hy-

1067 1390 1216 1438 pothesis,
1231 1392 1377 1425 nimirum
1389 1390 1683 1437 reprobationem&
1696 1389 1822 1422 damna-

1065 1442 1186 1476 tionem
1201 1439 1258 1475 effe
1270 1452 1367 1474 unum
1385 1442 1416 1473 &
1430 1439 1563 1473 eundern
1579 1439 1700 1476 austum,
1719 1435 1822 1471 saltem

1065 1491 1230 1525 earundem
1242 1486 1395 1525 causarum
1408 1487 1528 1522 effecta.
1546 1487 1669 1521 Debuit
1680 1486 1771 1520 hocs
1788 1498 1824 1518 a-

1066 1541 1176 1585 latensis
1189 1538 1331 1586 probasse
1342 1562 1352 1578 ,
1365 1550 1435 1572 nam
1443 1535 1508 1571 satis
1519 1535 1631 1571 sciebat
1637 1548 1747 1570 omnes
1754 1497 1825 1569 iiios

1066 1587 1249 1625 adversarios
1258 1585 1406 1623 affirmare
1414 1585 1828 1634 reprobationem&damna-

1067 1642 1187 1676 tionem
1201 1651 1265 1673 non
1283 1637 1406 1673 tantum
1419 1636 1477 1672 effe
1490 1633 1623 1671 diversos
1637 1635 1722 1669 ειὲὶῑυς
1737 1659 1747 1675 ,
1776 1632 1830 1669 sed

1068 1692 1159 1726 etiam
1176 1688 1291 1725 diversa
1305 1688 1418 1722 habere
1439 1687 1564 1731 objecta
1578 1710 1587 1722 ‚
1612 1689 1643 1720 &
1657 1684 1797 1732 inprimis
1810 1684 1829 1718 εὶ

1067 1739 1186 1776 diversis
1199 1739 1284 1776 valde
1296 1737 1388 1773 causis
1403 1737 1509 1772 fluere.
1535 1735 1595 1770 Sed
1607 1733 1828 1770 consideratio-

1068 1804 1122 1827 nes
1134 1791 1181 1825 hae
1194 1803 1252 1824 nos
1265 1798 1428 1824 avocarent
1443 1787 1480 1822 ad
1493 1786 1573 1821 aliud
1587 1783 1828 1828 Arminianismi

1068 1851 1174 1890 caput,
1195 1839 1281 1889 quod
1292 1839 1353 1873 huc
1365 1850 1429 1872 non
1443 1835 1570 1885 spestat.

1115 1895 1205 1927 Sexta
1217 1901 1267 1925 tua
1279 1889 1368 1923 ratio,
1397 1889 1428 1922 Si
1442 1885 1623 1935 reprobatio
1637 1884 1672 1919 sit
1687 1884 1732 1918 ob
1748 1895 1828 1930 prae-

1067 1940 1126 1978 visa
1138 1952 1262 1990 peccata
1274 1939 1401 1974 actualia
1416 1962 1425 1977 ,
1453 1948 1487 1971 ut
1501 1934 1628 1971 testatur
1649 1934 1802 1980 Scriptura
1816 1956 1827 1971 ,

1067 1992 1175 2040 quidni
1189 1991 1281 2026 etiam
1299 1988 1376 2023 fides
1390 1991 1422 2022 &
1438 1985 1550 2031 justitia
1572 1981 1692 2032 praevisa
1711 1982 1767 2016 sint
1781 1994 1830 2015 ra-

1066 2043 1168 2077 tiones
1181 2037 1464 2088 praedestinationis.
1479 2033 1571 2082 Resp.
1587 2033 1685 2068 Ratio
1697 2031 1762 2066 haec
1773 2031 1830 2064 tri-

1068 2092 1126 2127 bus
1139 2092 1248 2126 nititur
1261 2085 1496 2136 hypothesibus,
1511 2097 1585 2132 quas
1599 2079 1715 2116 necesse
1722 2079 1765 2113 est
1779 2077 1830 2112 so-

1068 2142 1128 2177 lide
1141 2140 1274 2190 probes,
1288 2135 1588 2185 priusquamillarum
1598 2131 1689 2164 ullam
1697 2125 1825 2162 conces-

1068 2189 1151 2231 ser03
1167 2191 1279 2225 Prima.
1306 2187 1475 2231 Scripturas
1489 2180 1611 2216 efficere
1618 2178 1743 2212 actualia
1756 2189 1830 2224 pec-

1069 2250 1133 2271 cata
1146 2236 1244 2270 causas
1260 2232 1497 2280 reprobationis.
1517 2226 1830 2273 Secunda.Justitiam

1069 2289 1099 2319 &
1107 2285 1202 2317 fidem
1215 2284 1288 2316 tales
1296 2280 1354 2314 effe
1362 2277 1460 2312 causas
1470 2276 1582 2312 salutis,
1600 2276 1703 2322 quales
1715 2277 1831 2322 impoe-

1070 2332 1196 2366 nitentia
1210 2334 1240 2364 &
1254 2328 1415 2363 infidelitas
1429 2325 1495 2360 sunt
1508 2324 1599 2360 causae
1612 2326 1827 2364 damnationis,

1069 2382 1139 2416 vere
1152 2379 1337 2417 meritorias,
1351 2377 1443 2424 idque
1457 2388 1492 2409 ex
1506 2374 1676 2422 condigno.
1712 2375 1828 2408 Tertia.

1066 2430 1221 2478 Justitiam
1242 2432 1273 2463 &
1294 2427 1388 2461 fidem
1408 2425 1536 2460 eandem
1550 2423 1664 2458 habere
1678 2423 1830 2458 causalita-

1070 2492 1133 2514 tem
1147 2480 1178 2514 in
1193 2476 1257 2526 ipso
1271 2478 1397 2511 decreto
1411 2474 1684 2521 praedestinationis
1696 2497 1706 2510 ,
1736 2485 1830 2519 quam

1071 2529 1163 2563 habet
1171 2537 1330 2576 peccatum
1344 2527 1375 2559 in
1384 2526 1460 2560 actu·
1467 2523 1681 2558 damnationis.
1698 2521 1754 2555 Ista
1764 2534 1829 2555 non

1071 2578 1178 2613 sufficit
1191 2578 1207 2612 :i
1220 2589 1251 2612 te
1264 2580 1295 2611 δι
1311 2575 1469 2620 ,ΣοαΙιιιεηβ
1479 2572 1638 2611 affirmari,
1666 2570 1715 2606 sed
1730 2570 1827 2604 firmis

1069 2628 1254 2676 argumentis
1271 2625 1428 2673 probanda
1440 2623 1521 2663 sunt,
1535 2620 1708 2670 priusquam
1720 2621 1777 2654 illis
1789 2619 1828 2654 fi-

1070 2680 1141 2713 dem
1151 2676 1335 2711 adhibuero,

1115 2727 1234 2761 ultima
1249 2736 1300 2759 tua
1315 2723 1405 2758 ratio.
1432 2722 1500 2766 Qui
1514 2734 1552 2755 ex
1565 2719 1737 2755 necessitate
1751 2730 1823 2765 pec-
1834 2731 1928 2770 Qaedm
1935 2734 1985 2760 bel.

1069 2787 1132 2813 cat,
1148 2788 1213 2810 non
1226 2785 1347 2823 peccat,
1361 2773 1431 2820 quia
1445 2780 1705 2818 omnepeccatum
1713 2766 1757 2801 est
1764 2780 1819 2801 vo-
1833 2772 1856 2799 lb
1866 2772 1986 2809 necessitas

1069 2826 1249 2860 luntarium:
1264 2827 1324 2869 jam
1335 2833 1435 2856 autem
1450 2820 1471 2854 si
1485 2822 1575 2854 Deus
1589 2819 1658 2852 a&u
1674 2814 1728 2849 suo
1746 2829 1820 2863 prae-
1833 2823 1890 2839 ‘¹⁰²¹
1898 2813 1969 2859 [zhar-

1068 2875 1222 2909 teritionis
1228 2872 1396 2908 absolutam
1404 2869 1548 2918 peccandi
1555 2866 1756 2901 necessitatem
1763 2867 1819 2900 im·
1833 2860 1887 2879 “m
1893 2852 1962 2879 ‘'rb'’

279 2737 338 2769 lem
353 2736 534 2769 libertatem.
559 2730 705 2766 Praeterca
712 2731 789 2764 vires
801 2730 857 2763 illae
865 2730 901 2763 ad
908 2729 1032 2763 creden-

279 2785 353 2818 dum
365 2789 395 2819 δι
413 2782 497 2831 posse
512 2782 652 2819 credere,
665 2792 744 2827 quos
758 2777 839 2812 solos
853 2776 988 2826 agnoscit
1000 2791 1030 2812 a-

280 2834 346 2868 frus
360 2834 461 2882 gratiae
473 2833 504 2866 in
520 2831 728 2878 produdhone
741 2827 813 2862 fidei
829 2852 838 2868 ‚
864 2828 940 2861 mhil
953 2827 1033 2862 aliud

280 2882 345 2917 sunt
357 2882 449 2930 quam
462 2883 633 2926 adjumenta
646 2891 713 2927 quae
728 2889 888 2911 removent
900 2878 1031 2923 impedi-

280 2943 383 2966 menta
394 2927 581 2965 v‘oluntatem
593 2927 771 2962 retardantia
783 2927 814 2959 in
822 2924 874 2960 usu
887 2927 1032 2973 potentiae

282 2994 372 3028 quam
384 2980 476 3014 habet
489 2981 519 3013 in
534 2976 630 3025 seipsa
642 3003 651 3017 ‚
677 2980 708 3012 &
722 2976 738 3010 :i
751 2974 841 3022 seipsa
855 2976 891 3009 ad
904 2975 1030 3008 creden-

281 3031 370 3070 dum;
390 3030 482 3063 docet
491 3029 572 3062 enim
585 3028 772 3061 voluntatem
785 3025 949 3058 humanam
962 3035 1031 3058 ante

281 3091 407 3112 omnem
421 3079 546 3125 gratiam
559 3078 656 3111 vivam
667 3074 737 3113 esse,
755 3078 785 3108 &
799 3086 863 3107 non
877 3083 1031 3107 mortuam

281 3128 311 3161 in
324 3128 452 3174 peccatis
461 3150 470 3165 ‚
484 3125 532 3159 sed
543 3137 660 3159 tantum
673 3124 806 3158 vinctam
820 3128 850 3158 &
863 3133 1009 3171 aegrotam
1021 3147 1032 3162 ,

282 3189 373 3224 quam
387 3175 480 3223 gratia
493 3173 545 3209 suo
553 3176 685 3210 adventu
695 3171 782 3210 solvit
790 3173 983 3213 avinculis‚&
993 3171 1032 3207 sa-

1067 2983 1133 3007 tum
1146 2996 1156 3012 ,
1192 2972 1262 3018 quia
1281 2969 1452 3003 neceffitate
1470 2966 1507 3001 ad
1530 2966 1603 3000 illud
1629 2965 1752 2999 adactus
1777 2964 1821 2999 est

1068 3020 1179 3069 absque
1191 3020 1251 3056 ulla
1262 3018 1454 3067 possibilitate
1467 3013 1591 3062 seipsum
1601 3014 1639 3048 ab
1651 3014 1705 3047 illo
1713 3026 1820 3060 pecca-

1067 3082 1102 3105 to
1115 3069 1259 3105 servandi.
1283 3065 1376 3114 Resp.
1402 3063 1578 3113 Speciosum
1591 3064 1653 3098 hoc
1665 3067 1696 3098 &
1709 3063 1819 3097 trium-

1067 3120 1154 3167 phale
1160 3120 1384 3167 Pelagianorum
1391 3125 1604 3163 argumentum
1612 3113 1699 3152 olim,
1713 3116 1744 3146 δε
1751 3115 1818 3145 Ar-

1067 3172 1267 3203 minimorum
1283 3167 1379 3202 hodie
1398 3165 1452 3214 qui
1468 3165 1499 3199 in
1512 3174 1601 3211 caput
1613 3163 1649 3197 de
1662 3160 1816 3209 praedesti-

1719 3221 1817 3244 natio-

1068 2923 1253 2971 ponatJudae
1262 2946 1270 2958 ,
1293 2931 1452 2967 peccatum
1462 2919 1549 2965 Judae
1564 2929 1628 2950 non
1642 2917 1700 2949 erit
1713 2927 1818 2961 pecca·
1830 2891 1961 2960 gig-onst-
