2048 3343
446 111 515 139 ET
575 102 1242 151 Cnxtonotocrer

197 175 305 219 ceint,
330 188 463 224 oportet
484 177 582 213 fucrit
602 169 945 224 Νουηιςηοη11γ]ἰιι[ῥψ“ζἶ

193 231 272 276 quia
299 221 502 275 septuaginta
529 227 624 260 annis
648 233 724 257 ante
744 221 838 262 hujus
858 226 945 273 Darii

194 287 348 324 quartum
360 278 502 325 populus
523 274 687 319 Babylone
706 268 848 303 redierat
862 268 944 322 Hie-

194 325 399 372 rosolymam
412 351 420 364 ‚
438 336 515 358 nam
526 334 602 356 ante
614 331 665 355 tot
675 330 783 353 annos
795 316 944 351 institue—

196 375 399 420 runtjejunia
410 373 510 407 Zach.
522 385 554 418 7.
568 383 598 404 v.
613 385 640 416 5.
656 381 729 416 quae
740 380 807 401 non
821 377 942 422 potue-

197 423 448 459 runtinstituere
467 420 660 469 Babylone,
681 430 741 451 uec
754 417 944 452 ullibiextra

197 471 463 518 Hierosolymam
484 484 492 505 :
520 471 610 503 annis
621 479 730 509 autem
742 466 947 514 septuaginta

195 532 267 556 ante
279 524 405 557 Darium
426 521 564 571 Hystaspis
587 518 759 564 Babylone
780 528 850 550 non
865 516 947 548 Hie-

191 570 366 616 rosolymis
376 571 515 618 populus
527 567 817 603 commorabatur.

243 619 343 668 Resp.
367 620 493 655 Subtile
511 619 606 653 nimis
621 618 667 652 est
693 618 757 651 hoc
772 625 949 660 argumen-

195 680 266 704 tum
279 695 288 710 ,
309 669 476 717 multaque
491 668 705 717 praeconceffa
724 667 863 711 requirit
880 688 889 700 ,
913 667 947 697 &

189 718 322 753 multos
342 717 614 767 prosyllogismos
634 741 644 754 ,
667 714 855 765 priusquam
868 725 948 748 con-

195 767 490 816 cludatnegatum.
508 768 574 802 Sed
589 767 756 801 brevitatis
768 761 858 797 causa
869 773 948 810 peto

194 819 331 853 rationis
350 816 499 866 Jugulum
510 840 519 853 ‚
544 816 658 850 falsum
671 815 715 849 est
727 826 796 847 non
811 808 951 865 potuilse

194 867 360 915 populum
391 866 567 913 Judaicum
603 865 770 898 instituere
802 861 951 904 iolennes

195 916 303 951 cultus
323 929 412 950 extra
434 914 703 961 Hierosolymam
727 916 761 947 &
774 910 894 957 absque
906 912 950 944 al-

197 968 258 1000 tari
278 980 285 999 :
307 965 448 999 infirmae
459 963 531 998 suut
544 962 672 1007 hujusce
683 960 865 995 affertiouis
875 966 950 992 Sca-

197 1017 279 1062 l1geri
296 1014 526 1060 probationes.
556 1012 630 1046 Esto
648 1022 717 1043 non
730 1008 854 1042 licuerit
866 1006 949 1041 cele-

198 1064 293 1098 brare
306 1063 435 1103 Pascha,
448 1073 507 1096 nec
521 1060 584 1094 ulla
596 1058 656 1093 alia
675 1056 828 1091 sacrificia
841 1055 897 1089 nili
909 1054 950 1089 ad

198 1116 298 1149 altare
310 1107 785 1155 Hierosolymitanum‚eadem
801 1118 868 1139 non
881 1115 950 1138 erat

197 1165 283 1197 ratio
304 1161 507 1205 jejuniorum
531 1171 540 1197 ς
564 1170 602 1204 ea
623 1158 714 1190 licuit
725 1155 850 1202 ubique
864 1153 949 1188 cele-

198 1209 291 1244 brare
311 1233 321 1248 ,
349 1207 635 1255 quemadmodum
655 1204 804 1240 solennes
817 1216 948 1251 preces:

196 1262 231 1293 δι’
244 1256 322 1292 vero
332 1259 522 1292 Mardoclixus
532 1257 563 1289 in
575 1255 688 1290 Media
699 1266 787 1288 exrra
800 1253 946 1300 Judaeam

151 1313 155 1317 “
193 1306 403 1341 festivitatem
416 1305 677 1341 Puriminstituit.
714 1304 824 1348 Quod
838 1314 949 1337 autem

193 1357 366 1400 adjcjunia
379 1357 418 1390 de
433 1356 555 1401 quibus
566 1353 725 1389 Zacharias
737 1378 745 1394 ,
767 1363 903 1400 apparet
913 1363 949 1385 ea

194 1406 363 1449 Babylone
376 1404 462 1440 fuissL·
475 1406 622 1438 instituta
633 1416 711 1438 mox
729 1404 802 1449 post
813 1401 902 1435 urbis
916 1405 950 1435 δε

195 1454 313 1502 templi
327 1455 566 1489 delolationem
596 1467 604 1487 :
632 1453 731 1500 quam
745 1454 831 1486 enim
846 1448 951 1485 sniffet

197 1507 343 1539 alienum
363 1529 374 1545 ‚
403 1515 440 1537 ur
465 1505 522 1550 qui
542 1504 584 1537 ab
603 1506 697 1536 omni
713 1503 841 1547 jejunio
855 1500 952 1534 absti-

198 1551 340 1589 nuiss'ent
358 1555 439 1587 totis
458 1553 664 1600 septuaginta
676 1553 767 1586 annis
781 1551 954 1598 captivita-

201 1605 256 1642 tis,
266 1602 494 1649 compluribus
506 1604 602 1637 etiam
616 1601 710 1636 annis
720 1600 790 1648 post
801 1600 955 1636 reditum,

203 1654 370 1687 voluerint
397 1650 679 1685 vicefimooetavo
709 1651 847 1685 demum
876 1649 957 1683 Darii

203 1700 343 1752 Hystaspi&
354 1700 613 1748 publi-:ajejunia
626 1701 792 1734 instituere
807 1724 816 1739 ,
839 1696 884 1732 ob
900 1709 956 1732 va-

206 1752 325 1786 statum
352 1762 427 1785 ante
451 1761 500 1784 tot
526 1761 634 1784 annos
660 1751 826 1797 templum
851 1751 882 1782 δι
903 1759 956 1781 ur-

210 1799 310 1838 bem.

356 1896 663 1936 QuAEsrro
706 1899 805 1926 xlii.

207 1968 292 2002 Unde
302 1970 440 2016 incipiant
452 1972 489 2008 &⁵
498 1970 543 2004 ubi
555 1970 683 2014 desinant
702 1971 851 2004 Danielis
857 1969 961 2016 fieptem

241 2019 421 2054 hebdomadae
438 2043 448 2059 ,
462 2021 499 2057 ὅγ’
509 2020 692 2065 quamobrem
702 2017 720 2054 Σι
734 2021 845 2066 reliquis
856 2020 923 2054 lieb-

423 2069 552 2103 domadis
562 2069 730 2105 dividantur
739 2074 753 2102 ἒ

212 2297 344 2329 tionum
360 2295 474 2330 harum
495 2295 628 2343 lingulis
646 2308 822 2331 moventur
844 2296 887 2330 sat
915 2308 964 2330 ar-

214 2343 286 2378 duae
296 2345 501 2389 quaestiones.
523 2346 576 2378 De
588 2345 692 2392 primi
702 2345 965 2392 septemhebdo·

215 2393 386 2425 madarum
407 2395 560 2438 portione
581 2396 736 2438 quaeritur
754 2399 788 2428 ὅ(
806 2395 964 2429 decatum

217 2441 382 2478 terminis,
400 2444 434 2475 &
445 2453 546 2488 quam
559 2441 598 2475 ab
608 2443 734 2476 causam
747 2442 764 2477 a
774 2444 906 2490 reliquis
915 2444 967 2478 di-

216 2490 432 2536 stinguantur.
471 2493 523 2524 De
546 2490 608 2524 illis
630 2504 748 2539 magna
761 2493 899 2526 estinter
911 2505 968 2526 au-

216 2540 323 2573 &ores
335 2550 474 2580 veteres,
483 2551 601 2579 novos,
613 2541 836 2574 protestantes
849 2565 859 2580 ‚
880 2542 967 2573 Pon-

217 2587 340 2622 tificios
349 2588 577 2636 discrepantia.
593 2590 745 2634 Plerique
757 2589 878 2636 septem
889 2588 970 2623 heb·

218 2637 375 2671 domadis
393 2640 530 2685 primam
559 2639 659 2672 totius
685 2640 818 2673 summa:
843 2650 969 2686 partem

217 2684 343 2721 faciunt
362 2701 370 2720 ε
394 2688 528 2733 quidam
543 2699 655 2721 tamen
672 2687 799 2722 malunt
811 2690 840 2722 in
853 2690 970 2723 ultima

217 2735 553 2782 septuagelimaehanc
563 2739 738 2782 Septenam
748 2739 896 2783 rejicere.
911 2737 970 2784 Je—

221 2784 298 2820 suita
307 2790 437 2820 Sanc'lius
447 2787 478 2818 in
491 2798 507 2826 9
516 2787 613 2819 .Dan.
626 2789 832 2821 Tertullianum
845 2790 969 2821 &Theo-

1298 96 1417 139 [113.
1446 99 1474 138 ἶ.
1663 108 1734 146 175

992 165 1399 204 ullineceslitateinvertit
1419 197 1429 212 ,
1463 171 1555 218 quod
1576 173 1740 220 propheta

991 219 1131 262 primum
1146 215 1387 265 septuagesimae
1401 221 1587 256 membrum
1603 247 1612 262 ‚
1635 223 1668 257 hi
1679 236 1745 270 po-

992 266 1146 300 stremum
1159 266 1396 314 siciuntgratis.
1432 269 1602 308 Secundo,
1621 270 1744 319 septem

990 312 1212 350 hebdomadas
1226 320 1298 364 post
1310 316 1474 364 sexaginta
1485 320 1565 353 duas
1576 346 1583 359 ,
1596 324 1629 356 ἃ
1643 333 1745 355 unam

990 363 1194 398 collocantes
1211 390 1222 406 ,
1247 366 1601 403 extenduntterminos
1619 369 1747 417 septua-

991 412 1121 460 gefimae.
1147 415 1229 448 ultra
1257 415 1436 462 pastionem
1466 417 1571 463 christi
1589 419 1631 451 ad
1657 420 1744 454 urbis

994 464 1156 497 excidium
1172 486 1180 499 ³
1194 465 1287 510 quod
1300 478 1463 512 perperam
1478 465 1546 499 fieri
1560 467 1742 513 qun-*stione

994 510 1156 558 superiore
1174 512 1400 560 probavimus.
1427 515 1562 552 Tertio,
1582 527 1653 549 non
1666 527 1743 550 tan-

995 560 1180 608 crimusque
1191 562 1233 596 ad
1242 563 1331 598 urbis
1341 564 1507 599 excidium
1522 591 1532 606 ‚
1553 564 1604 600 sed
1618 577 1744 600 noven-

995 611 1084 643 nium
1097 614 1198 644 etiam
1212 614 1293 648 ultra
1304 613 1533 649 hebdomadas
1548 615 1744 657 extendunt,

995 671 1069 693 nam
1084 659 1100 694 ξι
1115 672 1224 695 morte
1236 665 1344 698 christi·
1363 666 1403 699 ad
1420 663 1527 699 eversa
1545 664 1746 711 Hierosoly-

998 721 1052 742 ma
1072 709 1235 746 fluxerunt
1262 712 1390 748 tantum
1410 715 1487 747 anni
1511 715 1745 762 quadraginta,

996 755 1119 806 septem
1157 772 1268 794 autem
1302 774 1465 796 annorum
1499 762 1748 805 hebdomades,

996 820 1074 853 quas
1093 808 1137 843 illi
1156 810 1226 857 post
1248 812 1354 857 Christi
1370 811 1746 859 paffionemnumerant,

995 856 1121 891 faciunt
1142 870 1248 892 annos
1267 862 1485 909 quadraginta
1505 874 1639 896 novem.
1677 864 1746 910 Ipse

997 914 1109 956 Βίωνες
1120 905 1327 952 septennium
1352 933 1362 948 ,
1386 915 1439 945 leu
1451 924 1550 945 unam
1562 913 1707 948 hebdom
1714 927 1752 947 a-

997 955 1074 988 dam
1089 955 1274 990 redundare
1285 956 1427 999 fatetur3
1449 973 1557 1006 neque
1569 975 1678 997 tamen
1691 964 1752 998 hac
1784 971 1786 975 “

998 1007 1190 1040 extentione
1202 1005 1321 1040 volunt
1342 1006 1614 1056 septuagesimam
1629 1013 1672 1046 ad
1684 1023 1755 1046 ter-

998 1055 1081 1088 tium
1095 1054 1181 1088 urbis
1194 1055 1358 1090 excidium
1372 1081 1381 1096 ‚
1393 1058 1576 1102 imperante
1587 1063 1753 1101 Hadriam,

998 1105 1183 1152 pertingere
1195 1121 1205 1143 ‚-
1227 1104 1385 1139 statuatur
1396 1105 1475 1154 ergo
1485 1107 1668 1142 secundum
1682 1122 1755 1143 ver-

999 1153 1119 1186 borum
1136 1155 1266 1187 Danielis
1287 1155 1439 1189 ordinem
1455 1155 1665 1192 manifestum
1677 1183 1686 1199 ,
1708 1158 1755 1192 se-

997 1213 1090 1248 ptem
1110 1201 1345 1237 hebdomadas
1359 1206 1392 1238 in
1411 1203 1654 1254 septuagesimae
1666 1210 1754 1255 capi.

998 1263 1029 1286 te
1040 1277 1049 1292 ,
1066 1263 1134 1285 non
1152 1253 1240 1286 calce
1251 1251 1432 1289 confistere.

1050 1302 1224 1348 Qaeritur
1235 1301 1370 1343 deinde,
1389 1315 1490 1350 quam
1505 1303 1552 1338 ob
1565 1304 1691 1341 causam
1705 1306 1752 1341 ᾖτε
1774 1309 1900 1347 Ψαῖεβό

998 1350 1123 1398 septem
1158 1351 1385 1387 hebdomades
1411 1352 1430 1387 εὶ
1455 1355 1577 1388 caeteris
1602 1356 1752 1403 separatae
1769 1354 1887 1389 P‘fmfi'·

1000 1399 1076 1434 sint?
1100 1401 1217 1436 Videas
1228 1399 1279 1434 hic
1290 1404 1380 1436 viros
1392 1415 1531 1452 magnos
1541 1416 1610 1438 non
1622 1404 1752 1439 tannim
1771 1402 1895 1473 flav-ZZZ

1001 1449 1040 1483 ab
1053 1449 1122 1484 aliis
1132 1448 1183 1485 sed
1194 1450 1213 1486 εὶ
1224 1450 1327 1498 seipfis
1339 1451 1512 1490 discedere.
1546 1456 1671 1501 Iosephus
1682 1463 1754 1490 Sca-

999 1500 1068 1546 liger
1079 1500 1226 1535 editione
1237 1502 1339 1547 priori
1347 1502 1431 1536 hanc
1443 1501 1613 1537 divisionis
1624 1505 1753 1543 causam

1002 1547 1172 1597 affignavit
1188 1575 1198 1591 ‚
1228 1548 1323 1595 quod
1345 1551 1379 1584 in
1399 1551 1610 1586 fineistarum
1628 1555 1752 1601 septem

1001 1598 1288 1634 hebdomadarum
1307 1625 1317 1640 ,
1334 1611 1421 1634 anno
1438 1599 1558 1636 scilicet
1571 1604 1755 1651 quadrage-
1775 1607 1894 1646 scaligeri

1003 1647 1023 1682 si
1031 1660 1087 1681 mo
1099 1661 1210 1690 nono,
1221 1648 1240 1682 τὶ
1250 1650 1394 1684 secundo
1404 1653 1491 1685 Darii
1502 1650 1607 1693 Nothi,
1617 1654 1648 1687 in
1659 1656 1755 1687 trice·
1774 1651 1913 1687 ''zssffl‘ftffl'

1005 1697 1087 1733 fimo
1100 1697 1244 1733 secundo
1262 1702 1433 1734 Artaxerxis
1444 1705 1602 1736 Mnemonis
1614 1702 1757 1738 aedifica-

1004 1749 1089 1782 tioni
1110 1746 1417 1794 Hierosolymorum
1431 1749 1452 1784 a·
1462 1752 1599 1787 Nehemili
1610 1751 1683 1786 finis
1694 1755 1760 1786 im-

1005 1796 1129 1846 positus
1142 1796 1190 1831 fit.
1209 1800 1301 1831 Licet
1312 1799 1759 1836 concederemusasecundo

1007 1850 1096 1882 Notln
1114 1846 1157 1879 ad
1177 1845 1375 1882 tricesimum
1398 1847 1579 1883 secundum
1601 1853 1762 1886 Mnemonis

1006 1895 1129 1931 fluxiffe
1140 1908 1246 1930 annos
1258 1896 1477 1945 quadraginta
1491 1911 1623 1940 novem,
1635 1900 1690 1935 seu
1702 1913 1761 1935 an-

1008 1958 1125 1979 norum
1138 1945 1368 1981 hebdomadas
1379 1947 1504 1994 septem
1523 1973 1533 1988 ‚
1561 1949 1640 1984 licet
1661 1952 1763 1983 etiam

1009 2008 1098 2029 anno
1119 1998 1293 2030 Artaxerxis
1318 1996 1476 2030 vicefimo
1507 2000 1618 2043 paucis
1644 1998 1764 2033 diebus

1011 2046 1096 2080 muri
1119 2043 1434 2092 Hierosolymorum
1462 2043 1590 2080 fuifl'ent
1615 2045 1763 2095 perfecti,

1011 2094 1153 2141 urbique
1176 2098 1210 2129 &
1223 2093 1472 2140 statuiJudaico
1487 2096 1688 2131 adornandis
1701 2105 1766 2131 Nc-

55 2161 181 2192 Vbicollo-
212 2146 345 2207 REsp.
377 2149 592 2197 Septuaginta
603 2148 833 2184 hebdomadas
846 2149 964 2184 dividit
1011 2148 1116 2181 henum
1127 2168 1136 2181 ,
1152 2144 1191 2178 ad
1203 2155 1328 2178 armum
1340 2142 1444 2191 usque
1459 2148 1629 2180 Artaxerxis
1641 2144 1767 2179 tricefi-

53 2203 174 2239 candaese-
273 2199 422 2245 Angelus
433 2200 466 2231 in
481 2199 652 2245 portiones
664 2210 728 2232 tres
739 2201 860 2242 Dan.9.
870 2212 902 2232 v.
912 2209 965 2244 25.
1013 2207 1104 2229 mum
1117 2193 1308 2233 secundum,
1317 2192 1530 2233 alldbOrfiffCt,
1542 2205 1653 2230 tamen
1668 2194 1765 2242 qubd
1814 2194 1818 2199 ’

50 2245 181 2314 ῧῒῷᾪῗ-
211 2244 347 2291 septem,
359 2248 520 2295 sexaginta
532 2248 626 2288 duas,
648 2251 682 2282 δε
697 2260 797 2281 unam
812 2249 873 2292 3de
886 2260 962 2295 por.
1011 2247 1136 2291 septem
1147 2242 1210 2275 istae
1224 2242 1456 2277 hebdomades
1480 2241 1497 2277 ὲ
1515 2243 1657 2279 secundo
1673 2247 1766 2279 Nothi

1010 2293 1212 2341 inceperint,
1226 2295 1258 2326 &
1275 2292 1307 2325 in
1319 2291 1385 2326 fine
1398 2293 1551 2327 tricesimi
1562 2292 1692 2328 secundi
1709 2303 1765 2328 Ar-

1012 2345 1142 2378 taxerxis
1152 2341 1260 2375 clansae
1273 2339 1334 2374 sint
1347 2367 1356 2381 ‚
1377 2343 1560 2376 concedere
1572 2355 1642 2376 non
1653 2341 1766 2389 polih-

1015 2405 1088 2426 mus
1101 2391 1147 2424 ob
1158 2393 1307 2423 rationes
1316 2389 1410 2437 supra
1423 2389 1549 2426 allatas,

1062 2443 1157 2475 lunius
1166 2439 1303 2486 quidem
1318 2464 1324 2474 ‚
1344 2441 1500 2477 Deoclattrs,
1513 2438 1635 2474 polanus
1645 2460 1654 2474 ‚
1674 2438 1765 2484 alste-

1015 2491 1075 2524 dius
1089 2515 1098 2529 ,
1115 2490 1257 2533 Calvifius
1269 2512 1278 2527 ,
1298 2496 1425 2523 Enirnms
1435 2515 1443 2527 ‚
1461 2493 1495 2522 δε
1507 2491 1560 2523 alii
1572 2488 1710 2534 scaligeri
1719 2488 1765 2521 se·

1016 2550 1134 2583 qnaces
1147 2539 1179 2569 in
1192 2536 1252 2569 hac
1265 2536 1464 2582 perseverant
1475 2535 1648 2569 sententifi:
1675 2547 1764 2569 atta-

1018 2598 1095 2619 men
1114 2583 1179 2632 ipse
1203 2587 1332 2634 Scaliger
1353 2585 1501 2619 editione
1522 2583 1571 2618 sua
1591 2585 1764 2631 posteriori

1018 2639 1070 2677 (ut
1082 2647 1152 2667 non
1166 2634 1252 2668 male
1266 2632 1416 2668 observat
1429 2635 1577 2678 petavius)
1591 2634 1630 2667 ab
1643 2634 1702 2667 hac
1713 2634 1765 2669 suff

1017 2683 1332 2725 lententifidiscessit,
1346 2688 1379 2718 &
1393 2683 1503 2729 aperte
1515 2682 1634 2717 fatetur
1645 2685 1765 2719 nescire

1019 2733 1047 2767 se
1068 2746 1136 2779 quo
1155 2732 1275 2779 septem
1294 2734 1356 2767 istae
1370 2733 1589 2768 hebdomadae
1604 2733 1664 2767 lint
1681 2734 1764 2768 rese-

1019 2785 1204 2823 rcndae‚nec
1219 2797 1317 2829 quam
1331 2784 1375 2817 ob
1388 2783 1514 2817 causam
1533 2782 1549 2816 :1
1569 2784 1689 2817 caeteris
1703 2782 1766 2817 lint:

68 2848 145 2878 Mal&
161 2846 178 2875 ἃ
223 2836 348 2869 duretam
368 2837 402 2868 in
424 2835 483 2868 hac
505 2835 582 2870 facit
602 2834 771 2870 sententis.
805 2843 920 2872 suarez,
938 2837 971 2868 in
1019 2831 1168 2879 separatae
1188 2856 1198 2872 ‚
1224 2836 1445 2880 pronuncians
1465 2832 1587 2866 nullum
1612 2836 1714 2878 majus
1734 2836 1769 2866 in

67 2889 178 2924 suarefio
224 2885 350 2918 tertiam
360 2887 466 2919 Thomae
477 2884 585 2931 quaest.
598 2885 969 2932 1.jungitChryfhstomurn,
1021 2881 1080 2914 hac
1100 2881 1340 2929 septuagesima:
1360 2882 1520 2916 divisione
1536 2881 1770 2928 lateremyste-

97 2974 120 3009 fi
152 2973 175 3007 s
226 2935 259 2966 &
276 2932 339 2978 ipse
358 2933 434 2968 illuc
446 2934 604 2968 inclinare
623 2935 753 2968 videtur
766 2960 773 2972 ,
795 2934 851 2968 etsi
866 2934 916 2967 hic
928 2934 972 2967 vir
1022 2933 1106 2965 rium
1120 2958 1128 2970 ‚
1149 2929 1245 2978 quam
1269 2934 1300 2965 in
1315 2931 1486 2966 Ezechielis
1496 2944 1549 2977 45.
1561 2944 1651 2966 v.12.
1671 2935 1702 2965 in
1714 2931 1769 2965 di-

69 2985 96 3001 ”3
123 2984 151 2999 ne
167 2983 189 2998 0-

228 2981 477 3025 modestiffimus
504 2985 550 3018 ob
582 2984 701 3018 multas
724 2996 802 3030 quas
825 2985 971 3030 undique

227 3029 382 3077 perspexit
403 3031 631 3075 difficultates,
652 3034 731 3069 nihil
749 3034 860 3068 aulum
873 3032 904 3068 sc
914 3035 973 3068 de-

1021 2979 1144 3015 visione
1174 2984 1269 3016 minse
1294 2983 1328 3014 in
1355 2983 1467 3028 viginti
1494 2980 1623 3019 Siclos‚
1653 2982 1768 3029 viginti

1022 3031 1429 3077 quiuque‚&quindecim
1451 3048 1461 3070 ,-
1489 3029 1655 3064 arbitraria
1668 3044 1767 3078 pror-

228 3081 401 3115 tcrminare
412 3080 618 3127 profiteatur.

275 3130 356 3162 Haec
371 3131 467 3163 nobis
484 3134 624 3165 omnino
644 3145 711 3166 non
723 3131 972 3181 placetsenten-
1006 3159 1009 3162 -

226 3179 285 3213 tia.
321 3179 412 3213 Nam
428 3180 536 3227 primo
548 3206 559 3224 ‚
580 3183 733 3218 ordinem
752 3186 882 3220 Danielis
904 3182 970 3219 line

1020 3079 1070 3113 sus
1085 3083 1117 3114 &
1131 3092 1200 3113 non
1212 3083 1352 3115 omnino
1364 3079 1543 3125 ,uvqnecdffiq
1553 3078 1711 3115 sectione.
1783 3093 1922 3129 spiinss„

1069 3130 1130 3163 Sed
1144 3142 1252 3176 neque
1263 3130 1330 3162 haec
1344 3132 1473 3177 scaligeri
1491 3129 1648 3165 sententia
1661 3130 1763 3177 potest
1779 3141 1892 3170 [itonam

1022 3178 1288 3219 admitti,laltem
1300 3177 1478 3217 secundum
1491 3179 1520 3215 se
1530 3193 1635 3215 totam
1654 3195 1663 3221 ‚-
1691 3192 1762 3212 nam
1784 3177 1872 3243 2¹35?-

1692 3230 1769 3262 lieet
1809 3228 1827 3242 ’“’
1852 3237 1858 3243 ·

5 2842 8 2998 ἶ
63 2939 190 2979 Romnum·

6 3068 8 3083 ι
