2048 3343
285 88 338 123 118
638 82 1049 121 Dtarnrna

119 164 271 201 velsuntnu.
287 157 337 191 &a
346 155 463 190 trinitas
475 155 562 190 cordi
574 165 636 190 erat
644 180 655 195 ,
671 155 846 190 doe'trinam
858 169 867 196 3
879 155 928 189 cui
938 155 963 188 is
974 153 1036 188 ho-

120 206 152 232 da
164 203 270 241 affi’fflffi
287 206 413 239 mancio
426 205 636 239 contradicere
649 217 714 238 non
733 205 857 244 debuit,
877 204 930 239 nisi
944 204 1039 237 ratio-

119 254 171 310 ”25‘
179 242 254 280 velfo
257 261 265 266 “
289 254 378 288 nibus
386 278 396 293 ,
407 255 715 289 &auetoritatibusin
722 254 833 303 quibus
840 252 962 288 fundata
969 249 1040 287 fuis-

117 284 266 352 ssnZsl-mgc‘lssa·
290 301 345 339 set,
358 301 569 350 respondisset,
587 308 619 340 ὅ(
632 316 690 351 pro
703 304 793 338 novis
808 301 865 337 suis
878 303 1039 351 paradoxis

177 335 194 362 q
291 351 384 386 solida
397 352 535 387 attulisset
547 365 737 401 argumenta:
751 365 885 401 quorum
897 363 1041 387 neutrum

291 402 391 436 ullibi,
409 413 556 448 quantum
565 401 642 442 scio,
657 413 783 436 conatus
797 402 852 437 est.
880 405 985 437 Meras
993 400 1041 435 so-

290 449 355 484 lum
368 452 544 498 negationes
563 452 696 498 opponit
709 476 719 491 ‚
744 462 794 486 aut
807 451 889 485 hunc
901 463 937 484 ex
949 451 1043 484 trivio

291 498 540 547 paralogismum:
549 501 635 548 quod
642 526 651 541 ‚
666 513 733 547 quae
741 502 818 535 Deo
825 500 1041 537 attribuuntur,

292 550 488 583 examinanda
498 550 553 583 sint
565 551 600 584 ad
617 550 747 584 modum
763 561 828 596 quo
840 549 947 582 eadem
959 548 1043 581 attri-

290 593 513 633 butacreaturis
520 597 618 633 insunt
625 625 634 638 ,
643 603 674 633 &
682 600 717 632 de
726 597 870 631 creaturis
881 596 1021 630 dicuntur
1031 610 1040 637 ;

291 648 431 694 adeoque
446 648 517 682 cum
529 650 688 694 paternitas
702 649 732 680 in
748 645 1042 680 hominibusfitrea-

290 696 360 730 liter
372 695 527 735 distineta,
546 701 576 731 &
590 695 695 730 diversi
710 696 935 741 praedicamenti
948 695 964 729 a
976 693 1043 729 sub-

290 746 376 790 je&o
389 746 438 779 cui
450 745 543 784 inest,
555 750 586 779 δι
599 745 637 778 ab
651 745 774 778 afflone
783 757 876 791 quam
883 744 979 779 habet
986 756 1043 791 pro

289 793 344 828 suo
356 791 557 828 fundamento
570 817 578 830 ‚
603 804 747 840 oporteat
761 793 800 827 sic
813 792 840 827 se
855 805 918 827 rem
932 793 1046 828 habere

290 866 313 882 ,‚
339 844 370 876 in
400 842 517 878 divinis.
556 842 757 887 ffeminiffe
785 846 881 891 potuit
908 846 1047 876 maxima

288 915 313 931 „
342 891 508 940 Theologicae
532 893 647 927 omnini)
671 896 704 926 in
727 893 910 941 oppositum.
942 896 1045 945 Qic-

288 963 313 980 2,
337 941 411 987 quid
432 954 463 974 tn
476 941 560 975 rebus
573 943 678 976 creatis
690 941 777 974 habet
790 938 837 984 effe
850 941 1027 975 accidentale
1040 965 1047 978 ,

288 1013 311 1029 „
330 989 494 1034 ficundum
505 993 584 1038 quod
592 992 772 1036 transfertur
783 995 815 1024 in
835 994 938 1025 Deum
953 1015 963 1030 ,
988 991 1044 1025 ha-

288 1062 313 1079 „
339 1038 384 1072 bet
396 1040 443 1084 effe
451 1039 642 1085 substantiale
654 1065 664 1080 ,
678 1041 842 1084 ficundum
856 1043 1044 1087 Aquinatem

288 1112 313 1128 ‚‚
343 1102 367 1122 1.
392 1101 453 1135 par.
478 1103 529 1138 qu.
555 1093 602 1137 38.
633 1100 688 1124 art.
714 1102 743 1124 2.
771 1093 839 1123 Aut
861 1090 1044 1134 ficundunz,

290 1160 313 1177 ,‚
339 1138 500 1171 ‘Boethium
512 1163 521 1178 ‚
557 1134 634 1173 Cum
650 1140 715 1186 quia
730 1139 954 1187 praedicamenta
975 1152 1045 1173 ver-

289 1210 312 1226 „
337 1190 375 1220 tit
386 1190 418 1219 in
433 1188 572 1221 divinam
582 1189 831 1237 pradicationem,
853 1191 957 1222 cunfla
973 1201 1042 1221 mu-

289 1259 310 1274 „
336 1246 440 1268 tantur
449 1241 480 1269 in
483 1237 681 1281 fitbstantiam
696 1238 911 1285 quaepredicari
917 1238 1040 1284 poffimt.

292 1285 380 1334 Qd
399 1285 435 1319 ad
451 1298 509 1319 nos
528 1287 685 1320 contrariae
711 1287 822 1318 Warffli'
843 1284 1017 1320 assertiones
1034 1309 1041 1321 ‚

291 1333 363 1368 cum
371 1334 458 1368 nudae
472 1339 502 1369 δι
518 1347 617 1370 vacuae
626 1336 810 1383 argumentis
823 1335 1041 1370 obambulant?

338 1384 454 1418 Interea
471 1384 662 1428 subjiciamus
683 1397 741 1417 nos
753 1384 851 1432 aliqua
864 1386 1041 1419 communis

120 1463 148 1488 A
289 1428 441 1466 sententiae
452 1431 647 1468 fundamenta
661 1446 696 1467 ex
710 1434 890 1480 ScripturiS‚
904 1435 1039 1474 ratione,

120 1469 263 1537 targZZZZ'
290 1485 320 1515 δι
333 1481 486 1521 Patribus,
500 1483 587 1529 quod
599 1482 712 1517 scilicet
723 1493 784 1516 tres
797 1483 960 1518 divinitatis
971 1496 1040 1531 per-

117 1520 218 1576 per'fiam
290 1529 368 1565 sonae
386 1531 400 1565 ἓ
419 1531 518 1565 divina
535 1532 638 1566 natura
652 1532 771 1565 realiter
790 1545 856 1566 non
876 1532 1039 1575 differant3

119 1588 169 1605 '¹0²²
183 1577 252 1614 a'sffe-
289 1593 462 1627 quanquam
476 1581 491 1614 a
506 1579 532 1614 se
551 1583 681 1616 invicem
694 1580 850 1620 differant,
865 1593 897 1616 ut
911 1594 970 1617 tres
986 1596 1039 1618 ve-

120 1626 179 1664 rant
198 1619 271 1646 '‘al“
287 1630 555 1665 riffimedistinetae
563 1629 713 1678 personae,
728 1644 793 1665 non
802 1630 898 1666 solum
907 1643 966 1666 tres
975 1646 1037 1667 me-

119 1665 183 1725 xia
191 1666 269 1686 mm*
287 1679 312 1712 ri
326 1680 412 1714 modi
429 1679 576 1715 existendi
589 1705 599 1721 ,
618 1694 708 1728 quam
723 1679 900 1716 sententiam
913 1680 970 1717 suis
986 1683 1038 1717 ad-

286 1728 416 1764 versariis
430 1730 554 1774 Wrstius
566 1743 620 1778 per
632 1731 814 1765 calumniam
827 1729 955 1779 affingit.
980 1733 1038 1780 Ju-

286 1776 381 1812 stinus
395 1782 528 1826 Martyr,
542 1783 573 1814 δι
581 1781 680 1815 caeteri
694 1779 765 1828 post
772 1793 842 1815 eum
851 1781 1038 1821 orthodoxi,

288 1825 505 1863 formalitatem
515 1828 722 1864 distinfflonis
734 1843 801 1878 quae
810 1831 887 1864 inter
895 1831 1037 1878 personas

120 1886 223 1923 Perstma
286 1876 331 1911 est
337 1902 347 1917 ‚
360 1875 460 1924 posuit
472 1879 503 1911 in
517 1880 596 1916 πέντε»
609 1879 737 1917 ὼάξξεως
747 1900 757 1914 ›
771 1892 866 1914 nemo
880 1891 982 1915 tamen
990 1882 1036 1916 di-

118 1927 231 1963 nonsunt
271 1927 328 1972 ⁴xit
346 1924 486 1973 personas
501 1925 577 1961 nihil
596 1928 675 1962 aliud
690 1926 776 1963 fuisse
790 1953 798 1966 ,
819 1929 913 1976 quam
931 1943 1035 1965 meros

118 1967 274 2042 2²2¹&ssssAE
286 1976 375 2012 Ἰώ-*ς
389 1975 525 2015 &vaga-m.
539 1976 599 2011 Sed
612 1989 709 2024 pergo
723 1978 759 2013 ad
771 1991 956 2027 argumenta.

332 2024 450 2058 Primo.
477 2025 576 2075 Qod
590 2025 634 2060 est
647 2040 722 2061 unus
736 2029 825 2062 Deus
839 2042 905 2064 non
918 2030 1037 2065 realiter

120 2085 271 2123 Tresperfima
287 2071 388 2107 differt
401 2073 418 2108 a
431 2075 573 2110 Deitate:
589 2077 685 2123 Atqui
699 2088 760 2111 tres
774 2076 909 2125 personae
923 2078 987 2114 sunt
1001 2094 1036 2114 u-

113 2125 251 2161 sumimus
287 2134 343 2155 nus
351 2123 451 2156 Deus.
469 2125 629 2159 Minorem
642 2127 709 2173 lege
723 2128 809 2174 1Joa.
821 2131 1037 2174 5.7.Tressunt

119 2168 199 2192 Deus.
288 2174 341 2216 qai
356 2170 496 2214 testantur
507 2176 538 2205 in
551 2176 634 2213 cmlv,
652 2178 760 2211 Pater,
779 2177 922 2214 Verbum,
938 2184 976 2218 ὠ·
987 2183 1036 2227 Sp.

286 2221 422 2258 Sanfflu,
438 2224 475 2258 ὠ
487 2220 519 2252 hi
531 2231 590 2253 tres
603 2235 698 2254 unum
705 2224 786 2265 sunt.
822 2226 923 2272 Qod
935 2238 1036 2259 autem

285 2266 489 2315 unusquisque
501 2270 592 2303 trium
613 2269 647 2304 sit
661 2271 750 2304 Deus
764 2295 774 2311 ‚
801 2283 865 2305 non
879 2283 948 2319 eget
961 2286 1035 2320 pro-

284 2316 421 2351 batione.

331 2366 484 2400 Secunde).
493 2365 543 2400 Isti
555 2379 621 2400 non
630 2366 744 2402 habent
751 2366 875 2403 diversas
885 2369 1034 2412 essentias,

117 2421 270 2460 Vnapersbzza
284 2428 419 2462 quorum
434 2429 511 2450 unus
524 2415 640 2464 semper
653 2417 696 2451 est
709 2419 740 2451 in
754 2419 814 2451 alio
831 2431 838 2451 :
863 2421 947 2467 atqui
960 2421 1036 2455 divi-

117 2461 251 2497 estmalsd.
285 2477 390 2499 narum
412 2463 608 2512 personarum
628 2479 686 2500 una
702 2465 818 2514 semper
836 2468 880 2502 est
893 2470 924 2502 in
943 2470 1036 2506 altera

281 2515 449 2561 Joa.10.11.
465 2516 580 2549 Credite
591 2516 668 2549 mihi
675 2532 683 2556 3
699 2521 770 2564 quia
783 2530 830 2565 ego
841 2521 873 2551 in
886 2521 986 2560 Patre,
997 2524 1035 2559 ὠ

283 2566 386 2596 ‘Pater
397 2568 431 2597 in
445 2577 492 2597 me
504 2564 557 2609 cst:
571 2566 755 2605 ἒμπψχόξηστς
769 2566 833 2600 haec
846 2568 1036 2605 identitatem

284 2611 412 2647 essentiae
427 2614 459 2647 in
474 2615 620 2648 omnibus
632 2613 767 2660 personis
782 2617 903 2662 probat.

331 2662 431 2714 Qod
448 2663 485 2697 ad
497 2675 610 2710 patres,
635 2665 758 2698 Omnes
771 2665 953 2701 orthodoxi
964 2666 1035 2713 post

286 2713 453 2759 Quinam
464 2713 611 2763 Synodum
629 2714 759 2759 amplexi
772 2712 838 2748 sunt
850 2715 958 2752 όωέστσν
971 2715 1034 2750 hoc

283 2758 380 2800 sensu,
391 2762 480 2808 'quod
492 2775 600 2797 omnes
609 2772 668 2796 tres
678 2761 813 2809 persona>
825 2763 880 2798 sint
893 2765 981 2799 unius
989 2763 1032 2799 es-

283 2806 400 2849 sentiae,
420 2812 552 2846 &nullo
565 2812 664 2846 modo
680 2812 784 2858 quoad
801 2812 954 2848 essentiam
973 2813 1032 2848 dif-

283 2855 389 2893 ferant.
425 2862 492 2906 Qi
511 2862 594 2896 volet
618 2860 774 2895 consulere
799 2863 1006 2910 Augustinum
1021 2889 1030 2904 ,

282 2930 305 2946 ‚,
330 2909 428 2941 audiet
440 2909 478 2942 ab
491 2924 521 2943 eo
533 2910 614 2958 quod
621 2913 711 2944 Pater
725 2916 763 2950 (ῤ’
778 2913 870 2945 Filius
882 2913 1031 2946 divinita-

284 2979 306 2994 „
331 2958 528 2999 tesintunum,
542 2960 878 3005 necfitibisubstantiaedi
903 2965 1030 2998 cremia,

283 3028 306 3044 „
331 3007 440 3052 alioqui
451 3010 591 3055 quomodo
603 3022 697 3042 unum
708 3013 811 3045 Deum
824 3010 963 3048 dicimus,
983 3011 1030 3044 di-

283 3076 306 3092 „
333 3057 453 3098 verfitas
472 3063 549 3091 enim
560 3060 642 3103 facit
650 3061 770 3107 plures?
783 3060 868 3093 Idem
881 3060 1029 3109 Augusti-

282 3114 338 3135 nus
355 3102 393 3136 de
406 3103 604 3141 essentialibus
617 3109 768 3144 attributis
782 3107 820 3142 fic
836 3110 1026 3145 determinat.

282 3175 305 3190 ‚,
331 3154 443 3186 Omnia
446 3153 518 3197 fiant
534 3169 644 3196 unum,
665 3170 721 3191 non
734 3162 812 3193 enim
827 3161 871 3193 ιὲἶ
882 3160 969 3194 aliud
976 3164 1028 3195 vi-

118 2953 189 2979 Mens
205 2948 246 2975 hr'c

118 2988 259 3026 Augustini.

1110 82 1481 124 SacuNnA]

1079 180 1103 197 „
1128 169 1199 191 vere
1210 182 1220 195 ‚
1245 157 1332 191 aliud
1340 159 1498 207 intelligere
1510 181 1519 195 ,
1546 160 1633 194 aliud
1646 161 1694 206 effi
1707 187 1716 200 ‚
1735 162 1792 207 fid
1802 164 1838 197 id

1079 230 1101 247 „
1127 207 1207 254 quod
1215 207 1252 252 ιβ
1264 208 1433 256 intelligere,
1454 207 1506 241 hoc
1520 211 1642 246 vivere,
1666 211 1718 244 hoc
1730 212 1777 255 effi
1790 212 1836 257 ιβ.

1080 279 1103 297 ,,
1126 260 1166 290 Et
1178 257 1212 290 de
1226 256 1377 292 attributis
1389 257 1763 306 omnibuspersbnalibusfic
1770 274 1839 295 con-

1080 328 1102 347 ‚‚
1127 307 1230 341 cludn.
1255 309 1289 340 In
1302 305 1354 339 illd
1367 305 1492 350 ficmmd
1509 310 1662 349 trinitate,
1676 305 1840 354 tantumefl

1081 377 1103 394 ,‚
1128 367 1205 395 una,
1226 366 1375 402 quantum
1387 367 1444 389 tres
1451 357 1557 401 simul,
1578 370 1630 390 nec
1642 359 1707 406 plus
1726 359 1843 406 aliquid

1081 425 1102 442 ‚‚
1121 402 1193 447 fitnt
1199 404 1258 437 duae.
1265 428 1274 443 ‚
1290 404 1383 450 quam
1392 417 1465 444 una,
1478 417 1550 438 nam
1556 406 1623 449 inst
1633 408 1836 453 infinitaefitnt:

1081 475 1104 490 ,‚
1129 454 1291 501 itafingulae
1297 453 1370 496 sunt
1382 456 1414 486 in
1423 455 1539 502 singulis
1548 478 1557 493 ‚
1575 459 1614 494 ὠ
1626 461 1726 490 omnia
1735 461 1767 490 in
1781 459 1839 500 fin-

1082 524 1104 540 „
1123 503 1202 549 gulis
1217 526 1227 540 ‚
1247 505 1285 540 &-
1289 502 1404 550 singula
1417 507 1449 536 in
1461 502 1594 537 omnibus
1605 529 1614 543 ‚
1638 510 1677 545 όν
1692 510 1793 540 onmia
1807 510 1840 540 in

1081 573 1104 589 ‚,
1129 549 1275 590 omnibus,
1295 556 1333 590 <55-
1345 564 1440 584 unum
1455 556 1565 587 omnia.
1590 557 1631 587 Et
1642 555 1676 587 de
1690 558 1775 590 Trin.
1788 557 1839 590 lib.

1083 622 1104 638 n
1131 606 1160 635 6.
1173 611 1234 648 cap.
1245 612 1292 633 10.
1306 600 1356 634 lib.
1365 614 1395 646 7.
1408 612 1468 649 cap.
1481 614 1503 646 ς.
1520 602 1758 650 &sequentibus.
1773 607 1840 639 Hoc

1081 671 1105 688 ‚,
1130 649 1167 694 est
1179 652 1251 683 “Deo
1265 649 1313 694 esse
1325 649 1565 697 quodfhbfistere,
1584 652 1645 686 ideb
1651 654 1746 698 fiuna
1756 654 1840 700 effen-

1083 721 1105 738 „
1129 703 1174 731 tia
1185 701 1324 739 trinitas,
1346 711 1409 733 una
1421 704 1514 734 etiam
1524 699 1710 746 substantia:
1729 707 1761 737 in
1771 715 1841 753 per-

1081 770 1105 787 ‚‚
1124 747 1202 792 sonis
1221 749 1321 782 eadem
1340 753 1416 782 ratio
1439 750 1496 796 est,
1525 762 1581 783 non
1605 755 1684 785 enim
1702 752 1740 798 est
1757 754 1846 787 aliud

1083 819 1105 836 ,‚
1131 799 1241 830 ‘Deum
1254 797 1316 842 effe,
1329 798 1414 831 aliud
1424 799 1575 847 perfimam
1585 800 1649 845 esse,
1657 801 1714 845 sed
1723 807 1840 837 omnino

1084 868 1105 885 ‚,
1133 846 1222 881 idem.
1254 850 1289 880 In
1301 846 1357 880 hac
1372 850 1510 880 trinitate
1524 846 1594 882 cum
1608 850 1735 885 dicimus
1746 853 1842 901 persh-

1085 918 1106 934 ,‚
1133 893 1213 929 nam'
1222 897 1321 929 Patris
1331 921 1340 935 ,
1362 909 1419 930 non
1430 896 1517 930 aliud
1526 897 1653 932 dicimus
1668 900 1841 947 qudmsub-

1081 967 1103 983 ‚,
1125 944 1272 989 stantiam
1283 947 1383 979 Patris
1390 970 1400 985 ‚
1416 949 1555 993 quocirca
1566 958 1601 980 ut
1605 947 1770 994 fhbstantia
1780 954 1841 984 Pa-

1082 1015 1105 1032 „
1131 996 1185 1028 tris
1197 995 1253 1042 ipse
1264 997 1364 1028 ‘Pater
1381 997 1426 1028 eff·
1439 1021 1449 1036 ,
1479 1009 1535 1029 non
1547 996 1608 1044 qua=
1617 1008 1704 1047 pater
1718 999 1755 1043 est
1765 1024 1776 1039 ,
1788 1000 1844 1044 sed

1083 1066 1105 1082 „
1129 1043 1190 1091 qua*
1197 1044 1242 1089 est,
1253 1047 1297 1077 ita
1305 1048 1342 1084 (ξ’
1348 1045 1468 1093 persiana
1476 1047 1581 1094 patris,
1595 1060 1652 1081 non
1659 1048 1840 1096 aliudqua'm

1082 1115 1104 1132 ,‚
1127 1092 1264 1142 paterest3
1277 1095 1525 1140 quemadmodum
1532 1095 1748 1142 hocilliesteffi’,
1764 1100 1844 1146 quod

1082 1164 1104 1181 ‚‚
1131 1146 1232 1176 Deum
1246 1143 1310 1187 effi,
1325 1145 1567 1193 quodmagnum,
1582 1146 1840 1193 quodbonumeſje,

1081 1214 1104 1230 ‚,
1129 1195 1174 1224 ita
1186 1191 1238 1224 hoc
1249 1194 1292 1224 illi
1305 1192 1340 1238 est
1354 1193 1419 1238 effe,
1436 1194 1672 1242 quodpersbnam
1686 1196 1744 1241 effl’.
1772 1199 1841 1232 Tres

1081 1262 1101 1278 „
1125 1241 1260 1288 personas
1272 1253 1365 1274 unum
1387 1242 1532 1286 effimiam
1545 1244 1689 1286 dicimus,
1710 1257 1766 1281 tres
1782 1259 1840 1281 au-

1079 1311 1102 1328 „
1128 1300 1187 1323 tem
1196 1290 1328 1338 personas
1341 1303 1379 1323 ex
1390 1290 1491 1325 eddem
1498 1292 1612 1336 effi’ntid
1624 1308 1681 1329 non
1692 1295 1820 1330 dicimus
1828 1322 1839 1337 ,

1079 1360 1102 1377 ,‚
1126 1340 1209 1385 quasi
1219 1339 1306 1372 aliud
1313 1338 1356 1372 ibi
1359 1341 1397 1387 fit
1405 1342 1485 1388 quod
1495 1341 1608 1385 effemia
1615 1343 1661 1387 ιβ,
1674 1345 1844 1392 aliudquod

1079 1410 1100 1426 ‚‚
1122 1389 1243 1436 persbna
1260 1402 1270 1429 ;
1295 1393 1368 1435 quia
1379 1389 1432 1424 hoc
1448 1389 1484 1434 est
1497 1392 1541 1423 illi
1554 1393 1663 1425 “Deum
1675 1393 1739 1437 esse,
1761 1395 1842 1441 quod

1077 1459 1100 1476 „
1126 1436 1163 1482 est
1175 1438 1236 1482 esse,
1262 1448 1326 1470 tam
1340 1448 1396 1471 tres
1410 1438 1536 1482 effintias
1551 1463 1561 1478 ‚
1578 1440 1670 1486 quiim
1684 1454 1741 1475 tres
1754 1445 1839 1477 ‘Deos

1078 1510 1100 1524 „
1125 1487 1184 1519 dici
1196 1487 1279 1531 nefas
1297 1485 1343 1530 ιβ.
1369 1488 1481 1522 Suadet
1499 1489 1669 1524 animarum
1689 1492 1839 1527 naviculas

1077 1536 1243 1570 omnicurzi
1256 1536 1387 1583 dirigere
1401 1537 1481 1571 inter
1496 1537 1573 1571 duos
1587 1537 1729 1586 scopulos
1744 1545 1839 1577 eArii

1077 1590 1107 1619 ὃ(
1126 1584 1259 1624 Sabellii,
1283 1586 1506 1626 macedonii,
1523 1590 1554 1622 δι
1572 1590 1701 1623 ‘praxea
1712 1614 1723 1630 ‚
1743 1601 1777 1626 ut
1789 1592 1839 1625 in-

1075 1646 1121 1668 ter
1145 1636 1270 1683 ScyHam
1292 1640 1324 1671 δι
1355 1635 1521 1683 Charybdin
1531 1660 1540 1674 ‚
1561 1638 1615 1685 qui
1637 1640 1744 1687 aequali
1764 1653 1838 1675 nau-

1076 1681 1174 1732 fragio
1187 1697 1297 1719 omnes
1318 1685 1373 1720 sibi
1393 1686 1673 1734 appropinquantes
1690 1689 1835 1736 perdunt,

1076 1734 1149 1768 dum
1174 1734 1206 1768 hi
1219 1734 1360 1782 personas
1383 1733 1596 1777 confundunt,
1623 1742 1654 1773 δι
1674 1739 1716 1773 illi
1739 1738 1836 1776 essen-

1075 1784 1129 1818 tias
1141 1785 1364 1833 multiplicant1‚
1391 1783 1568 1835 faciuntque
1582 1786 1725 1829 diversas,
1742 1792 1774 1824 δι
1788 1790 1837 1824 di-

1074 1834 1191 1870 vidunt.

1124 1884 1225 1932 Qod
1246 1885 1283 1919 ad
1301 1884 1493 1934 Theologos
1517 1887 1704 1921 recentiores
1725 1911 1734 1924 ‚
1764 1887 1833 1922 vide
1847 1907 1976 1937 Recentio-

1074 1937 1280 1981 mquznatem
1293 1936 1390 1982 prim&
1402 1948 1464 1984 par.
1478 1936 1608 1983 aquaest.
1622 1949 1671 1981 27.
1685 1936 1722 1971 ad
1732 1950 1791 1983 44.
1802 1938 1833 1971 in
1847 1959 1883 1976 res
1893 1958 1974 1976 omnes

1074 1982 1196 2031 singulis
1209 1982 1273 2019 fere
1286 1986 1433 2022 articulis,
1447 1998 1542 2033 quem
1555 1986 1586 2019 in
1594 1985 1656 2020 hoc
1670 1999 1831 2034 argumen-
1845 1996 1888 2026 pro
1913 1989 1998 2014 Patri-

1073 2044 1107 2067 to
1123 2033 1279 2068 Pontificii
1293 2047 1404 2069 omnes
1423 2035 1606 2082 sequuntur,
1635 2039 1667 2070 &
1685 2038 1830 2083 Hierony-
1847 2027 1893 2055 bus
1913 2036 2000 2074 rantra

1073 2096 1159 2117 mum
1171 2084 1345 2118 Zanchium
1359 2085 1397 2119 de
1409 2084 1509 2119 tribus
1522 2085 1650 2119 Elohim
1663 2097 1726 2130 cap.
1742 2085 1827 2120 1.lib.
1847 2067 1970 2104 Vorstmm.

1075 2135 1102 2168 8.
1119 2146 1188 2168 cum
1203 2147 1269 2181 quo
1282 2134 1483 2180 protestantes
1495 2146 1604 2168 omnes
1620 2143 1729 2180 praeter
1741 2135 1833 2169 Anti-

1074 2183 1240 2216 trinitarios
1253 2181 1458 2216 consentiunt.

1121 2231 1296 2262 Rationum
1309 2231 1384 2264 loco
1399 2240 1459 2263 tres
1473 2229 1593 2264 tantum
1607 2229 1740 2267 breviter
1753 2243 1832 2277 pro-

1072 2288 1170 2321 pono.

1119 2324 1230 2360 Prima.
1260 2325 1291 2359 Si
1311 2326 1343 2359 in
1362 2326 1491 2362 Deitate
1511 2325 1568 2361 sint
1579 2337 1639 2362 tres
1652 2326 1771 2363 diversae
1784 2327 1828 2363 es-
1842 2341 1970 2369 sententia

1072 2371 1188 2414 sentiae,
1201 2386 1267 2409 tum
1279 2386 1340 2409 tres
1353 2374 1420 2410 sunt
1434 2377 1492 2411 dii:
1508 2378 1604 2424 Atqui
1619 2376 1769 2425 posterius
1783 2378 1826 2412 est
1843 2380 1925 2415 Vorstis·
1937 2383 1976 2408 in-

1073 2423 1257 2470 impoffib‘ile
1271 2438 1279 2459 z
1297 2437 1367 2459 narn
1383 2425 1403 2459 si
1416 2436 1476 2460 tres
1489 2425 1546 2460 sint
1558 2427 1614 2464 dii,
1635 2425 1692 2461 esse
1705 2425 1824 2472 possunt
1833 2419 1888 2468 f‘s'
1903 2428 1981 2448 πω·

1072 2483 1133 2506 tres
1146 2474 1295 2520 myriades
1304 2476 1466 2511 Deorum:
1481 2480 1511 2510 &
1520 2475 1539 2509 si
1554 2486 1616 2510 tres
1630 2475 1685 2510 sint
1698 2477 1766 2513 Dii,
1779 2477 1826 2513 vel
1840 2458 1993 2533 Ξξξζέἒὲζά

1073 2522 1173 2568 plures
1187 2536 1250 2557 uno
1259 2547 1266 2560 ‚
1279 2524 1378 2558 nullus
1390 2526 1524 2559 omnino
1539 2524 1583 2558 est
1596 2527 1696 2560 Deus.
1721 2528 1827 2572 Major

1073 2572 1150 2605 clara
1167 2596 1177 2612 ‚
1200 2585 1270 2607 nam
1284 2573 1323 2607 ab
1336 2573 1459 2608 essentia
1474 2572 1612 2621 specifica
1624 2575 1660 2610 ad
1673 2574 1802 2623 speciem
1815 2601 1826 2616 ‚

1072 2625 1104 2655 δι
1117 2621 1133 2655 a
1146 2632 1249 2655 natura
1261 2621 1403 2670 singulari
1415 2623 1452 2658 ad
1473 2622 1659 2670 suppositum
1669 2649 1677 2661 ‚
1697 2625 1829 2660 necessa-

1071 2671 1113 2704 ria
1125 2669 1170 2704 est
1182 2670 1408 2719 consequentia.
1434 2674 1580 2720 Sequitur
1592 2674 1630 2708 ab
1639 2674 1772 2709 humana
1783 2673 1828 2708 es-

1073 2717 1164 2753 sentiai
1177 2720 1213 2754 ad
1228 2720 1407 2762 hominem;
1421 2722 1555 2770 quisquis
1568 2723 1646 2757 hanc
1661 2724 1769 2760 habet,
1782 2722 1827 2756 est
1923 2728 1930 2749 ⁸

1069 2768 1170 2802 homo
1180 2793 1188 2805 ‚
1208 2770 1265 2805 ista
1274 2771 1490 2818 multiplicata,
1504 2772 1555 2806 hic
1570 2771 1734 2807 necessario
1748 2772 1825 2805 mul-

1070 2818 1231 2865 tiplicatur.
1263 2823 1356 2870 Qot
1374 2819 1439 2855 sunt
1457 2832 1600 2856 creaturae
1616 2822 1748 2855 viventes
1765 2820 1823 2855 ha-

1070 2867 1177 2901 bentes
1184 2868 1327 2903 diversam
1340 2870 1576 2907 humanitatem,
1589 2879 1636 2903 tot
1645 2867 1710 2903 sunt
1717 2869 1823 2905 diversi

1068 2915 1211 2950 homines
1218 2930 1228 2957 3
1246 2918 1511 2964 quotsuntdivinae
1519 2917 1651 2965 personae
1662 2931 1729 2966 quae
1738 2918 1819 2954 suam

1068 2965 1209 3000 realitera
1217 2967 1331 3000 cacteris
1340 2967 1514 3002 distintisam
1526 2968 1658 3004 divinam
1666 2967 1820 3004 essentiam

1067 3014 1182 3049 habent
1190 3040 1200 3054 ,
1212 3026 1261 3049 tot
1273 3014 1338 3050 sunt
1350 3017 1418 3050 Dii.

1112 3065 1265 3099 Secundo.
1293 3065 1479 3112 Impossibile
1498 3065 1542 3100 est
1562 3077 1594 3101 ut
1607 3066 1664 3102 sint
1678 3069 1760 3115 plura
1772 3068 1818 3102 in-

1066 3111 1165 3148 finita:
1183 3114 1278 3162 Atqui
1287 3114 1388 3149 divina
1395 3113 1515 3149 essentia
1522 3116 1567 3150 est
1579 3116 1715 3151 infinita:
1730 3117 1818 3164 Ergo

1064 3163 1247 3212 impossibile
1255 3162 1299 3200 est
1306 3188 1317 3205 ‚
1330 3175 1364 3200 ut
1371 3163 1427 3200 sint
1434 3165 1533 3213 plures
1542 3164 1672 3202 essentiae
1681 3166 1799 3248 divipae.

1490 3222 1494 3226 '
1766 3227 1814 3249 er-
