<?xml version="1.0" encoding="UTF-8"?>
<!DOCTYPE html PUBLIC "-//W3C//DTD XHTML 1.0 Transitional//EN"
    "http://www.w3.org/TR/xhtml1/DTD/xhtml1-transitional.dtd">
<html xmlns="http://www.w3.org/1999/xhtml" xml:lang="en" lang="en">
 <head>
  <title>
</title>
<meta http-equiv="Content-Type" content="text/html;charset=utf-8" />
  <meta name='ocr-system' content='tesseract 3.04.00' />
  <meta name='ocr-capabilities' content='ocr_page ocr_carea ocr_par ocr_line ocrx_word'/>
</head>
<body>
  <div class='ocr_page' id='page_1' title='image "./operishistoricie00bail_0449.png"; bbox 0 0 2048 3343; ppageno 0'>
   <div class='ocr_carea' id='block_1_1' title="bbox 16 306 168 340">
    <p class='ocr_par' dir='ltr' id='par_1_1' title="bbox 16 306 168 340">
     <span class='ocr_line' id='line_1_1' title="bbox 16 306 168 340; baseline 0 -8"><span class='ocrx_word' id='word_1_1' title='bbox 16 306 168 340; x_wconf 69' lang='lat' dir='ltr'>Argumenn&#39;</span> 
     </span>
    </p>
   </div>
   <div class='ocr_carea' id='block_1_2' title="bbox 17 344 155 382">
    <p class='ocr_par' dir='ltr' id='par_1_2' title="bbox 17 344 155 382">
     <span class='ocr_line' id='line_1_2' title="bbox 17 344 155 382; baseline -0.007 -8"><span class='ocrx_word' id='word_1_2' title='bbox 17 344 155 382; x_wconf 73' lang='lat' dir='ltr'>difficulras.</span> 
     </span>
    </p>
   </div>
   <div class='ocr_carea' id='block_1_3' title="bbox 537 124 951 166">
    <p class='ocr_par' dir='ltr' id='par_1_3' title="bbox 537 124 951 166">
     <span class='ocr_line' id='line_1_3' title="bbox 537 124 951 166; baseline 0 -2"><span class='ocrx_word' id='word_1_3' title='bbox 537 124 951 166; x_wconf 63' lang='lat' dir='ltr'>Dra&#39;ranA</span> 
     </span>
    </p>
   </div>
   <div class='ocr_carea' id='block_1_4' title="bbox 183 193 944 588">
    <p class='ocr_par' dir='ltr' id='par_1_4' title="bbox 183 193 944 281">
     <span class='ocr_line' id='line_1_4' title="bbox 183 193 944 245; baseline -0.005 -13"><span class='ocrx_word' id='word_1_4' title='bbox 183 206 326 232; x_wconf 84' lang='lat' dir='ltr'>creaturae</span> <span class='ocrx_word' id='word_1_5' title='bbox 338 195 408 231; x_wconf 74' lang='lat' dir='ltr'>vere</span> <span class='ocrx_word' id='word_1_6' title='bbox 421 195 598 231; x_wconf 84' lang='lat' dir='ltr'>existentes:</span> <span class='ocrx_word' id='word_1_7' title='bbox 614 198 703 245; x_wconf 86' lang='lat' dir='ltr'>Ergo</span> <span class='ocrx_word' id='word_1_8' title='bbox 717 209 782 231; x_wconf 89' lang='lat' dir='ltr'>uon</span> <span class='ocrx_word' id='word_1_9' title='bbox 795 196 862 231; x_wconf 89' lang='lat' dir='ltr'>sunt</span> <span class='ocrx_word' id='word_1_10' title='bbox 873 193 944 229; x_wconf 92' lang='lat' dir='ltr'>sub-</span> 
     </span>
     <span class='ocr_line' id='line_1_5' title="bbox 184 247 309 281; baseline -0.016 0"><span class='ocrx_word' id='word_1_11' title='bbox 184 247 309 281; x_wconf 85' lang='lat' dir='ltr'>stantiae.</span> 
     </span>
    </p>

    <p class='ocr_par' dir='ltr' id='par_1_5' title="bbox 185 291 944 588">
     <span class='ocr_line' id='line_1_6' title="bbox 232 291 942 341; baseline -0.003 -13"><span class='ocrx_word' id='word_1_12' title='bbox 232 294 327 341; x_wconf 85' lang='lat' dir='ltr'>Resp.</span> <span class='ocrx_word' id='word_1_13' title='bbox 352 294 536 329; x_wconf 81' lang='lat' dir='ltr'>Palmarium</span> <span class='ocrx_word' id='word_1_14' title='bbox 557 295 621 328; x_wconf 89' lang='lat' dir='ltr'>hoc</span> <span class='ocrx_word' id='word_1_15' title='bbox 642 294 686 328; x_wconf 91' lang='lat' dir='ltr'>est</span> <span class='ocrx_word' id='word_1_16' title='bbox 706 294 810 338; x_wconf 66' lang='lat' dir='ltr'>mrstii</span> <span class='ocrx_word' id='word_1_17' title='bbox 829 291 942 339; x_wconf 90' lang='lat' dir='ltr'>sophis-</span> 
     </span>
     <span class='ocr_line' id='line_1_7' title="bbox 185 339 941 390; baseline -0.004 -12"><span class='ocrx_word' id='word_1_18' title='bbox 185 356 252 389; x_wconf 85' lang='lat' dir='ltr'>ma,</span> <span class='ocrx_word' id='word_1_19' title='bbox 266 345 352 390; x_wconf 86' lang='lat' dir='ltr'>quod</span> <span class='ocrx_word' id='word_1_20' title='bbox 361 344 452 381; x_wconf 89' lang='lat' dir='ltr'>mihi,</span> <span class='ocrx_word' id='word_1_21' title='bbox 469 341 585 382; x_wconf 83' lang='lat' dir='ltr'>fateor,</span> <span class='ocrx_word' id='word_1_22' title='bbox 600 343 774 390; x_wconf 78' lang='lat' dir='ltr'>aliquandiu</span> <span class='ocrx_word' id='word_1_23' title='bbox 791 339 891 375; x_wconf 91' lang='lat' dir='ltr'>solutu</span> <span class='ocrx_word' id='word_1_24' title='bbox 899 340 941 375; x_wconf 84' lang='lat' dir='ltr'>sa-</span> 
     </span>
     <span class='ocr_line' id='line_1_8' title="bbox 185 388 941 437; baseline -0.004 -10"><span class='ocrx_word' id='word_1_25' title='bbox 185 393 223 427; x_wconf 88' lang='lat' dir='ltr'>tis</span> <span class='ocrx_word' id='word_1_26' title='bbox 239 395 364 426; x_wconf 86' lang='lat' dir='ltr'>arduum</span> <span class='ocrx_word' id='word_1_27' title='bbox 378 391 538 425; x_wconf 85' lang='lat' dir='ltr'>videbatur</span> <span class='ocrx_word' id='word_1_28' title='bbox 549 415 559 430; x_wconf 91' lang='lat'><em>‚</em></span> <span class='ocrx_word' id='word_1_29' title='bbox 586 388 635 425; x_wconf 89' lang='lat' dir='ltr'>sed</span> <span class='ocrx_word' id='word_1_30' title='bbox 650 390 756 437; x_wconf 61' lang='lat' dir='ltr'>postea</span> <span class='ocrx_word' id='word_1_31' title='bbox 769 391 874 425; x_wconf 86' lang='lat' dir='ltr'>inveni</span> <span class='ocrx_word' id='word_1_32' title='bbox 895 402 941 424; x_wconf 90' lang='lat' dir='ltr'>re-</span> 
     </span>
     <span class='ocr_line' id='line_1_9' title="bbox 186 440 941 490; baseline -0.004 -14"><span class='ocrx_word' id='word_1_33' title='bbox 186 441 354 490; x_wconf 85' lang='lat' dir='ltr'>spondendi</span> <span class='ocrx_word' id='word_1_34' title='bbox 368 440 579 476; x_wconf 84' lang='lat' dir='ltr'>difficultatem</span> <span class='ocrx_word' id='word_1_35' title='bbox 592 450 748 480; x_wconf 82' lang='lat' dir='ltr'>exortam,</span> <span class='ocrx_word' id='word_1_36' title='bbox 764 452 829 475; x_wconf 87' lang='lat' dir='ltr'>nou</span> <span class='ocrx_word' id='word_1_37' title='bbox 841 440 880 474; x_wconf 92' lang='lat' dir='ltr'>ab</span> <span class='ocrx_word' id='word_1_38' title='bbox 889 452 941 480; x_wconf 93' lang='lat' dir='ltr'>eo,</span> 
     </span>
     <span class='ocr_line' id='line_1_10' title="bbox 185 487 942 539; baseline -0.003 -14"><span class='ocrx_word' id='word_1_39' title='bbox 185 491 273 538; x_wconf 76' lang='lat' dir='ltr'>quod</span> <span class='ocrx_word' id='word_1_40' title='bbox 287 491 344 524; x_wconf 86' lang='lat' dir='ltr'>ulla</span> <span class='ocrx_word' id='word_1_41' title='bbox 356 491 387 524; x_wconf 89' lang='lat' dir='ltr'>in</span> <span class='ocrx_word' id='word_1_42' title='bbox 401 499 585 539; x_wconf 84' lang='lat' dir='ltr'>argumento</span> <span class='ocrx_word' id='word_1_43' title='bbox 598 490 706 524; x_wconf 88' lang='lat' dir='ltr'>veritas</span> <span class='ocrx_word' id='word_1_44' title='bbox 713 489 802 529; x_wconf 85' lang='lat' dir='ltr'>esset,</span> <span class='ocrx_word' id='word_1_45' title='bbox 816 487 866 523; x_wconf 92' lang='lat' dir='ltr'>sed</span> <span class='ocrx_word' id='word_1_46' title='bbox 875 501 942 537; x_wconf 91' lang='lat' dir='ltr'>par-</span> 
     </span>
     <span class='ocr_line' id='line_1_11' title="bbox 186 538 944 588; baseline -0.003 -14"><span class='ocrx_word' id='word_1_47' title='bbox 186 544 243 574; x_wconf 87' lang='lat' dir='ltr'>tim</span> <span class='ocrx_word' id='word_1_48' title='bbox 255 541 294 574; x_wconf 85' lang='lat' dir='ltr'>ab</span> <span class='ocrx_word' id='word_1_49' title='bbox 307 541 508 588; x_wconf 70' lang='lat' dir='ltr'>incogitantia</span> <span class='ocrx_word' id='word_1_50' title='bbox 521 538 607 578; x_wconf 64' lang='lat' dir='ltr'>mezi,</span> <span class='ocrx_word' id='word_1_51' title='bbox 622 540 731 586; x_wconf 89' lang='lat' dir='ltr'>partim</span> <span class='ocrx_word' id='word_1_52' title='bbox 746 540 761 574; x_wconf 72' lang='lat' dir='ltr'>a</span> <span class='ocrx_word' id='word_1_53' title='bbox 774 538 944 574; x_wconf 88' lang='lat' dir='ltr'>sublimita-</span> 
     </span>
    </p>
   </div>
   <div class='ocr_carea' id='block_1_5' title="bbox 134 587 944 636">
    <p class='ocr_par' dir='ltr' id='par_1_6' title="bbox 134 587 944 636">
     <span class='ocr_line' id='line_1_12' title="bbox 134 587 944 636; baseline -0.002 -12"><span class='ocrx_word' id='word_1_54' title='bbox 134 610 137 612; x_wconf 90' lang='lat'><em>-</em></span> <span class='ocrx_word' id='word_1_55' title='bbox 187 594 255 624; x_wconf 87' lang='lat' dir='ltr'>te&amp;</span> <span class='ocrx_word' id='word_1_56' title='bbox 264 587 448 624; x_wconf 82' lang='lat' dir='ltr'>obscuritate</span> <span class='ocrx_word' id='word_1_57' title='bbox 461 589 606 623; x_wconf 82' lang='lat' dir='ltr'>materiae.</span> <span class='ocrx_word' id='word_1_58' title='bbox 632 587 768 634; x_wconf 74' lang='lat' dir='ltr'>Huiusce</span> <span class='ocrx_word' id='word_1_59' title='bbox 781 601 944 636; x_wconf 86' lang='lat' dir='ltr'>argumen-</span> 
     </span>
    </p>
   </div>
   <div class='ocr_carea' id='block_1_6' title="bbox 187 637 947 1227">
    <p class='ocr_par' dir='ltr' id='par_1_7' title="bbox 187 637 947 1227">
     <span class='ocr_line' id='line_1_13' title="bbox 187 637 941 684; baseline -0.003 -10"><span class='ocrx_word' id='word_1_60' title='bbox 187 641 209 674; x_wconf 89' lang='lat' dir='ltr'>ti</span> <span class='ocrx_word' id='word_1_61' title='bbox 224 639 386 684; x_wconf 70' lang='lat' dir='ltr'>objeetum</span> <span class='ocrx_word' id='word_1_62' title='bbox 399 664 408 678; x_wconf 92' lang='lat'>‚</span> <span class='ocrx_word' id='word_1_63' title='bbox 429 649 511 674; x_wconf 85' lang='lat' dir='ltr'>extra</span> <span class='ocrx_word' id='word_1_64' title='bbox 530 650 658 672; x_wconf 88' lang='lat' dir='ltr'>omnem</span> <span class='ocrx_word' id='word_1_65' title='bbox 679 637 917 673; x_wconf 88' lang='lat' dir='ltr'>controversiam</span> <span class='ocrx_word' id='word_1_66' title='bbox 931 663 941 678; x_wconf 89' lang='lat'><em>‚</em></span> 
     </span>
     <span class='ocr_line' id='line_1_14' title="bbox 190 685 941 734; baseline -0.003 -11"><span class='ocrx_word' id='word_1_67' title='bbox 190 688 233 723; x_wconf 90' lang='lat' dir='ltr'>est</span> <span class='ocrx_word' id='word_1_68' title='bbox 244 688 458 724; x_wconf 81' lang='lat' dir='ltr'>abstrufiffimae</span> <span class='ocrx_word' id='word_1_69' title='bbox 471 713 481 727; x_wconf 93' lang='lat'>,</span> <span class='ocrx_word' id='word_1_70' title='bbox 507 691 538 722; x_wconf 90' lang='lat'>&amp;</span> <span class='ocrx_word' id='word_1_71' title='bbox 555 685 794 734; x_wconf 77' lang='lat' dir='ltr'>profundissimae</span> <span class='ocrx_word' id='word_1_72' title='bbox 808 697 941 722; x_wconf 85' lang='lat' dir='ltr'>naturae:</span> 
     </span>
     <span class='ocr_line' id='line_1_15' title="bbox 188 735 943 786; baseline -0.003 -14"><span class='ocrx_word' id='word_1_73' title='bbox 188 739 327 786; x_wconf 88' lang='lat' dir='ltr'>loquitur</span> <span class='ocrx_word' id='word_1_74' title='bbox 339 740 422 772; x_wconf 88' lang='lat' dir='ltr'>enim</span> <span class='ocrx_word' id='word_1_75' title='bbox 441 738 478 772; x_wconf 92' lang='lat' dir='ltr'>de</span> <span class='ocrx_word' id='word_1_76' title='bbox 491 737 554 784; x_wconf 72' lang='lat' dir='ltr'>ipsc‘i</span> <span class='ocrx_word' id='word_1_77' title='bbox 576 735 699 771; x_wconf 61' lang='lat' dir='ltr'>essentia</span> <span class='ocrx_word' id='word_1_78' title='bbox 721 735 858 784; x_wconf 90' lang='lat' dir='ltr'>personae</span> <span class='ocrx_word' id='word_1_79' title='bbox 876 749 943 784; x_wconf 87' lang='lat' dir='ltr'>quae</span> 
     </span>
     <span class='ocr_line' id='line_1_16' title="bbox 188 785 944 822; baseline -0.012 0"><span class='ocrx_word' id='word_1_80' title='bbox 188 787 305 822; x_wconf 84' lang='lat' dir='ltr'>habitat</span> <span class='ocrx_word' id='word_1_81' title='bbox 323 789 423 822; x_wconf 84' lang='lat' dir='ltr'>lucem</span> <span class='ocrx_word' id='word_1_82' title='bbox 435 787 466 820; x_wconf 88' lang='lat' dir='ltr'>in</span> <span class='ocrx_word' id='word_1_83' title='bbox 479 785 622 820; x_wconf 74' lang='lat' dir='ltr'>accessam</span> <span class='ocrx_word' id='word_1_84' title='bbox 651 786 701 821; x_wconf 64' lang='grc' dir='ltr'>φῶς</span> <span class='ocrx_word' id='word_1_85' title='bbox 727 789 795 814; x_wconf 69' lang='grc' dir='ltr'><em>δικῶν</em></span> <span class='ocrx_word' id='word_1_86' title='bbox 814 786 944 820; x_wconf 52' lang='lat' dir='ltr'>affluam</span> 
     </span>
     <span class='ocr_line' id='line_1_17' title="bbox 189 833 943 880; baseline -0.007 -8"><span class='ocrx_word' id='word_1_87' title='bbox 189 850 202 872; x_wconf 88' lang='lat'>1</span> <span class='ocrx_word' id='word_1_88' title='bbox 212 838 297 871; x_wconf 90' lang='lat' dir='ltr'>Tim.</span> <span class='ocrx_word' id='word_1_89' title='bbox 311 843 341 872; x_wconf 90' lang='lat'>6.</span> <span class='ocrx_word' id='word_1_90' title='bbox 358 842 402 872; x_wconf 85' lang='lat'>16.</span> <span class='ocrx_word' id='word_1_91' title='bbox 417 838 448 870; x_wconf 92' lang='lat' dir='ltr'>in</span> <span class='ocrx_word' id='word_1_92' title='bbox 462 838 547 880; x_wconf 86' lang='lat' dir='ltr'>cujus</span> <span class='ocrx_word' id='word_1_93' title='bbox 560 833 726 880; x_wconf 71' lang='lat' dir='ltr'>conspeetu</span> <span class='ocrx_word' id='word_1_94' title='bbox 734 833 943 868; x_wconf 83' lang='lat' dir='ltr'>celfiffimise-</span> 
     </span>
     <span class='ocr_line' id='line_1_18' title="bbox 189 881 942 934; baseline -0.004 -14"><span class='ocrx_word' id='word_1_95' title='bbox 189 886 298 934; x_wconf 84' lang='lat' dir='ltr'>raphin</span> <span class='ocrx_word' id='word_1_96' title='bbox 311 887 438 932; x_wconf 86' lang='lat' dir='ltr'>duplicis</span> <span class='ocrx_word' id='word_1_97' title='bbox 451 886 503 919; x_wconf 76' lang='lat' dir='ltr'>alce</span> <span class='ocrx_word' id='word_1_98' title='bbox 511 885 582 919; x_wconf 91' lang='lat' dir='ltr'>velo</span> <span class='ocrx_word' id='word_1_99' title='bbox 596 884 692 918; x_wconf 88' lang='lat' dir='ltr'>vultus</span> <span class='ocrx_word' id='word_1_100' title='bbox 707 894 877 931; x_wconf 84' lang='lat' dir='ltr'>contegunt</span> <span class='ocrx_word' id='word_1_101' title='bbox 890 881 942 917; x_wconf 88' lang='lat' dir='ltr'>Isa.</span> 
     </span>
     <span class='ocr_line' id='line_1_19' title="bbox 192 932 944 982; baseline -0.005 -12"><span class='ocrx_word' id='word_1_102' title='bbox 192 941 224 971; x_wconf 87' lang='lat'>6.</span> <span class='ocrx_word' id='word_1_103' title='bbox 239 949 265 970; x_wconf 87' lang='lat'>2.</span> <span class='ocrx_word' id='word_1_104' title='bbox 284 948 388 970; x_wconf 86' lang='lat' dir='ltr'>coram</span> <span class='ocrx_word' id='word_1_105' title='bbox 405 948 470 982; x_wconf 88' lang='lat' dir='ltr'>quo</span> <span class='ocrx_word' id='word_1_106' title='bbox 489 932 684 968; x_wconf 60' lang='lat' dir='ltr'>sanctissimus</span> <span class='ocrx_word' id='word_1_107' title='bbox 697 933 851 979; x_wconf 84' lang='lat' dir='ltr'>Propheta</span> <span class='ocrx_word' id='word_1_108' title='bbox 863 933 944 980; x_wconf 88' lang='lat' dir='ltr'>pallii</span> 
     </span>
     <span class='ocr_line' id='line_1_20' title="bbox 191 982 943 1032; baseline -0.007 -12"><span class='ocrx_word' id='word_1_109' title='bbox 191 986 406 1032; x_wconf 67' lang='lat' dir='ltr'>integumento</span> <span class='ocrx_word' id='word_1_110' title='bbox 420 983 529 1019; x_wconf 80' lang='lat' dir='ltr'>faciem</span> <span class='ocrx_word' id='word_1_111' title='bbox 542 982 684 1018; x_wconf 84' lang='lat' dir='ltr'>obvolvit</span> <span class='ocrx_word' id='word_1_112' title='bbox 710 996 736 1018; x_wconf 89' lang='lat'>1.</span> <span class='ocrx_word' id='word_1_113' title='bbox 749 983 830 1030; x_wconf 82' lang='lat' dir='ltr'>Reg.</span> <span class='ocrx_word' id='word_1_114' title='bbox 855 993 943 1025; x_wconf 81' lang='lat'>19.13.</span> 
     </span>
     <span class='ocr_line' id='line_1_21' title="bbox 192 1031 944 1082; baseline -0.005 -13"><span class='ocrx_word' id='word_1_115' title='bbox 192 1037 246 1082; x_wconf 90' lang='lat' dir='ltr'>qui</span> <span class='ocrx_word' id='word_1_116' title='bbox 260 1037 290 1068; x_wconf 91' lang='lat' dir='ltr'>in</span> <span class='ocrx_word' id='word_1_117' title='bbox 305 1032 424 1069; x_wconf 87' lang='lat' dir='ltr'>summo</span> <span class='ocrx_word' id='word_1_118' title='bbox 436 1034 596 1081; x_wconf 76' lang='lat' dir='ltr'>Euangelii</span> <span class='ocrx_word' id='word_1_119' title='bbox 609 1031 767 1079; x_wconf 84' lang='lat' dir='ltr'>splendore</span> <span class='ocrx_word' id='word_1_120' title='bbox 779 1032 817 1066; x_wconf 86' lang='lat' dir='ltr'>ab</span> <span class='ocrx_word' id='word_1_121' title='bbox 831 1033 944 1066; x_wconf 88' lang='lat' dir='ltr'>illumi-</span> 
     </span>
     <span class='ocr_line' id='line_1_22' title="bbox 193 1079 944 1128; baseline -0.007 -9"><span class='ocrx_word' id='word_1_122' title='bbox 193 1084 415 1119; x_wconf 83' lang='lat' dir='ltr'>natiffimorum</span> <span class='ocrx_word' id='word_1_123' title='bbox 434 1085 532 1118; x_wconf 88' lang='lat' dir='ltr'>oculis</span> <span class='ocrx_word' id='word_1_124' title='bbox 552 1094 617 1117; x_wconf 90' lang='lat' dir='ltr'>non</span> <span class='ocrx_word' id='word_1_125' title='bbox 635 1079 814 1128; x_wconf 79' lang='lat' dir='ltr'>perspicitur</span> <span class='ocrx_word' id='word_1_126' title='bbox 834 1080 890 1115; x_wconf 77' lang='lat' dir='ltr'>nisi</span> <span class='ocrx_word' id='word_1_127' title='bbox 909 1093 944 1114; x_wconf 90' lang='lat' dir='ltr'>ex</span> 
     </span>
     <span class='ocr_line' id='line_1_23' title="bbox 193 1130 946 1181; baseline -0.005 -14"><span class='ocrx_word' id='word_1_128' title='bbox 193 1146 293 1181; x_wconf 83' lang='lat' dir='ltr'>parte,</span> <span class='ocrx_word' id='word_1_129' title='bbox 309 1134 359 1174; x_wconf 65' lang='grc' dir='ltr'><strong><em>δίς-π</em></strong></span> <span class='ocrx_word' id='word_1_130' title='bbox 372 1130 726 1178; x_wconf 63' lang='grc' dir='ltr'>ξλεπυμενώιμίξκς-ἰάςυε</span> <span class='ocrx_word' id='word_1_131' title='bbox 738 1131 769 1164; x_wconf 92' lang='lat' dir='ltr'>in</span> <span class='ocrx_word' id='word_1_132' title='bbox 782 1130 901 1169; x_wconf 67' lang='lat' dir='ltr'>umbrz&#39;i,</span> <span class='ocrx_word' id='word_1_133' title='bbox 915 1133 946 1163; x_wconf 88' lang='lat'>&amp;</span> 
     </span>
     <span class='ocr_line' id='line_1_24' title="bbox 193 1178 947 1227; baseline -0.012 -9"><span class='ocrx_word' id='word_1_134' title='bbox 193 1183 360 1218; x_wconf 79' lang='lat' dir='ltr'>reflexione</span> <span class='ocrx_word' id='word_1_135' title='bbox 381 1181 490 1227; x_wconf 81' lang='lat' dir='ltr'>speculi</span> <span class='ocrx_word' id='word_1_136' title='bbox 510 1192 702 1227; x_wconf 81' lang='lat' dir='ltr'>nequaquam</span> <span class='ocrx_word' id='word_1_137' title='bbox 721 1178 895 1227; x_wconf 61' lang='lat' dir='ltr'>perspicua,</span> <span class='ocrx_word' id='word_1_138' title='bbox 922 1180 947 1209; x_wconf 62' lang='grc' dir='ltr'><em>δῖ</em></span> 
     </span>
    </p>
   </div>
   <div class='ocr_carea' id='block_1_7' title="bbox 194 1229 946 1275">
    <p class='ocr_par' dir='ltr' id='par_1_8' title="bbox 194 1229 946 1275">
     <span class='ocr_line' id='line_1_25' title="bbox 194 1229 946 1275; baseline 0 -14"><span class='ocrx_word' id='word_1_139' title='bbox 194 1232 316 1268; x_wconf 57' lang='lat' dir='ltr'>iaia-725⁸,</span> <span class='ocrx_word' id='word_1_140' title='bbox 327 1232 353 1260; x_wconf 63' lang='grc' dir='ltr'>ἐν</span> <span class='ocrx_word' id='word_1_141' title='bbox 368 1233 492 1267; x_wconf 63' lang='grc' dir='ltr'>αἰνίγματι</span> <span class='ocrx_word' id='word_1_142' title='bbox 511 1230 717 1275; x_wconf 75' lang='lat' dir='ltr'>1.Cor.13.12.</span> <span class='ocrx_word' id='word_1_143' title='bbox 736 1241 829 1275; x_wconf 89' lang='lat' dir='ltr'>quern</span> <span class='ocrx_word' id='word_1_144' title='bbox 837 1229 946 1262; x_wconf 89' lang='lat' dir='ltr'>Theo-</span> 
     </span>
    </p>
   </div>
   <div class='ocr_carea' id='block_1_8' title="bbox 192 1275 962 3221">
    <p class='ocr_par' dir='ltr' id='par_1_9' title="bbox 192 1275 952 1742">
     <span class='ocr_line' id='line_1_26' title="bbox 196 1275 947 1326; baseline -0.004 -13"><span class='ocrx_word' id='word_1_145' title='bbox 196 1280 260 1326; x_wconf 70' lang='lat' dir='ltr'>logi</span> <span class='ocrx_word' id='word_1_146' title='bbox 282 1280 319 1312; x_wconf 87' lang='lat' dir='ltr'>ab</span> <span class='ocrx_word' id='word_1_147' title='bbox 344 1277 570 1324; x_wconf 85' lang='lat' dir='ltr'>Apostolorum</span> <span class='ocrx_word' id='word_1_148' title='bbox 590 1277 690 1312; x_wconf 92' lang='lat' dir='ltr'>seculo</span> <span class='ocrx_word' id='word_1_149' title='bbox 709 1275 947 1324; x_wconf 65' lang='lat' dir='ltr'>perspicacissimi</span> 
     </span>
     <span class='ocr_line' id='line_1_27' title="bbox 194 1326 946 1376; baseline -0.007 -13"><span class='ocrx_word' id='word_1_150' title='bbox 194 1328 396 1376; x_wconf 68' lang='lat' dir='ltr'>profitentur,</span> <span class='ocrx_word' id='word_1_151' title='bbox 411 1328 475 1374; x_wconf 82' lang='lat' dir='ltr'>plus</span> <span class='ocrx_word' id='word_1_152' title='bbox 489 1327 581 1372; x_wconf 72' lang='lat' dir='ltr'>quam</span> <span class='ocrx_word' id='word_1_153' title='bbox 595 1326 782 1360; x_wconf 84' lang='lat' dir='ltr'>ineffabilem</span> <span class='ocrx_word' id='word_1_154' title='bbox 797 1328 812 1371; x_wconf 82' lang='grc'><em>&lt;</em></span> <span class='ocrx_word' id='word_1_155' title='bbox 821 1330 946 1375; x_wconf 71' lang='lat' dir='ltr'>eAugu-</span> 
     </span>
     <span class='ocr_line' id='line_1_28' title="bbox 193 1375 946 1424; baseline -0.003 -13"><span class='ocrx_word' id='word_1_156' title='bbox 193 1380 267 1411; x_wconf 63' lang='lat' dir='ltr'>stim</span> <span class='ocrx_word' id='word_1_157' title='bbox 281 1390 343 1410; x_wconf 84' lang='lat' dir='ltr'>vox</span> <span class='ocrx_word' id='word_1_158' title='bbox 363 1376 405 1410; x_wconf 83' lang='lat' dir='ltr'>est</span> <span class='ocrx_word' id='word_1_159' title='bbox 418 1379 434 1422; x_wconf 84' lang='lat'>)</span> <span class='ocrx_word' id='word_1_160' title='bbox 456 1376 521 1410; x_wconf 77' lang='lat' dir='ltr'>imo</span> <span class='ocrx_word' id='word_1_161' title='bbox 536 1375 608 1410; x_wconf 73' lang='lat' dir='ltr'>vero</span> <span class='ocrx_word' id='word_1_162' title='bbox 622 1375 756 1410; x_wconf 74' lang='lat' dir='ltr'>omnino</span> <span class='ocrx_word' id='word_1_163' title='bbox 769 1377 946 1424; x_wconf 89' lang='lat' dir='ltr'>incompre-</span> 
     </span>
     <span class='ocr_line' id='line_1_29' title="bbox 192 1423 948 1473; baseline -0.003 -12"><span class='ocrx_word' id='word_1_164' title='bbox 192 1427 389 1466; x_wconf 61' lang='lat' dir='ltr'>hensibdem,</span> <span class='ocrx_word' id='word_1_165' title='bbox 410 1423 700 1472; x_wconf 79' lang='lat' dir='ltr'>incognoscibilem,</span> <span class='ocrx_word' id='word_1_166' title='bbox 722 1424 807 1473; x_wconf 83' lang='lat' dir='ltr'>supra</span> <span class='ocrx_word' id='word_1_167' title='bbox 819 1438 948 1460; x_wconf 89' lang='lat' dir='ltr'>omnem</span> 
     </span>
     <span class='ocr_line' id='line_1_30' title="bbox 193 1473 948 1523; baseline -0.001 -14"><span class='ocrx_word' id='word_1_168' title='bbox 193 1477 407 1523; x_wconf 80' lang='lat' dir='ltr'>cognitionem</span> <span class='ocrx_word' id='word_1_169' title='bbox 417 1499 425 1512; x_wconf 86' lang='lat'>,</span> <span class='ocrx_word' id='word_1_170' title='bbox 440 1474 563 1509; x_wconf 73' lang='lat' dir='ltr'>eatenus</span> <span class='ocrx_word' id='word_1_171' title='bbox 577 1473 675 1508; x_wconf 73' lang='lat' dir='ltr'>solum</span> <span class='ocrx_word' id='word_1_172' title='bbox 688 1474 948 1522; x_wconf 81' lang='lat' dir='ltr'>comprehensibi-</span> 
     </span>
     <span class='ocr_line' id='line_1_31' title="bbox 193 1522 949 1572; baseline 0.001 -13"><span class='ocrx_word' id='word_1_173' title='bbox 193 1526 271 1563; x_wconf 86' lang='lat' dir='ltr'>lem,</span> <span class='ocrx_word' id='word_1_174' title='bbox 293 1524 380 1570; x_wconf 75' lang='lat' dir='ltr'>quod</span> <span class='ocrx_word' id='word_1_175' title='bbox 395 1523 429 1557; x_wconf 80' lang='lat' dir='ltr'>iit</span> <span class='ocrx_word' id='word_1_176' title='bbox 446 1523 505 1570; x_wconf 84' lang='lat' dir='ltr'>ipsa</span> <span class='ocrx_word' id='word_1_177' title='bbox 518 1522 702 1563; x_wconf 82' lang='lat' dir='ltr'>infinitudo,</span> <span class='ocrx_word' id='word_1_178' title='bbox 727 1528 758 1559; x_wconf 89' lang='lat'><strong>&amp;</strong></span> <span class='ocrx_word' id='word_1_179' title='bbox 772 1525 949 1572; x_wconf 89' lang='lat' dir='ltr'>incompre-</span> 
     </span>
     <span class='ocr_line' id='line_1_32' title="bbox 193 1573 949 1612; baseline 0 -7"><span class='ocrx_word' id='word_1_180' title='bbox 193 1573 384 1605; x_wconf 82' lang='lat' dir='ltr'>hensibilitas.</span> <span class='ocrx_word' id='word_1_181' title='bbox 419 1573 595 1608; x_wconf 54' lang='grc' dir='ltr'>’Ληᾳῷέληπῗςν</span> <span class='ocrx_word' id='word_1_182' title='bbox 611 1575 737 1604; x_wconf 64' lang='grc' dir='ltr'><em>πανπλὸς</em></span> <span class='ocrx_word' id='word_1_183' title='bbox 753 1594 760 1606; x_wconf 87' lang='lat'><em>‚</em></span> <span class='ocrx_word' id='word_1_184' title='bbox 782 1577 805 1612; x_wconf 65' lang='grc'>»(3</span> <span class='ocrx_word' id='word_1_185' title='bbox 825 1574 928 1608; x_wconf 74' lang='grc' dir='ltr'>ἂγνωςυν</span> <span class='ocrx_word' id='word_1_186' title='bbox 942 1594 949 1605; x_wconf 75' lang='lat'><em>‚</em></span> 
     </span>
     <span class='ocr_line' id='line_1_33' title="bbox 194 1611 952 1653; baseline -0.003 -9"><span class='ocrx_word' id='word_1_187' title='bbox 194 1617 261 1653; x_wconf 60' lang='grc' dir='ltr'>*ι’πὲξ</span> <span class='ocrx_word' id='word_1_188' title='bbox 278 1617 362 1649; x_wconf 59' lang='grc' dir='ltr'>γνῶπν</span> <span class='ocrx_word' id='word_1_189' title='bbox 374 1634 380 1643; x_wconf 91' lang='grc'><em>.</em></span> <span class='ocrx_word' id='word_1_190' title='bbox 406 1616 467 1641; x_wconf 58' lang='lat' dir='ltr'>‘ri-m</span> <span class='ocrx_word' id='word_1_191' title='bbox 481 1612 550 1650; x_wconf 56' lang='grc' dir='ltr'><em>μένον</em></span> <span class='ocrx_word' id='word_1_192' title='bbox 566 1611 641 1641; x_wconf 59' lang='lat' dir='ltr'>dua-3-</span> <span class='ocrx_word' id='word_1_193' title='bbox 656 1612 807 1648; x_wconf 53' lang='grc' dir='ltr'>ιμ’ᾧὶληπτυν</span> <span class='ocrx_word' id='word_1_194' title='bbox 824 1616 837 1645; x_wconf 75' lang='lat' dir='ltr'>n&#39;</span> <span class='ocrx_word' id='word_1_195' title='bbox 854 1613 952 1649; x_wconf 59' lang='lat' dir='ltr'>oindffl&#39;oe</span> 
     </span>
     <span class='ocr_line' id='line_1_34' title="bbox 194 1652 951 1698; baseline 0.005 -12"><span class='ocrx_word' id='word_1_196' title='bbox 194 1658 218 1694; x_wconf 64' lang='grc' dir='ltr'>ος</span> <span class='ocrx_word' id='word_1_197' title='bbox 234 1657 245 1686; x_wconf 77' lang='lat'>»5</span> <span class='ocrx_word' id='word_1_198' title='bbox 263 1653 425 1690; x_wconf 43' lang='grc' dir='ltr'>οίηςῑῶιληψίκ</span> <span class='ocrx_word' id='word_1_199' title='bbox 434 1653 638 1698; x_wconf 79' lang='lat' dir='ltr'>Damascenus</span> <span class='ocrx_word' id='word_1_200' title='bbox 649 1652 688 1688; x_wconf 90' lang='lat' dir='ltr'>de</span> <span class='ocrx_word' id='word_1_201' title='bbox 701 1653 880 1691; x_wconf 69' lang='lat' dir='ltr'>orthodoxa</span> <span class='ocrx_word' id='word_1_202' title='bbox 891 1653 951 1690; x_wconf 88' lang='lat' dir='ltr'>fide</span> 
     </span>
     <span class='ocr_line' id='line_1_35' title="bbox 193 1695 408 1742; baseline -0.005 -13"><span class='ocrx_word' id='word_1_203' title='bbox 193 1695 248 1729; x_wconf 75' lang='lat' dir='ltr'>lib.</span> <span class='ocrx_word' id='word_1_204' title='bbox 257 1707 279 1729; x_wconf 91' lang='lat'>1.</span> <span class='ocrx_word' id='word_1_205' title='bbox 300 1707 364 1742; x_wconf 87' lang='lat' dir='ltr'>cap.</span> <span class='ocrx_word' id='word_1_206' title='bbox 374 1708 408 1740; x_wconf 84' lang='lat'>4.</span> 
     </span>
    </p>

    <p class='ocr_par' dir='ltr' id='par_1_10' title="bbox 194 1742 954 2288">
     <span class='ocr_line' id='line_1_36' title="bbox 243 1742 951 1781; baseline 0 -1"><span class='ocrx_word' id='word_1_207' title='bbox 243 1745 353 1780; x_wconf 85' lang='lat' dir='ltr'>Mirari</span> <span class='ocrx_word' id='word_1_208' title='bbox 371 1757 436 1778; x_wconf 87' lang='lat' dir='ltr'>non</span> <span class='ocrx_word' id='word_1_209' title='bbox 454 1742 607 1778; x_wconf 79' lang='lat' dir='ltr'>debebam</span> <span class='ocrx_word' id='word_1_210' title='bbox 625 1743 753 1779; x_wconf 82' lang='lat' dir='ltr'>obortas</span> <span class='ocrx_word' id='word_1_211' title='bbox 774 1743 852 1779; x_wconf 91' lang='lat' dir='ltr'>mihi</span> <span class='ocrx_word' id='word_1_212' title='bbox 864 1755 951 1781; x_wconf 90' lang='lat' dir='ltr'>tene-</span> 
     </span>
     <span class='ocr_line' id='line_1_37' title="bbox 194 1791 950 1842; baseline 0.001 -14"><span class='ocrx_word' id='word_1_213' title='bbox 194 1795 264 1828; x_wconf 85' lang='lat' dir='ltr'>bras</span> <span class='ocrx_word' id='word_1_214' title='bbox 280 1795 310 1828; x_wconf 87' lang='lat' dir='ltr'>in</span> <span class='ocrx_word' id='word_1_215' title='bbox 323 1794 495 1841; x_wconf 85' lang='lat' dir='ltr'>argumenti</span> <span class='ocrx_word' id='word_1_216' title='bbox 510 1791 687 1829; x_wconf 85' lang='lat' dir='ltr'>discuffione</span> <span class='ocrx_word' id='word_1_217' title='bbox 699 1819 709 1834; x_wconf 91' lang='lat'>,</span> <span class='ocrx_word' id='word_1_218' title='bbox 730 1794 817 1842; x_wconf 89' lang='lat' dir='ltr'>quod</span> <span class='ocrx_word' id='word_1_219' title='bbox 829 1794 869 1829; x_wconf 74' lang='lat' dir='ltr'>eo</span> <span class='ocrx_word' id='word_1_220' title='bbox 883 1795 950 1830; x_wconf 90' lang='lat' dir='ltr'>alti-</span> 
     </span>
     <span class='ocr_line' id='line_1_38' title="bbox 195 1842 949 1891; baseline 0.001 -13"><span class='ocrx_word' id='word_1_221' title='bbox 195 1844 308 1878; x_wconf 85' lang='lat' dir='ltr'>tudinis</span> <span class='ocrx_word' id='word_1_222' title='bbox 322 1843 455 1879; x_wconf 65' lang='lat' dir='ltr'>volaffet‚</span> <span class='ocrx_word' id='word_1_223' title='bbox 468 1844 533 1891; x_wconf 75' lang='lat' dir='ltr'>quo</span> <span class='ocrx_word' id='word_1_224' title='bbox 546 1842 671 1878; x_wconf 85' lang='lat' dir='ltr'>humani</span> <span class='ocrx_word' id='word_1_225' title='bbox 685 1845 765 1878; x_wconf 86' lang='lat' dir='ltr'>acies</span> <span class='ocrx_word' id='word_1_226' title='bbox 778 1845 874 1885; x_wconf 92' lang='lat' dir='ltr'>oculi,</span> <span class='ocrx_word' id='word_1_227' title='bbox 886 1842 949 1879; x_wconf 88' lang='lat' dir='ltr'>abs-</span> 
     </span>
     <span class='ocr_line' id='line_1_39' title="bbox 197 1891 950 1943; baseline 0.004 -17"><span class='ocrx_word' id='word_1_228' title='bbox 197 1906 258 1941; x_wconf 85' lang='lat' dir='ltr'>que</span> <span class='ocrx_word' id='word_1_229' title='bbox 271 1894 454 1941; x_wconf 84' lang='lat' dir='ltr'>caligatione</span> <span class='ocrx_word' id='word_1_230' title='bbox 464 1917 471 1929; x_wconf 84' lang='lat'>,</span> <span class='ocrx_word' id='word_1_231' title='bbox 485 1891 624 1940; x_wconf 86' lang='lat' dir='ltr'>persequi</span> <span class='ocrx_word' id='word_1_232' title='bbox 637 1906 702 1927; x_wconf 93' lang='lat' dir='ltr'>non</span> <span class='ocrx_word' id='word_1_233' title='bbox 710 1894 788 1928; x_wconf 86' lang='lat' dir='ltr'>valet</span> <span class='ocrx_word' id='word_1_234' title='bbox 800 1908 809 1935; x_wconf 92' lang='lat'>;</span> <span class='ocrx_word' id='word_1_235' title='bbox 821 1895 852 1928; x_wconf 90' lang='lat' dir='ltr'>in</span> <span class='ocrx_word' id='word_1_236' title='bbox 863 1907 950 1943; x_wconf 86' lang='lat' dir='ltr'>argu-</span> 
     </span>
     <span class='ocr_line' id='line_1_40' title="bbox 196 1940 951 1990; baseline 0.003 -13"><span class='ocrx_word' id='word_1_237' title='bbox 196 1955 305 1977; x_wconf 88' lang='lat' dir='ltr'>mento</span> <span class='ocrx_word' id='word_1_238' title='bbox 319 1943 405 1989; x_wconf 87' lang='lat' dir='ltr'>quod</span> <span class='ocrx_word' id='word_1_239' title='bbox 418 1942 506 1989; x_wconf 72' lang='lat' dir='ltr'>plene</span> <span class='ocrx_word' id='word_1_240' title='bbox 519 1940 626 1976; x_wconf 84' lang='lat' dir='ltr'>discuti</span> <span class='ocrx_word' id='word_1_241' title='bbox 640 1956 704 1977; x_wconf 91' lang='lat' dir='ltr'>non</span> <span class='ocrx_word' id='word_1_242' title='bbox 717 1942 818 1990; x_wconf 89' lang='lat' dir='ltr'>potest</span> <span class='ocrx_word' id='word_1_243' title='bbox 828 1943 888 1979; x_wconf 80' lang='lat' dir='ltr'>line</span> <span class='ocrx_word' id='word_1_244' title='bbox 899 1957 951 1979; x_wconf 89' lang='lat' dir='ltr'>ve-</span> 
     </span>
     <span class='ocr_line' id='line_1_41' title="bbox 197 1990 949 2039; baseline 0.001 -12"><span class='ocrx_word' id='word_1_245' title='bbox 197 1994 253 2027; x_wconf 72' lang='lat' dir='ltr'>tita</span> <span class='ocrx_word' id='word_1_246' title='bbox 266 1993 434 2039; x_wconf 80' lang='lat' dir='ltr'>irruptione</span> <span class='ocrx_word' id='word_1_247' title='bbox 448 1993 476 2025; x_wconf 86' lang='lat' dir='ltr'>in</span> <span class='ocrx_word' id='word_1_248' title='bbox 491 1990 627 2026; x_wconf 67' lang='lat' dir='ltr'>sanetum</span> <span class='ocrx_word' id='word_1_249' title='bbox 639 2004 780 2027; x_wconf 89' lang='lat' dir='ltr'>montem</span> <span class='ocrx_word' id='word_1_250' title='bbox 794 1994 876 2034; x_wconf 91' lang='lat' dir='ltr'>Dei,</span> <span class='ocrx_word' id='word_1_251' title='bbox 890 1992 949 2028; x_wconf 90' lang='lat' dir='ltr'>abs-</span> 
     </span>
     <span class='ocr_line' id='line_1_42' title="bbox 198 2039 952 2090; baseline 0.008 -17"><span class='ocrx_word' id='word_1_252' title='bbox 198 2055 259 2090; x_wconf 78' lang='lat' dir='ltr'>que</span> <span class='ocrx_word' id='word_1_253' title='bbox 278 2039 507 2088; x_wconf 60' lang='lat' dir='ltr'>transgressione</span> <span class='ocrx_word' id='word_1_254' title='bbox 527 2041 659 2075; x_wconf 89' lang='lat' dir='ltr'>limitum</span> <span class='ocrx_word' id='word_1_255' title='bbox 677 2044 874 2089; x_wconf 89' lang='lat' dir='ltr'>antiquorum</span> <span class='ocrx_word' id='word_1_256' title='bbox 886 2068 895 2084; x_wconf 95' lang='lat'>,</span> <span class='ocrx_word' id='word_1_257' title='bbox 921 2048 952 2079; x_wconf 88' lang='lat'>&amp;</span> 
     </span>
     <span class='ocr_line' id='line_1_43' title="bbox 198 2090 954 2139; baseline 0.003 -14"><span class='ocrx_word' id='word_1_258' title='bbox 198 2092 376 2125; x_wconf 84' lang='lat' dir='ltr'>remotione</span> <span class='ocrx_word' id='word_1_259' title='bbox 394 2091 598 2124; x_wconf 88' lang='lat' dir='ltr'>terminorum</span> <span class='ocrx_word' id='word_1_260' title='bbox 617 2090 727 2128; x_wconf 87' lang='lat' dir='ltr'>seculi,</span> <span class='ocrx_word' id='word_1_261' title='bbox 753 2105 833 2139; x_wconf 90' lang='lat' dir='ltr'>quos</span> <span class='ocrx_word' id='word_1_262' title='bbox 853 2093 954 2127; x_wconf 85' lang='lat' dir='ltr'>divina</span> 
     </span>
     <span class='ocr_line' id='line_1_44' title="bbox 200 2139 951 2190; baseline 0 -15"><span class='ocrx_word' id='word_1_263' title='bbox 200 2153 307 2175; x_wconf 77' lang='lat' dir='ltr'>manus</span> <span class='ocrx_word' id='word_1_264' title='bbox 332 2139 473 2174; x_wconf 82' lang='lat' dir='ltr'>humanae</span> <span class='ocrx_word' id='word_1_265' title='bbox 493 2140 659 2175; x_wconf 76' lang='lat' dir='ltr'>curiositati</span> <span class='ocrx_word' id='word_1_266' title='bbox 682 2144 823 2190; x_wconf 84' lang='lat' dir='ltr'>repagula</span> <span class='ocrx_word' id='word_1_267' title='bbox 843 2142 951 2190; x_wconf 88' lang='lat' dir='ltr'>posuit.</span> 
     </span>
     <span class='ocr_line' id='line_1_45' title="bbox 199 2188 954 2237; baseline 0.004 -13"><span class='ocrx_word' id='word_1_268' title='bbox 199 2193 350 2224; x_wconf 77' lang='lat' dir='ltr'>Vetantur</span> <span class='ocrx_word' id='word_1_269' title='bbox 369 2191 513 2223; x_wconf 79' lang='lat' dir='ltr'>mortales</span> <span class='ocrx_word' id='word_1_270' title='bbox 531 2191 630 2223; x_wconf 87' lang='lat' dir='ltr'>nimio</span> <span class='ocrx_word' id='word_1_271' title='bbox 650 2188 795 2226; x_wconf 92' lang='lat' dir='ltr'>scrutinio</span> <span class='ocrx_word' id='word_1_272' title='bbox 817 2192 954 2237; x_wconf 82' lang='lat' dir='ltr'>majesta-</span> 
     </span>
     <span class='ocr_line' id='line_1_46' title="bbox 201 2238 934 2288; baseline 0.004 -15"><span class='ocrx_word' id='word_1_273' title='bbox 201 2250 263 2274; x_wconf 86' lang='lat' dir='ltr'>tem</span> <span class='ocrx_word' id='word_1_274' title='bbox 279 2238 455 2286; x_wconf 75' lang='lat' dir='ltr'>investigare</span> <span class='ocrx_word' id='word_1_275' title='bbox 467 2263 476 2278; x_wconf 92' lang='lat'><em>‚</em></span> <span class='ocrx_word' id='word_1_276' title='bbox 488 2251 526 2272; x_wconf 89' lang='lat' dir='ltr'>ue</span> <span class='ocrx_word' id='word_1_277' title='bbox 539 2240 640 2286; x_wconf 69' lang='lat' dir='ltr'>gloria</span> <span class='ocrx_word' id='word_1_278' title='bbox 655 2241 786 2286; x_wconf 84' lang='lat' dir='ltr'>oppreffi</span> <span class='ocrx_word' id='word_1_279' title='bbox 799 2254 934 2288; x_wconf 84' lang='lat' dir='ltr'>pereant.</span> 
     </span>
    </p>

    <p class='ocr_par' dir='ltr' id='par_1_11' title="bbox 202 2285 962 3011">
     <span class='ocr_line' id='line_1_47' title="bbox 249 2285 956 2323; baseline 0.003 -2"><span class='ocrx_word' id='word_1_280' title='bbox 249 2290 373 2321; x_wconf 86' lang='lat' dir='ltr'>Summa</span> <span class='ocrx_word' id='word_1_281' title='bbox 392 2289 456 2322; x_wconf 86' lang='lat' dir='ltr'>haec</span> <span class='ocrx_word' id='word_1_282' title='bbox 470 2289 603 2321; x_wconf 85' lang='lat' dir='ltr'>materiae</span> <span class='ocrx_word' id='word_1_283' title='bbox 618 2285 785 2323; x_wconf 83' lang='lat' dir='ltr'>sublimitas</span> <span class='ocrx_word' id='word_1_284' title='bbox 806 2288 956 2323; x_wconf 81' lang='lat' dir='ltr'>solabatur</span> 
     </span>
     <span class='ocr_line' id='line_1_48' title="bbox 202 2335 957 2382; baseline 0.004 -13"><span class='ocrx_word' id='word_1_285' title='bbox 202 2337 289 2371; x_wconf 69' lang='lat' dir='ltr'>anxie</span> <span class='ocrx_word' id='word_1_286' title='bbox 303 2336 492 2369; x_wconf 86' lang='lat' dir='ltr'>laborantem</span> <span class='ocrx_word' id='word_1_287' title='bbox 509 2336 545 2368; x_wconf 92' lang='lat' dir='ltr'>de</span> <span class='ocrx_word' id='word_1_288' title='bbox 560 2335 708 2368; x_wconf 88' lang='lat' dir='ltr'>solvendo</span> <span class='ocrx_word' id='word_1_289' title='bbox 720 2335 912 2382; x_wconf 87' lang='lat' dir='ltr'>sophismate,</span> <span class='ocrx_word' id='word_1_290' title='bbox 921 2338 957 2371; x_wconf 83' lang='lat' dir='ltr'>{i-</span> 
     </span>
     <span class='ocr_line' id='line_1_49' title="bbox 202 2383 961 2431; baseline 0 -12"><span class='ocrx_word' id='word_1_291' title='bbox 202 2386 329 2431; x_wconf 81' lang='lat' dir='ltr'>mulque</span> <span class='ocrx_word' id='word_1_292' title='bbox 342 2385 531 2431; x_wconf 79' lang='lat' dir='ltr'>diligentiam</span> <span class='ocrx_word' id='word_1_293' title='bbox 543 2383 723 2423; x_wconf 80' lang='lat' dir='ltr'>exacuebat,</span> <span class='ocrx_word' id='word_1_294' title='bbox 738 2396 802 2418; x_wconf 93' lang='lat' dir='ltr'>non</span> <span class='ocrx_word' id='word_1_295' title='bbox 810 2384 961 2420; x_wconf 88' lang='lat' dir='ltr'>utobscu-</span> 
     </span>
     <span class='ocr_line' id='line_1_50' title="bbox 203 2433 961 2482; baseline 0.001 -14"><span class='ocrx_word' id='word_1_296' title='bbox 203 2447 239 2468; x_wconf 88' lang='lat' dir='ltr'>ro</span> <span class='ocrx_word' id='word_1_297' title='bbox 253 2438 284 2468; x_wconf 70' lang='grc' dir='ltr'>δι’</span> <span class='ocrx_word' id='word_1_298' title='bbox 297 2435 473 2468; x_wconf 76' lang='lat' dir='ltr'>caecuticnte</span> <span class='ocrx_word' id='word_1_299' title='bbox 493 2433 608 2467; x_wconf 89' lang='lat' dir='ltr'>lumine</span> <span class='ocrx_word' id='word_1_300' title='bbox 634 2433 782 2468; x_wconf 86' lang='lat' dir='ltr'>irruerem</span> <span class='ocrx_word' id='word_1_301' title='bbox 801 2434 961 2482; x_wconf 87' lang='lat' dir='ltr'>investiga-</span> 
     </span>
     <span class='ocr_line' id='line_1_51' title="bbox 203 2480 960 2530; baseline 0.001 -12"><span class='ocrx_word' id='word_1_302' title='bbox 203 2495 290 2518; x_wconf 84' lang='lat' dir='ltr'>turus</span> <span class='ocrx_word' id='word_1_303' title='bbox 308 2481 597 2530; x_wconf 80' lang='lat' dir='ltr'>imperscrutabilem</span> <span class='ocrx_word' id='word_1_304' title='bbox 609 2505 617 2518; x_wconf 84' lang='lat'>,</span> <span class='ocrx_word' id='word_1_305' title='bbox 639 2480 687 2516; x_wconf 85' lang='lat' dir='ltr'>sed</span> <span class='ocrx_word' id='word_1_306' title='bbox 701 2493 734 2517; x_wconf 92' lang='lat' dir='ltr'>ut</span> <span class='ocrx_word' id='word_1_307' title='bbox 748 2484 783 2517; x_wconf 91' lang='lat' dir='ltr'>iis</span> <span class='ocrx_word' id='word_1_308' title='bbox 797 2483 960 2519; x_wconf 83' lang='lat' dir='ltr'>illustratus</span> 
     </span>
     <span class='ocr_line' id='line_1_52' title="bbox 205 2530 960 2580; baseline 0.003 -14"><span class='ocrx_word' id='word_1_309' title='bbox 205 2533 294 2566; x_wconf 86' lang='lat' dir='ltr'>radiis</span> <span class='ocrx_word' id='word_1_310' title='bbox 305 2557 313 2571; x_wconf 87' lang='lat'>,</span> <span class='ocrx_word' id='word_1_311' title='bbox 328 2545 408 2580; x_wconf 88' lang='lat' dir='ltr'>quos</span> <span class='ocrx_word' id='word_1_312' title='bbox 420 2531 538 2566; x_wconf 80' lang='lat' dir='ltr'>infinita</span> <span class='ocrx_word' id='word_1_313' title='bbox 549 2532 598 2565; x_wconf 80' lang='lat' dir='ltr'>lux</span> <span class='ocrx_word' id='word_1_314' title='bbox 612 2544 646 2565; x_wconf 88' lang='lat' dir='ltr'>ex</span> <span class='ocrx_word' id='word_1_315' title='bbox 660 2530 713 2566; x_wconf 91' lang='lat' dir='ltr'>suo</span> <span class='ocrx_word' id='word_1_316' title='bbox 726 2532 876 2567; x_wconf 85' lang='lat' dir='ltr'>inaccesso</span> <span class='ocrx_word' id='word_1_317' title='bbox 890 2530 960 2568; x_wconf 92' lang='lat' dir='ltr'>fon-</span> 
     </span>
     <span class='ocr_line' id='line_1_53' title="bbox 205 2580 961 2630; baseline 0.004 -14"><span class='ocrx_word' id='word_1_318' title='bbox 205 2594 236 2617; x_wconf 91' lang='lat' dir='ltr'>te</span> <span class='ocrx_word' id='word_1_319' title='bbox 249 2581 372 2622; x_wconf 79' lang='lat' dir='ltr'>effudit,</span> <span class='ocrx_word' id='word_1_320' title='bbox 392 2584 438 2616; x_wconf 88' lang='lat' dir='ltr'>vel</span> <span class='ocrx_word' id='word_1_321' title='bbox 452 2583 483 2615; x_wconf 90' lang='lat' dir='ltr'>in</span> <span class='ocrx_word' id='word_1_322' title='bbox 496 2580 684 2629; x_wconf 88' lang='lat' dir='ltr'>superiorem</span> <span class='ocrx_word' id='word_1_323' title='bbox 701 2584 730 2617; x_wconf 83' lang='lat' dir='ltr'>S.</span> <span class='ocrx_word' id='word_1_324' title='bbox 742 2583 902 2630; x_wconf 88' lang='lat' dir='ltr'>Scripturae</span> <span class='ocrx_word' id='word_1_325' title='bbox 916 2596 961 2619; x_wconf 92' lang='lat' dir='ltr'>re-</span> 
     </span>
     <span class='ocr_line' id='line_1_54' title="bbox 206 2630 961 2679; baseline 0.003 -14"><span class='ocrx_word' id='word_1_326' title='bbox 206 2632 334 2679; x_wconf 87' lang='lat' dir='ltr'>gionem</span> <span class='ocrx_word' id='word_1_327' title='bbox 353 2632 388 2666; x_wconf 89' lang='lat' dir='ltr'>ad</span> <span class='ocrx_word' id='word_1_328' title='bbox 407 2632 596 2679; x_wconf 81' lang='lat' dir='ltr'>dirigendam</span> <span class='ocrx_word' id='word_1_329' title='bbox 614 2630 707 2665; x_wconf 84' lang='lat' dir='ltr'>fidem</span> <span class='ocrx_word' id='word_1_330' title='bbox 721 2656 730 2671; x_wconf 89' lang='lat'>‚</span> <span class='ocrx_word' id='word_1_331' title='bbox 753 2632 826 2666; x_wconf 89' lang='lat' dir='ltr'>dum</span> <span class='ocrx_word' id='word_1_332' title='bbox 844 2632 961 2670; x_wconf 84' lang='lat' dir='ltr'>visione</span> 
     </span>
     <span class='ocr_line' id='line_1_55' title="bbox 206 2678 961 2722; baseline 0.004 -7"><span class='ocrx_word' id='word_1_333' title='bbox 206 2682 266 2716; x_wconf 90' lang='lat' dir='ltr'>frui</span> <span class='ocrx_word' id='word_1_334' title='bbox 280 2694 344 2715; x_wconf 90' lang='lat' dir='ltr'>non</span> <span class='ocrx_word' id='word_1_335' title='bbox 358 2681 462 2722; x_wconf 82' lang='lat' dir='ltr'>datur3</span> <span class='ocrx_word' id='word_1_336' title='bbox 476 2682 521 2715; x_wconf 89' lang='lat' dir='ltr'>vel</span> <span class='ocrx_word' id='word_1_337' title='bbox 534 2682 564 2715; x_wconf 90' lang='lat' dir='ltr'>in</span> <span class='ocrx_word' id='word_1_338' title='bbox 585 2678 764 2716; x_wconf 82' lang='lat' dir='ltr'>inferiorem</span> <span class='ocrx_word' id='word_1_339' title='bbox 777 2692 904 2722; x_wconf 84' lang='lat' dir='ltr'>naturae,</span> <span class='ocrx_word' id='word_1_340' title='bbox 928 2685 961 2719; x_wconf 90' lang='lat' dir='ltr'>in</span> 
     </span>
     <span class='ocr_line' id='line_1_56' title="bbox 205 2730 960 2778; baseline 0.004 -13"><span class='ocrx_word' id='word_1_341' title='bbox 205 2731 297 2765; x_wconf 59' lang='grc' dir='ltr'>τςᾶκ</span> <span class='ocrx_word' id='word_1_342' title='bbox 311 2730 437 2764; x_wconf 84' lang='lat' dir='ltr'>rationis</span> <span class='ocrx_word' id='word_1_343' title='bbox 457 2731 609 2778; x_wconf 84' lang='lat' dir='ltr'>reliquiis3</span> <span class='ocrx_word' id='word_1_344' title='bbox 631 2743 760 2765; x_wconf 89' lang='lat' dir='ltr'>conarer</span> <span class='ocrx_word' id='word_1_345' title='bbox 772 2733 936 2768; x_wconf 84' lang='lat' dir='ltr'>retundere</span> <span class='ocrx_word' id='word_1_346' title='bbox 950 2759 960 2774; x_wconf 94' lang='lat'>‚</span> 
     </span>
     <span class='ocr_line' id='line_1_57' title="bbox 206 2778 959 2826; baseline -0.001 -13"><span class='ocrx_word' id='word_1_347' title='bbox 206 2785 237 2816; x_wconf 73' lang='grc' dir='ltr'>δι</span> <span class='ocrx_word' id='word_1_348' title='bbox 252 2781 364 2814; x_wconf 90' lang='lat' dir='ltr'>erroris</span> <span class='ocrx_word' id='word_1_349' title='bbox 379 2805 388 2820; x_wconf 87' lang='lat'>‚</span> <span class='ocrx_word' id='word_1_350' title='bbox 409 2778 629 2826; x_wconf 81' lang='lat' dir='ltr'>crassarumque</span> <span class='ocrx_word' id='word_1_351' title='bbox 642 2780 840 2816; x_wconf 85' lang='lat' dir='ltr'>tenebrarum</span> <span class='ocrx_word' id='word_1_352' title='bbox 852 2785 959 2819; x_wconf 74' lang='lat' dir='ltr'>convi-</span> 
     </span>
     <span class='ocr_line' id='line_1_58' title="bbox 206 2829 961 2875; baseline 0.003 -11"><span class='ocrx_word' id='word_1_353' title='bbox 206 2831 270 2864; x_wconf 71' lang='lat' dir='ltr'>&amp;as</span> <span class='ocrx_word' id='word_1_354' title='bbox 283 2830 352 2863; x_wconf 88' lang='lat' dir='ltr'>dare</span> <span class='ocrx_word' id='word_1_355' title='bbox 366 2842 459 2863; x_wconf 84' lang='lat' dir='ltr'>novas</span> <span class='ocrx_word' id='word_1_356' title='bbox 473 2833 503 2863; x_wconf 86' lang='lat'>&amp;</span> <span class='ocrx_word' id='word_1_357' title='bbox 516 2829 641 2862; x_wconf 85' lang='lat' dir='ltr'>audaces</span> <span class='ocrx_word' id='word_1_358' title='bbox 660 2841 753 2875; x_wconf 78' lang='lat' dir='ltr'>nugas</span> <span class='ocrx_word' id='word_1_359' title='bbox 774 2830 836 2875; x_wconf 85' lang='lat' dir='ltr'>(de</span> <span class='ocrx_word' id='word_1_360' title='bbox 849 2831 961 2868; x_wconf 85' lang='lat' dir='ltr'>mixtu-</span> 
     </span>
     <span class='ocr_line' id='line_1_59' title="bbox 206 2878 956 2926; baseline -0.003 -13"><span class='ocrx_word' id='word_1_361' title='bbox 206 2880 257 2918; x_wconf 62' lang='lat' dir='ltr'>ra,</span> <span class='ocrx_word' id='word_1_362' title='bbox 270 2878 517 2926; x_wconf 80' lang='lat' dir='ltr'>compositione,</span> <span class='ocrx_word' id='word_1_363' title='bbox 532 2882 562 2913; x_wconf 88' lang='lat'>&amp;</span> <span class='ocrx_word' id='word_1_364' title='bbox 577 2878 809 2924; x_wconf 82' lang='lat' dir='ltr'>accidentibus)</span> <span class='ocrx_word' id='word_1_365' title='bbox 825 2892 900 2925; x_wconf 89' lang='lat' dir='ltr'>quas</span> <span class='ocrx_word' id='word_1_366' title='bbox 908 2894 956 2915; x_wconf 84' lang='lat' dir='ltr'>au.</span> 
     </span>
     <span class='ocr_line' id='line_1_60' title="bbox 207 2926 962 2974; baseline 0.004 -14"><span class='ocrx_word' id='word_1_367' title='bbox 207 2928 237 2962; x_wconf 90' lang='lat' dir='ltr'>su</span> <span class='ocrx_word' id='word_1_368' title='bbox 256 2926 389 2974; x_wconf 87' lang='lat' dir='ltr'>profano</span> <span class='ocrx_word' id='word_1_369' title='bbox 409 2927 531 2971; x_wconf 80' lang='lat' dir='ltr'>Vorstius</span> <span class='ocrx_word' id='word_1_370' title='bbox 557 2928 718 2963; x_wconf 85' lang='lat' dir='ltr'>Creatoris</span> <span class='ocrx_word' id='word_1_371' title='bbox 736 2927 884 2974; x_wconf 86' lang='lat' dir='ltr'>majestati</span> <span class='ocrx_word' id='word_1_372' title='bbox 903 2932 962 2966; x_wconf 89' lang='lat' dir='ltr'>ob-</span> 
     </span>
     <span class='ocr_line' id='line_1_61' title="bbox 206 2977 530 3011; baseline -0.009 0"><span class='ocrx_word' id='word_1_373' title='bbox 206 2977 327 3011; x_wconf 82' lang='lat' dir='ltr'>trudere</span> <span class='ocrx_word' id='word_1_374' title='bbox 340 2977 464 3011; x_wconf 87' lang='lat' dir='ltr'>molitus</span> <span class='ocrx_word' id='word_1_375' title='bbox 477 2977 530 3011; x_wconf 88' lang='lat' dir='ltr'>est.</span> 
     </span>
    </p>

    <p class='ocr_par' dir='ltr' id='par_1_12' title="bbox 206 3025 962 3221">
     <span class='ocr_line' id='line_1_62' title="bbox 256 3025 961 3076; baseline 0.007 -19"><span class='ocrx_word' id='word_1_376' title='bbox 256 3029 442 3074; x_wconf 80' lang='lat' dir='ltr'>Qanqnam</span> <span class='ocrx_word' id='word_1_377' title='bbox 457 3037 558 3060; x_wconf 88' lang='lat' dir='ltr'>autem</span> <span class='ocrx_word' id='word_1_378' title='bbox 574 3025 628 3060; x_wconf 88' lang='lat' dir='ltr'>ista</span> <span class='ocrx_word' id='word_1_379' title='bbox 636 3026 782 3074; x_wconf 83' lang='lat' dir='ltr'>perficere</span> <span class='ocrx_word' id='word_1_380' title='bbox 796 3039 888 3076; x_wconf 83' lang='lat' dir='ltr'>caepta</span> <span class='ocrx_word' id='word_1_381' title='bbox 897 3040 961 3062; x_wconf 90' lang='lat' dir='ltr'>non</span> 
     </span>
     <span class='ocr_line' id='line_1_63' title="bbox 206 3074 961 3113; baseline 0.005 -6"><span class='ocrx_word' id='word_1_382' title='bbox 206 3074 376 3113; x_wconf 75' lang='lat' dir='ltr'>valuissem,</span> <span class='ocrx_word' id='word_1_383' title='bbox 393 3074 535 3108; x_wconf 82' lang='lat' dir='ltr'>statutum</span> <span class='ocrx_word' id='word_1_384' title='bbox 549 3086 651 3109; x_wconf 88' lang='lat' dir='ltr'>tamen</span> <span class='ocrx_word' id='word_1_385' title='bbox 666 3088 727 3110; x_wconf 85' lang='lat' dir='ltr'>erat</span> <span class='ocrx_word' id='word_1_386' title='bbox 735 3077 887 3111; x_wconf 88' lang='lat' dir='ltr'>adhaerere</span> <span class='ocrx_word' id='word_1_387' title='bbox 896 3074 961 3111; x_wconf 88' lang='lat' dir='ltr'>sen-</span> 
     </span>
     <span class='ocr_line' id='line_1_64' title="bbox 207 3123 962 3171; baseline 0.004 -13"><span class='ocrx_word' id='word_1_388' title='bbox 207 3126 310 3158; x_wconf 78' lang='lat' dir='ltr'>tcntiae</span> <span class='ocrx_word' id='word_1_389' title='bbox 331 3123 511 3171; x_wconf 46' lang='lat' dir='ltr'>&amp;agustini</span> <span class='ocrx_word' id='word_1_390' title='bbox 528 3125 561 3156; x_wconf 92' lang='lat' dir='ltr'>in</span> <span class='ocrx_word' id='word_1_391' title='bbox 580 3125 690 3159; x_wconf 87' lang='lat' dir='ltr'>eodem</span> <span class='ocrx_word' id='word_1_392' title='bbox 711 3125 774 3160; x_wconf 89' lang='lat' dir='ltr'>hoc</span> <span class='ocrx_word' id='word_1_393' title='bbox 793 3127 838 3161; x_wconf 89' lang='lat' dir='ltr'>vel</span> <span class='ocrx_word' id='word_1_394' title='bbox 853 3127 962 3161; x_wconf 84' lang='lat' dir='ltr'>admo-</span> 
     </span>
     <span class='ocr_line' id='line_1_65' title="bbox 207 3170 960 3221; baseline 0.005 -15"><span class='ocrx_word' id='word_1_395' title='bbox 207 3198 228 3213; x_wconf 89' lang='lat'>„</span> <span class='ocrx_word' id='word_1_396' title='bbox 256 3174 328 3207; x_wconf 89' lang='lat' dir='ltr'>dum</span> <span class='ocrx_word' id='word_1_397' title='bbox 342 3172 429 3206; x_wconf 78' lang='lat' dir='ltr'>simili</span> <span class='ocrx_word' id='word_1_398' title='bbox 443 3170 586 3210; x_wconf 61' lang='lat' dir='ltr'>versantis</span> <span class='ocrx_word' id='word_1_399' title='bbox 600 3172 791 3220; x_wconf 83' lang='lat' dir='ltr'>sophismate.</span> <span class='ocrx_word' id='word_1_400' title='bbox 814 3178 881 3210; x_wconf 83' lang='lat' dir='ltr'>Has</span> <span class='ocrx_word' id='word_1_401' title='bbox 895 3177 960 3221; x_wconf 84' lang='lat' dir='ltr'>(in-</span> 
     </span>
    </p>
   </div>
   <div class='ocr_carea' id='block_1_9' title="bbox 205 3222 964 3274">
    <p class='ocr_par' dir='ltr' id='par_1_13' title="bbox 205 3222 964 3274">
     <span class='ocr_line' id='line_1_66' title="bbox 205 3222 964 3274; baseline 0.005 -18"><span class='ocrx_word' id='word_1_402' title='bbox 205 3248 229 3265; x_wconf 91' lang='lat'><em>„</em></span> <span class='ocrx_word' id='word_1_403' title='bbox 257 3224 339 3272; x_wconf 73' lang='lat' dir='ltr'>quit)</span> <span class='ocrx_word' id='word_1_404' title='bbox 355 3222 825 3274; x_wconf 73' lang='lat' dir='ltr'>argumentationesquibusimpii</span> <span class='ocrx_word' id='word_1_405' title='bbox 836 3225 964 3271; x_wconf 82' lang='lat' dir='ltr'>nostram</span> 
     </span>
    </p>
   </div>
   <div class='ocr_carea' id='block_1_10' title="bbox 957 201 970 1608">
    <p class='ocr_par' dir='ltr' id='par_1_14' title="bbox 957 201 970 1608">
     <span class='ocr_line' id='line_1_67' title="bbox 957 201 970 1608; baseline 0 0"><span class='ocrx_word' id='word_1_406' title='bbox 957 201 970 1608; x_wconf 95' lang='lat' dir='ltr'> </span> 
     </span>
    </p>
   </div>
   <div class='ocr_carea' id='block_1_11' title="bbox 970 1752 985 3259">
    <p class='ocr_par' dir='ltr' id='par_1_15' title="bbox 970 1752 985 3259">
     <span class='ocr_line' id='line_1_68' title="bbox 970 1752 985 3259; baseline 0 0"><span class='ocrx_word' id='word_1_407' title='bbox 970 1752 985 3259; x_wconf 95' lang='lat' dir='ltr'> </span> 
     </span>
    </p>
   </div>
   <div class='ocr_carea' id='block_1_12' title="bbox 1021 123 1736 165">
    <p class='ocr_par' dir='ltr' id='par_1_16' title="bbox 1021 123 1736 165">
     <span class='ocr_line' id='line_1_69' title="bbox 1021 123 1736 165; baseline 0 -2"><span class='ocrx_word' id='word_1_408' title='bbox 1021 123 1395 165; x_wconf 53' lang='lat' dir='ltr'>Securior.</span> <span class='ocrx_word' id='word_1_409' title='bbox 1691 139 1736 164; x_wconf 84' lang='lat' dir='ltr'>ur</span> 
     </span>
    </p>
   </div>
   <div class='ocr_carea' id='block_1_13' title="bbox 973 196 1736 883">
    <p class='ocr_par' dir='ltr' id='par_1_17' title="bbox 973 196 1736 883">
     <span class='ocr_line' id='line_1_70' title="bbox 975 196 1732 244; baseline 0.003 -15"><span class='ocrx_word' id='word_1_410' title='bbox 975 219 998 235; x_wconf 91' lang='lat'>‚,</span> <span class='ocrx_word' id='word_1_411' title='bbox 1014 197 1178 244; x_wconf 71' lang='lat' dir='ltr'>simplicem</span> <span class='ocrx_word' id='word_1_412' title='bbox 1186 199 1327 244; x_wconf 81' lang='lat' dir='ltr'>pietatem</span> <span class='ocrx_word' id='word_1_413' title='bbox 1340 199 1374 231; x_wconf 90' lang='lat' dir='ltr'>de</span> <span class='ocrx_word' id='word_1_414' title='bbox 1385 196 1443 232; x_wconf 54' lang='lat' dir='ltr'>via?</span> <span class='ocrx_word' id='word_1_415' title='bbox 1453 197 1534 232; x_wconf 70' lang='grc' dir='ltr'>νεὲἶιὶ</span> <span class='ocrx_word' id='word_1_416' title='bbox 1545 209 1690 233; x_wconf 75' lang='lat' dir='ltr'>conantur</span> <span class='ocrx_word' id='word_1_417' title='bbox 1695 210 1732 231; x_wconf 83' lang='lat' dir='ltr'>a-</span> 
     </span>
     <span class='ocr_line' id='line_1_71' title="bbox 973 247 1731 297; baseline 0.003 -19"><span class='ocrx_word' id='word_1_418' title='bbox 973 267 997 283; x_wconf 83' lang='lat'>„</span> <span class='ocrx_word' id='word_1_419' title='bbox 1022 255 1139 279; x_wconf 85' lang='lat' dir='ltr'>vertere</span> <span class='ocrx_word' id='word_1_420' title='bbox 1146 270 1156 285; x_wconf 87' lang='lat'>,</span> <span class='ocrx_word' id='word_1_421' title='bbox 1162 247 1193 290; x_wconf 83' lang='lat' dir='ltr'><em>fi</em></span> <span class='ocrx_word' id='word_1_422' title='bbox 1200 249 1278 279; x_wconf 66' lang='lat' dir='ltr'>ratio</span> <span class='ocrx_word' id='word_1_423' title='bbox 1284 247 1417 291; x_wconf 79' lang='lat' dir='ltr'>refutare</span> <span class='ocrx_word' id='word_1_424' title='bbox 1428 261 1484 280; x_wconf 85' lang='lat' dir='ltr'>non</span> <span class='ocrx_word' id='word_1_425' title='bbox 1493 247 1594 297; x_wconf 81' lang='lat' dir='ltr'>potest,</span> <span class='ocrx_word' id='word_1_426' title='bbox 1601 248 1675 293; x_wconf 81' lang='lat' dir='ltr'>fides</span> <span class='ocrx_word' id='word_1_427' title='bbox 1686 250 1731 281; x_wconf 84' lang='lat' dir='ltr'>ir-</span> 
     </span>
     <span class='ocr_line' id='line_1_72' title="bbox 973 294 1731 343; baseline 0.005 -17"><span class='ocrx_word' id='word_1_428' title='bbox 973 316 996 332; x_wconf 87' lang='lat'><strong>„</strong></span> <span class='ocrx_word' id='word_1_429' title='bbox 1022 295 1123 328; x_wconf 82' lang='lat' dir='ltr'>ridere</span> <span class='ocrx_word' id='word_1_430' title='bbox 1133 294 1224 329; x_wconf 83' lang='lat' dir='ltr'>debet.</span> <span class='ocrx_word' id='word_1_431' title='bbox 1238 295 1276 329; x_wconf 90' lang='lat' dir='ltr'>de</span> <span class='ocrx_word' id='word_1_432' title='bbox 1289 297 1404 329; x_wconf 89' lang='lat' dir='ltr'>Trinit.</span> <span class='ocrx_word' id='word_1_433' title='bbox 1413 297 1466 330; x_wconf 89' lang='lat' dir='ltr'>lib.</span> <span class='ocrx_word' id='word_1_434' title='bbox 1474 310 1506 343; x_wconf 84' lang='lat'>4.</span> <span class='ocrx_word' id='word_1_435' title='bbox 1520 295 1666 332; x_wconf 69' lang='lat' dir='ltr'>Omnino</span> <span class='ocrx_word' id='word_1_436' title='bbox 1673 309 1731 330; x_wconf 89' lang='lat' dir='ltr'>ne-</span> 
     </span>
     <span class='ocr_line' id='line_1_73' title="bbox 976 342 1731 380; baseline 0.007 -6"><span class='ocrx_word' id='word_1_437' title='bbox 976 342 1113 376; x_wconf 76' lang='lat' dir='ltr'>cesse-est</span> <span class='ocrx_word' id='word_1_438' title='bbox 1125 343 1208 377; x_wconf 90' lang='lat' dir='ltr'>hunc</span> <span class='ocrx_word' id='word_1_439' title='bbox 1218 345 1355 378; x_wconf 89' lang='lat' dir='ltr'>animum</span> <span class='ocrx_word' id='word_1_440' title='bbox 1368 345 1494 380; x_wconf 89' lang='lat' dir='ltr'>induere</span> <span class='ocrx_word' id='word_1_441' title='bbox 1506 346 1731 379; x_wconf 83' lang='lat' dir='ltr'>contramultas</span> 
     </span>
     <span class='ocr_line' id='line_1_74' title="bbox 976 391 1730 441; baseline 0.008 -19"><span class='ocrx_word' id='word_1_442' title='bbox 976 391 1189 436; x_wconf 88' lang='lat' dir='ltr'>Sophistarum</span> <span class='ocrx_word' id='word_1_443' title='bbox 1206 392 1346 441; x_wconf 88' lang='lat' dir='ltr'>strophas</span> <span class='ocrx_word' id='word_1_444' title='bbox 1357 418 1368 433; x_wconf 85' lang='lat'><em>‚</em></span> <span class='ocrx_word' id='word_1_445' title='bbox 1399 394 1539 440; x_wconf 83' lang='lat' dir='ltr'>inprimis</span> <span class='ocrx_word' id='word_1_446' title='bbox 1559 397 1730 428; x_wconf 78' lang='lat' dir='ltr'>Sociniano-</span> 
     </span>
     <span class='ocr_line' id='line_1_75' title="bbox 976 440 1730 491; baseline 0.008 -19"><span class='ocrx_word' id='word_1_447' title='bbox 976 451 1065 479; x_wconf 82' lang='lat' dir='ltr'>rum,</span> <span class='ocrx_word' id='word_1_448' title='bbox 1087 440 1274 478; x_wconf 64' lang='lat' dir='ltr'>Attacorum,</span> <span class='ocrx_word' id='word_1_449' title='bbox 1295 446 1327 477; x_wconf 91' lang='lat'>&amp;</span> <span class='ocrx_word' id='word_1_450' title='bbox 1340 446 1539 491; x_wconf 80' lang='lat' dir='ltr'>Scepticorum</span> <span class='ocrx_word' id='word_1_451' title='bbox 1552 445 1646 490; x_wconf 84' lang='lat' dir='ltr'>ignita</span> <span class='ocrx_word' id='word_1_452' title='bbox 1661 444 1730 484; x_wconf 89' lang='lat' dir='ltr'>tela,</span> 
     </span>
     <span class='ocr_line' id='line_1_76' title="bbox 976 488 1732 536; baseline 0.007 -14"><span class='ocrx_word' id='word_1_453' title='bbox 976 488 1090 536; x_wconf 84' lang='lat' dir='ltr'>quibus</span> <span class='ocrx_word' id='word_1_454' title='bbox 1100 490 1222 523; x_wconf 87' lang='lat' dir='ltr'>Satanas</span> <span class='ocrx_word' id='word_1_455' title='bbox 1235 492 1341 525; x_wconf 88' lang='lat' dir='ltr'>omnia</span> <span class='ocrx_word' id='word_1_456' title='bbox 1350 490 1621 532; x_wconf 81' lang='lat' dir='ltr'>Christianismi‚&amp;</span> <span class='ocrx_word' id='word_1_457' title='bbox 1629 494 1732 527; x_wconf 88' lang='lat' dir='ltr'>omnis</span> 
     </span>
     <span class='ocr_line' id='line_1_77' title="bbox 977 539 1734 586; baseline 0.004 -13"><span class='ocrx_word' id='word_1_458' title='bbox 977 539 1173 586; x_wconf 78' lang='lat' dir='ltr'>Religionis,</span> <span class='ocrx_word' id='word_1_459' title='bbox 1190 539 1256 572; x_wconf 75' lang='lat' dir='ltr'>imo</span> <span class='ocrx_word' id='word_1_460' title='bbox 1270 541 1344 575; x_wconf 73' lang='lat' dir='ltr'>vero</span> <span class='ocrx_word' id='word_1_461' title='bbox 1357 542 1459 576; x_wconf 84' lang='lat' dir='ltr'>omnis</span> <span class='ocrx_word' id='word_1_462' title='bbox 1473 552 1603 581; x_wconf 74' lang='lat' dir='ltr'>naturae,</span> <span class='ocrx_word' id='word_1_463' title='bbox 1622 546 1653 576; x_wconf 90' lang='lat'>&amp;</span> <span class='ocrx_word' id='word_1_464' title='bbox 1666 541 1734 576; x_wconf 84' lang='lat' dir='ltr'>sen-</span> 
     </span>
     <span class='ocr_line' id='line_1_78' title="bbox 976 585 1733 638; baseline 0.003 -16"><span class='ocrx_word' id='word_1_465' title='bbox 976 585 1061 622; x_wconf 89' lang='lat' dir='ltr'>suum</span> <span class='ocrx_word' id='word_1_466' title='bbox 1073 586 1269 623; x_wconf 86' lang='lat' dir='ltr'>fundamenta</span> <span class='ocrx_word' id='word_1_467' title='bbox 1283 586 1386 636; x_wconf 86' lang='lat' dir='ltr'>satagit</span> <span class='ocrx_word' id='word_1_468' title='bbox 1400 602 1515 625; x_wconf 87' lang='lat' dir='ltr'>eruere.</span> <span class='ocrx_word' id='word_1_469' title='bbox 1541 593 1645 625; x_wconf 84' lang='lat' dir='ltr'>Detur</span> <span class='ocrx_word' id='word_1_470' title='bbox 1657 603 1733 638; x_wconf 86' lang='lat' dir='ltr'>ergo</span> 
     </span>
     <span class='ocr_line' id='line_1_79' title="bbox 975 637 1733 687; baseline 0.004 -16"><span class='ocrx_word' id='word_1_471' title='bbox 975 638 1063 672; x_wconf 86' lang='lat' dir='ltr'>venia</span> <span class='ocrx_word' id='word_1_472' title='bbox 1074 662 1082 674; x_wconf 85' lang='lat'>,</span> <span class='ocrx_word' id='word_1_473' title='bbox 1104 637 1125 672; x_wconf 87' lang='lat' dir='ltr'>si</span> <span class='ocrx_word' id='word_1_474' title='bbox 1143 637 1290 684; x_wconf 73' lang='lat' dir='ltr'>prolixius</span> <span class='ocrx_word' id='word_1_475' title='bbox 1303 639 1461 687; x_wconf 76' lang='lat' dir='ltr'>aliquanto</span> <span class='ocrx_word' id='word_1_476' title='bbox 1475 639 1654 674; x_wconf 90' lang='lat' dir='ltr'>Achilleum</span> <span class='ocrx_word' id='word_1_477' title='bbox 1668 639 1733 674; x_wconf 90' lang='lat' dir='ltr'>hoc</span> 
     </span>
     <span class='ocr_line' id='line_1_80' title="bbox 976 687 1734 735; baseline 0.005 -15"><span class='ocrx_word' id='word_1_478' title='bbox 976 687 1081 731; x_wconf 75' lang='lat' dir='ltr'>Vorstii</span> <span class='ocrx_word' id='word_1_479' title='bbox 1104 698 1319 735; x_wconf 85' lang='lat' dir='ltr'>argumentum</span> <span class='ocrx_word' id='word_1_480' title='bbox 1343 689 1520 735; x_wconf 86' lang='lat' dir='ltr'>expendero</span> <span class='ocrx_word' id='word_1_481' title='bbox 1533 713 1543 729; x_wconf 93' lang='lat'><em>‚</em></span> <span class='ocrx_word' id='word_1_482' title='bbox 1574 702 1644 723; x_wconf 89' lang='lat' dir='ltr'>nam</span> <span class='ocrx_word' id='word_1_483' title='bbox 1662 702 1734 724; x_wconf 83' lang='lat' dir='ltr'>cum</span> 
     </span>
     <span class='ocr_line' id='line_1_81' title="bbox 975 736 1731 786; baseline 0 -14"><span class='ocrx_word' id='word_1_484' title='bbox 975 737 1066 772; x_wconf 88' lang='lat' dir='ltr'>bono</span> <span class='ocrx_word' id='word_1_485' title='bbox 1086 737 1164 771; x_wconf 92' lang='lat' dir='ltr'>Deo</span> <span class='ocrx_word' id='word_1_486' title='bbox 1183 736 1309 784; x_wconf 86' lang='lat' dir='ltr'>singulas</span> <span class='ocrx_word' id='word_1_487' title='bbox 1330 738 1394 782; x_wconf 89' lang='lat' dir='ltr'>ejus</span> <span class='ocrx_word' id='word_1_488' title='bbox 1414 749 1530 786; x_wconf 75' lang='lat' dir='ltr'>parteS,</span> <span class='ocrx_word' id='word_1_489' title='bbox 1549 740 1707 784; x_wconf 86' lang='lat' dir='ltr'>Majorem</span> <span class='ocrx_word' id='word_1_490' title='bbox 1720 763 1731 778; x_wconf 93' lang='lat'><em>‚</em></span> 
     </span>
     <span class='ocr_line' id='line_1_82' title="bbox 975 786 1736 835; baseline 0 -13"><span class='ocrx_word' id='word_1_491' title='bbox 975 786 1153 826; x_wconf 89' lang='lat' dir='ltr'>Minorem,</span> <span class='ocrx_word' id='word_1_492' title='bbox 1169 787 1430 828; x_wconf 76' lang='lat' dir='ltr'>conclusionem,</span> <span class='ocrx_word' id='word_1_493' title='bbox 1444 786 1615 835; x_wconf 86' lang='lat' dir='ltr'>harumque</span> <span class='ocrx_word' id='word_1_494' title='bbox 1623 787 1736 835; x_wconf 91' lang='lat' dir='ltr'>proba-</span> 
     </span>
     <span class='ocr_line' id='line_1_83' title="bbox 975 834 1680 883; baseline 0.001 -13"><span class='ocrx_word' id='word_1_495' title='bbox 975 837 1076 870; x_wconf 89' lang='lat' dir='ltr'>tiones</span> <span class='ocrx_word' id='word_1_496' title='bbox 1091 848 1201 870; x_wconf 86' lang='lat' dir='ltr'>omnes</span> <span class='ocrx_word' id='word_1_497' title='bbox 1214 837 1326 883; x_wconf 85' lang='lat' dir='ltr'>putidae</span> <span class='ocrx_word' id='word_1_498' title='bbox 1339 834 1470 872; x_wconf 88' lang='lat' dir='ltr'>falsitatis</span> <span class='ocrx_word' id='word_1_499' title='bbox 1484 839 1680 874; x_wconf 85' lang='lat' dir='ltr'>convincam.</span> 
     </span>
    </p>
   </div>
   <div class='ocr_carea' id='block_1_14' title="bbox 975 891 1901 1819">
    <p class='ocr_par' dir='ltr' id='par_1_18' title="bbox 1021 891 1855 941">
     <span class='ocr_line' id='line_1_84' title="bbox 1021 891 1855 941; baseline 0.002 -15"><span class='ocrx_word' id='word_1_500' title='bbox 1021 891 1132 926; x_wconf 90' lang='lat' dir='ltr'>Minor</span> <span class='ocrx_word' id='word_1_501' title='bbox 1148 916 1157 929; x_wconf 91' lang='lat'>‚</span> <span class='ocrx_word' id='word_1_502' title='bbox 1184 892 1272 939; x_wconf 72' lang='lat' dir='ltr'>quod</span> <span class='ocrx_word' id='word_1_503' title='bbox 1292 893 1413 927; x_wconf 85' lang='lat' dir='ltr'>decreta</span> <span class='ocrx_word' id='word_1_504' title='bbox 1427 894 1493 928; x_wconf 85' lang='lat' dir='ltr'>Dei</span> <span class='ocrx_word' id='word_1_505' title='bbox 1506 893 1563 928; x_wconf 87' lang='lat' dir='ltr'>sint</span> <span class='ocrx_word' id='word_1_506' title='bbox 1574 893 1687 941; x_wconf 82' lang='lat' dir='ltr'>aliquid</span> <span class='ocrx_word' id='word_1_507' title='bbox 1700 892 1731 926; x_wconf 87' lang='lat' dir='ltr'>in</span> <span class='ocrx_word' id='word_1_508' title='bbox 1745 904 1855 928; x_wconf 71' lang='lat' dir='ltr'>Decreta</span> 
     </span>
    </p>

    <p class='ocr_par' dir='ltr' id='par_1_19' title="bbox 975 940 1901 1819">
     <span class='ocr_line' id='line_1_85' title="bbox 976 940 1900 991; baseline 0.006 -18"><span class='ocrx_word' id='word_1_509' title='bbox 976 940 1071 979; x_wconf 90' lang='lat' dir='ltr'>Deo,</span> <span class='ocrx_word' id='word_1_510' title='bbox 1091 953 1160 975; x_wconf 87' lang='lat' dir='ltr'>vera</span> <span class='ocrx_word' id='word_1_511' title='bbox 1172 954 1240 975; x_wconf 89' lang='lat' dir='ltr'>non</span> <span class='ocrx_word' id='word_1_512' title='bbox 1255 941 1342 979; x_wconf 81' lang='lat' dir='ltr'>esset,</span> <span class='ocrx_word' id='word_1_513' title='bbox 1362 941 1384 976; x_wconf 89' lang='lat' dir='ltr'>fi</span> <span class='ocrx_word' id='word_1_514' title='bbox 1403 941 1514 977; x_wconf 86' lang='lat' dir='ltr'>starent</span> <span class='ocrx_word' id='word_1_515' title='bbox 1529 943 1731 991; x_wconf 87' lang='lat' dir='ltr'>Opponentis</span> <span class='ocrx_word' id='word_1_516' title='bbox 1741 941 1802 978; x_wconf 71' lang='lat'><em>[¹0¹²</em></span> <span class='ocrx_word' id='word_1_517' title='bbox 1825 942 1900 968; x_wconf 53' lang='lat' dir='ltr'>alm*</span> 
     </span>
     <span class='ocr_line' id='line_1_86' title="bbox 975 982 1899 1048; baseline 0.005 -26"><span class='ocrx_word' id='word_1_518' title='bbox 975 990 1138 1037; x_wconf 87' lang='lat' dir='ltr'>principia;</span> <span class='ocrx_word' id='word_1_519' title='bbox 1151 1003 1222 1025; x_wconf 89' lang='lat' dir='ltr'>nam</span> <span class='ocrx_word' id='word_1_520' title='bbox 1235 991 1356 1026; x_wconf 86' lang='lat' dir='ltr'>decreta</span> <span class='ocrx_word' id='word_1_521' title='bbox 1367 992 1450 1032; x_wconf 88' lang='lat' dir='ltr'>Dei,</span> <span class='ocrx_word' id='word_1_522' title='bbox 1463 989 1626 1027; x_wconf 87' lang='lat' dir='ltr'>secundum</span> <span class='ocrx_word' id='word_1_523' title='bbox 1641 1005 1711 1027; x_wconf 89' lang='lat' dir='ltr'>eum</span> <span class='ocrx_word' id='word_1_524' title='bbox 1722 1016 1731 1031; x_wconf 87' lang='lat'>‚</span> <span class='ocrx_word' id='word_1_525' title='bbox 1748 991 1789 1008; x_wconf 81' lang='lat' dir='ltr'>nes</span> <span class='ocrx_word' id='word_1_526' title='bbox 1796 982 1899 1048; x_wconf 56' lang='lat' dir='ltr'>&#39;‘Zd‘n&#39;</span> 
     </span>
     <span class='ocr_line' id='line_1_87' title="bbox 976 1030 1901 1096; baseline 0.003 -23"><span class='ocrx_word' id='word_1_527' title='bbox 976 1039 1116 1073; x_wconf 68' lang='lat' dir='ltr'>actiones</span> <span class='ocrx_word' id='word_1_528' title='bbox 1133 1038 1200 1075; x_wconf 91' lang='lat' dir='ltr'>sunt</span> <span class='ocrx_word' id='word_1_529' title='bbox 1215 1040 1416 1080; x_wconf 80' lang='lat' dir='ltr'>transeuntes,</span> <span class='ocrx_word' id='word_1_530' title='bbox 1429 1053 1520 1089; x_wconf 68' lang='lat' dir='ltr'>⁴ergo</span> <span class='ocrx_word' id='word_1_531' title='bbox 1533 1054 1598 1076; x_wconf 91' lang='lat' dir='ltr'>non</span> <span class='ocrx_word' id='word_1_532' title='bbox 1612 1043 1643 1076; x_wconf 93' lang='lat' dir='ltr'>in</span> <span class='ocrx_word' id='word_1_533' title='bbox 1657 1044 1733 1076; x_wconf 83' lang='lat' dir='ltr'>Deo</span> <span class='ocrx_word' id='word_1_534' title='bbox 1748 1030 1901 1096; x_wconf 27' lang='lat' dir='ltr'>{ZJMZQ</span> 
     </span>
     <span class='ocr_line' id='line_1_88' title="bbox 977 1085 1891 1138; baseline 0.004 -17"><span class='ocrx_word' id='word_1_535' title='bbox 977 1085 1026 1122; x_wconf 86' lang='lat' dir='ltr'>sed</span> <span class='ocrx_word' id='word_1_536' title='bbox 1039 1089 1055 1122; x_wconf 73' lang='lat' dir='ltr'>a</span> <span class='ocrx_word' id='word_1_537' title='bbox 1068 1090 1163 1124; x_wconf 86' lang='lat' dir='ltr'>Deo:</span> <span class='ocrx_word' id='word_1_538' title='bbox 1190 1090 1327 1125; x_wconf 62' lang='lat' dir='ltr'>actionis</span> <span class='ocrx_word' id='word_1_539' title='bbox 1342 1090 1427 1124; x_wconf 90' lang='lat' dir='ltr'>enim</span> <span class='ocrx_word' id='word_1_540' title='bbox 1442 1089 1621 1126; x_wconf 88' lang='lat' dir='ltr'>transeuntis</span> <span class='ocrx_word' id='word_1_541' title='bbox 1634 1090 1733 1135; x_wconf 88' lang='lat' dir='ltr'>subje-</span> <span class='ocrx_word' id='word_1_542' title='bbox 1748 1100 1891 1138; x_wconf 60' lang='lat' dir='ltr'>extrinseca.</span> 
     </span>
     <span class='ocr_line' id='line_1_89' title="bbox 978 1137 1733 1188; baseline 0.004 -17"><span class='ocrx_word' id='word_1_543' title='bbox 978 1138 1063 1171; x_wconf 72' lang='lat' dir='ltr'>Ctum</span> <span class='ocrx_word' id='word_1_544' title='bbox 1076 1137 1120 1171; x_wconf 85' lang='lat' dir='ltr'>&#39;est</span> <span class='ocrx_word' id='word_1_545' title='bbox 1133 1140 1248 1185; x_wconf 90' lang='lat' dir='ltr'>patiens</span> <span class='ocrx_word' id='word_1_546' title='bbox 1259 1152 1326 1173; x_wconf 90' lang='lat' dir='ltr'>non</span> <span class='ocrx_word' id='word_1_547' title='bbox 1338 1151 1431 1188; x_wconf 88' lang='lat' dir='ltr'>agens</span> <span class='ocrx_word' id='word_1_548' title='bbox 1439 1153 1449 1180; x_wconf 93' lang='lat'>;</span> <span class='ocrx_word' id='word_1_549' title='bbox 1465 1138 1515 1174; x_wconf 93' lang='lat' dir='ltr'>sed</span> <span class='ocrx_word' id='word_1_550' title='bbox 1527 1153 1610 1174; x_wconf 83' lang='lat' dir='ltr'>arces</span> <span class='ocrx_word' id='word_1_551' title='bbox 1619 1141 1650 1174; x_wconf 92' lang='lat' dir='ltr'>in</span> <span class='ocrx_word' id='word_1_552' title='bbox 1663 1141 1733 1174; x_wconf 82' lang='lat' dir='ltr'>a&#39;e&#39;re</span> 
     </span>
     <span class='ocr_line' id='line_1_90' title="bbox 978 1186 1736 1236; baseline 0.005 -17"><span class='ocrx_word' id='word_1_553' title='bbox 978 1198 1044 1220; x_wconf 91' lang='lat' dir='ltr'>non</span> <span class='ocrx_word' id='word_1_554' title='bbox 1056 1186 1142 1221; x_wconf 88' lang='lat' dir='ltr'>lubet</span> <span class='ocrx_word' id='word_1_555' title='bbox 1155 1187 1287 1228; x_wconf 89' lang='lat' dir='ltr'>struere,</span> <span class='ocrx_word' id='word_1_556' title='bbox 1302 1201 1360 1223; x_wconf 89' lang='lat' dir='ltr'>nec</span> <span class='ocrx_word' id='word_1_557' title='bbox 1373 1202 1409 1223; x_wconf 89' lang='lat' dir='ltr'>ex</span> <span class='ocrx_word' id='word_1_558' title='bbox 1423 1190 1625 1236; x_wconf 88' lang='lat' dir='ltr'>Opponentis</span> <span class='ocrx_word' id='word_1_559' title='bbox 1637 1199 1736 1223; x_wconf 89' lang='lat' dir='ltr'>terne-</span> 
     </span>
     <span class='ocr_line' id='line_1_91' title="bbox 979 1236 1738 1283; baseline 0.005 -15"><span class='ocrx_word' id='word_1_560' title='bbox 979 1236 1067 1269; x_wconf 89' lang='lat' dir='ltr'>ritate</span> <span class='ocrx_word' id='word_1_561' title='bbox 1078 1246 1197 1283; x_wconf 88' lang='lat' dir='ltr'>captare</span> <span class='ocrx_word' id='word_1_562' title='bbox 1208 1237 1337 1272; x_wconf 89' lang='lat' dir='ltr'>lucrum.</span> <span class='ocrx_word' id='word_1_563' title='bbox 1367 1239 1503 1272; x_wconf 88' lang='lat' dir='ltr'>Decreta</span> <span class='ocrx_word' id='word_1_564' title='bbox 1516 1239 1581 1273; x_wconf 91' lang='lat' dir='ltr'>Dei</span> <span class='ocrx_word' id='word_1_565' title='bbox 1594 1251 1659 1272; x_wconf 92' lang='lat' dir='ltr'>non</span> <span class='ocrx_word' id='word_1_566' title='bbox 1672 1237 1738 1272; x_wconf 89' lang='lat' dir='ltr'>sunt</span> 
     </span>
     <span class='ocr_line' id='line_1_92' title="bbox 980 1285 1736 1326; baseline 0.005 -8"><span class='ocrx_word' id='word_1_567' title='bbox 980 1285 1118 1319; x_wconf 60' lang='lat' dir='ltr'>actiones</span> <span class='ocrx_word' id='word_1_568' title='bbox 1132 1286 1318 1322; x_wconf 88' lang='lat' dir='ltr'>transeuntes</span> <span class='ocrx_word' id='word_1_569' title='bbox 1331 1311 1340 1326; x_wconf 93' lang='lat'>,</span> <span class='ocrx_word' id='word_1_570' title='bbox 1366 1300 1439 1321; x_wconf 89' lang='lat' dir='ltr'>nam</span> <span class='ocrx_word' id='word_1_571' title='bbox 1452 1289 1537 1322; x_wconf 59' lang='lat' dir='ltr'>aetus</span> <span class='ocrx_word' id='word_1_572' title='bbox 1550 1300 1660 1322; x_wconf 89' lang='lat' dir='ltr'>omnes</span> <span class='ocrx_word' id='word_1_573' title='bbox 1673 1298 1736 1322; x_wconf 83' lang='lat' dir='ltr'>tam</span> 
     </span>
     <span class='ocr_line' id='line_1_93' title="bbox 981 1333 1737 1384; baseline 0.003 -17"><span class='ocrx_word' id='word_1_574' title='bbox 981 1333 1172 1375; x_wconf 61' lang='lat' dir='ltr'>intellectus,</span> <span class='ocrx_word' id='word_1_575' title='bbox 1190 1336 1282 1383; x_wconf 65' lang='lat' dir='ltr'>quam</span> <span class='ocrx_word' id='word_1_576' title='bbox 1300 1336 1463 1371; x_wconf 88' lang='lat' dir='ltr'>voluntatis</span> <span class='ocrx_word' id='word_1_577' title='bbox 1482 1338 1622 1377; x_wconf 78' lang='lat' dir='ltr'>Divinae,</span> <span class='ocrx_word' id='word_1_578' title='bbox 1640 1349 1737 1384; x_wconf 90' lang='lat' dir='ltr'>quan-</span> 
     </span>
     <span class='ocr_line' id='line_1_94' title="bbox 982 1384 1737 1432; baseline 0.005 -16"><span class='ocrx_word' id='word_1_579' title='bbox 982 1396 1074 1431; x_wconf 88' lang='lat' dir='ltr'>quam</span> <span class='ocrx_word' id='word_1_580' title='bbox 1086 1396 1144 1432; x_wconf 90' lang='lat' dir='ltr'>pro</span> <span class='ocrx_word' id='word_1_581' title='bbox 1157 1384 1293 1432; x_wconf 65' lang='lat' dir='ltr'>objectis</span> <span class='ocrx_word' id='word_1_582' title='bbox 1307 1397 1457 1420; x_wconf 86' lang='lat' dir='ltr'>creaturas</span> <span class='ocrx_word' id='word_1_583' title='bbox 1470 1398 1553 1420; x_wconf 86' lang='lat' dir='ltr'>extra</span> <span class='ocrx_word' id='word_1_584' title='bbox 1566 1388 1674 1421; x_wconf 88' lang='lat' dir='ltr'>Deum</span> <span class='ocrx_word' id='word_1_585' title='bbox 1681 1386 1737 1420; x_wconf 88' lang='lat' dir='ltr'>ha-</span> 
     </span>
     <span class='ocr_line' id='line_1_95' title="bbox 981 1431 1738 1476; baseline 0.003 -9"><span class='ocrx_word' id='word_1_586' title='bbox 981 1434 1073 1467; x_wconf 87' lang='lat' dir='ltr'>beant</span> <span class='ocrx_word' id='word_1_587' title='bbox 1087 1457 1096 1470; x_wconf 83' lang='lat'>‚</span> <span class='ocrx_word' id='word_1_588' title='bbox 1122 1431 1189 1468; x_wconf 89' lang='lat' dir='ltr'>sunt</span> <span class='ocrx_word' id='word_1_589' title='bbox 1206 1445 1308 1469; x_wconf 88' lang='lat' dir='ltr'>tamen</span> <span class='ocrx_word' id='word_1_590' title='bbox 1327 1436 1414 1469; x_wconf 71' lang='lat' dir='ltr'>aetus</span> <span class='ocrx_word' id='word_1_591' title='bbox 1425 1434 1497 1470; x_wconf 75' lang='lat' dir='ltr'>vere</span> <span class='ocrx_word' id='word_1_592' title='bbox 1511 1437 1738 1476; x_wconf 86' lang='lat' dir='ltr'>immanentes;</span> 
     </span>
     <span class='ocr_line' id='line_1_96' title="bbox 982 1482 1738 1528; baseline 0.001 -10"><span class='ocrx_word' id='word_1_593' title='bbox 982 1485 1083 1518; x_wconf 90' lang='lat' dir='ltr'>Vocat</span> <span class='ocrx_word' id='word_1_594' title='bbox 1102 1482 1229 1528; x_wconf 85' lang='lat' dir='ltr'>Vorstius</span> <span class='ocrx_word' id='word_1_595' title='bbox 1251 1485 1390 1519; x_wconf 67' lang='lat' dir='ltr'>actiones</span> <span class='ocrx_word' id='word_1_596' title='bbox 1408 1485 1570 1520; x_wconf 90' lang='lat' dir='ltr'>tendentes</span> <span class='ocrx_word' id='word_1_597' title='bbox 1583 1485 1620 1520; x_wconf 90' lang='lat' dir='ltr'>ad</span> <span class='ocrx_word' id='word_1_598' title='bbox 1632 1495 1715 1519; x_wconf 83' lang='lat' dir='ltr'>extra</span> <span class='ocrx_word' id='word_1_599' title='bbox 1727 1509 1738 1525; x_wconf 92' lang='lat'><em>‚</em></span> 
     </span>
     <span class='ocr_line' id='line_1_97' title="bbox 983 1533 1739 1582; baseline 0.003 -14"><span class='ocrx_word' id='word_1_600' title='bbox 983 1536 1014 1568; x_wconf 88' lang='lat'>&amp;</span> <span class='ocrx_word' id='word_1_601' title='bbox 1028 1542 1165 1566; x_wconf 83' lang='lat' dir='ltr'>externas</span> <span class='ocrx_word' id='word_1_602' title='bbox 1179 1533 1360 1581; x_wconf 84' lang='lat' dir='ltr'>aliquando,</span> <span class='ocrx_word' id='word_1_603' title='bbox 1373 1534 1739 1582; x_wconf 85' lang='lat' dir='ltr'>nunquamtranseuntes‚</span> 
     </span>
     <span class='ocr_line' id='line_1_98' title="bbox 983 1580 1740 1629; baseline 0.004 -13"><span class='ocrx_word' id='word_1_604' title='bbox 983 1591 1130 1629; x_wconf 86' lang='lat' dir='ltr'>quantum</span> <span class='ocrx_word' id='word_1_605' title='bbox 1143 1583 1281 1618; x_wconf 86' lang='lat' dir='ltr'>memini.</span> <span class='ocrx_word' id='word_1_606' title='bbox 1307 1580 1386 1618; x_wconf 81' lang='lat' dir='ltr'>Etsi</span> <span class='ocrx_word' id='word_1_607' title='bbox 1397 1584 1470 1618; x_wconf 84' lang='lat' dir='ltr'>tales</span> <span class='ocrx_word' id='word_1_608' title='bbox 1479 1582 1585 1625; x_wconf 74' lang='lat' dir='ltr'>essent,</span> <span class='ocrx_word' id='word_1_609' title='bbox 1596 1595 1698 1619; x_wconf 88' lang='lat' dir='ltr'>rueret</span> <span class='ocrx_word' id='word_1_610' title='bbox 1705 1597 1740 1619; x_wconf 88' lang='lat' dir='ltr'>e-</span> 
     </span>
     <span class='ocr_line' id='line_1_99' title="bbox 984 1630 1741 1681; baseline 0.003 -15"><span class='ocrx_word' id='word_1_611' title='bbox 984 1634 1056 1666; x_wconf 81' lang='lat' dir='ltr'>tiam</span> <span class='ocrx_word' id='word_1_612' title='bbox 1067 1630 1125 1666; x_wconf 90' lang='lat' dir='ltr'>hac</span> <span class='ocrx_word' id='word_1_613' title='bbox 1133 1645 1169 1666; x_wconf 89' lang='lat' dir='ltr'>ex</span> <span class='ocrx_word' id='word_1_614' title='bbox 1185 1643 1268 1680; x_wconf 88' lang='lat' dir='ltr'>parte</span> <span class='ocrx_word' id='word_1_615' title='bbox 1275 1634 1339 1678; x_wconf 84' lang='lat' dir='ltr'>ejus</span> <span class='ocrx_word' id='word_1_616' title='bbox 1346 1645 1577 1681; x_wconf 75' lang='lat' dir='ltr'>argumentum:</span> <span class='ocrx_word' id='word_1_617' title='bbox 1591 1632 1660 1669; x_wconf 87' lang='lat' dir='ltr'>falsa</span> <span class='ocrx_word' id='word_1_618' title='bbox 1668 1632 1741 1669; x_wconf 82' lang='lat' dir='ltr'>effet</span> 
     </span>
     <span class='ocr_line' id='line_1_100' title="bbox 983 1682 1740 1733; baseline 0.004 -18"><span class='ocrx_word' id='word_1_619' title='bbox 983 1682 1094 1716; x_wconf 89' lang='lat' dir='ltr'>Minor</span> <span class='ocrx_word' id='word_1_620' title='bbox 1104 1706 1115 1722; x_wconf 90' lang='lat'><em>‚</em></span> <span class='ocrx_word' id='word_1_621' title='bbox 1140 1682 1260 1717; x_wconf 83' lang='lat' dir='ltr'>decreta</span> <span class='ocrx_word' id='word_1_622' title='bbox 1273 1695 1337 1718; x_wconf 90' lang='lat' dir='ltr'>non</span> <span class='ocrx_word' id='word_1_623' title='bbox 1356 1683 1452 1719; x_wconf 80' lang='lat' dir='ltr'>essent</span> <span class='ocrx_word' id='word_1_624' title='bbox 1464 1684 1578 1733; x_wconf 91' lang='lat' dir='ltr'>aliquid</span> <span class='ocrx_word' id='word_1_625' title='bbox 1591 1685 1621 1718; x_wconf 91' lang='lat' dir='ltr'>in</span> <span class='ocrx_word' id='word_1_626' title='bbox 1634 1684 1712 1718; x_wconf 91' lang='lat' dir='ltr'>Deo</span> <span class='ocrx_word' id='word_1_627' title='bbox 1728 1707 1740 1724; x_wconf 85' lang='lat'>,</span> 
     </span>
     <span class='ocr_line' id='line_1_101' title="bbox 983 1729 1740 1782; baseline 0.003 -17"><span class='ocrx_word' id='word_1_628' title='bbox 983 1729 1085 1766; x_wconf 87' lang='lat' dir='ltr'>saltem</span> <span class='ocrx_word' id='word_1_629' title='bbox 1099 1743 1165 1766; x_wconf 90' lang='lat' dir='ltr'>non</span> <span class='ocrx_word' id='word_1_630' title='bbox 1182 1732 1268 1768; x_wconf 89' lang='lat' dir='ltr'>aliter</span> <span class='ocrx_word' id='word_1_631' title='bbox 1283 1733 1378 1782; x_wconf 72' lang='lat' dir='ltr'>quam</span> <span class='ocrx_word' id='word_1_632' title='bbox 1397 1733 1667 1769; x_wconf 86' lang='lat' dir='ltr'>denominationes</span> <span class='ocrx_word' id='word_1_633' title='bbox 1686 1745 1740 1768; x_wconf 83' lang='lat' dir='ltr'>ex-</span> 
     </span>
     <span class='ocr_line' id='line_1_102' title="bbox 982 1780 1512 1819; baseline 0.002 -2"><span class='ocrx_word' id='word_1_634' title='bbox 982 1780 1130 1818; x_wconf 85' lang='lat' dir='ltr'>trinsecae‚</span> <span class='ocrx_word' id='word_1_635' title='bbox 1151 1785 1183 1817; x_wconf 87' lang='lat'>&amp;</span> <span class='ocrx_word' id='word_1_636' title='bbox 1196 1783 1359 1818; x_wconf 88' lang='lat' dir='ltr'>relationes</span> <span class='ocrx_word' id='word_1_637' title='bbox 1372 1784 1512 1819; x_wconf 86' lang='lat' dir='ltr'>rationis.</span> 
     </span>
    </p>
   </div>
   <div class='ocr_carea' id='block_1_15' title="bbox 984 1838 1908 3267">
    <p class='ocr_par' dir='ltr' id='par_1_20' title="bbox 984 1838 1908 3267">
     <span class='ocr_line' id='line_1_103' title="bbox 1030 1838 1907 1889; baseline 0.003 -17"><span class='ocrx_word' id='word_1_638' title='bbox 1030 1838 1089 1872; x_wconf 90' lang='lat' dir='ltr'>Sed</span> <span class='ocrx_word' id='word_1_639' title='bbox 1099 1839 1249 1886; x_wconf 71' lang='lat' dir='ltr'>praeterita</span> <span class='ocrx_word' id='word_1_640' title='bbox 1256 1840 1467 1889; x_wconf 85' lang='lat' dir='ltr'>Minorinego</span> <span class='ocrx_word' id='word_1_641' title='bbox 1474 1842 1637 1886; x_wconf 86' lang='lat' dir='ltr'>majorem,</span> <span class='ocrx_word' id='word_1_642' title='bbox 1645 1840 1738 1887; x_wconf 83' lang='lat' dir='ltr'>idque</span> <span class='ocrx_word' id='word_1_643' title='bbox 1751 1841 1803 1870; x_wconf 72' lang='lat' dir='ltr'>Dei</span> <span class='ocrx_word' id='word_1_644' title='bbox 1824 1840 1907 1869; x_wconf 73' lang='lat' dir='ltr'>decre-</span> 
     </span>
     <span class='ocr_line' id='line_1_104' title="bbox 984 1881 1903 1937; baseline 0.002 -15"><span class='ocrx_word' id='word_1_645' title='bbox 984 1889 1015 1922; x_wconf 91' lang='lat' dir='ltr'>in</span> <span class='ocrx_word' id='word_1_646' title='bbox 1028 1890 1158 1935; x_wconf 73' lang='lat' dir='ltr'>utraque</span> <span class='ocrx_word' id='word_1_647' title='bbox 1171 1898 1273 1936; x_wconf 84' lang='lat' dir='ltr'>parte,</span> <span class='ocrx_word' id='word_1_648' title='bbox 1288 1891 1475 1925; x_wconf 83' lang='lat' dir='ltr'>&amp;omnibus</span> <span class='ocrx_word' id='word_1_649' title='bbox 1488 1889 1736 1937; x_wconf 87' lang='lat' dir='ltr'>probationibus.</span> <span class='ocrx_word' id='word_1_650' title='bbox 1753 1889 1797 1914; x_wconf 57' lang='lat' dir='ltr'>‘a’</span> <span class='ocrx_word' id='word_1_651' title='bbox 1811 1881 1856 1927; x_wconf 55' lang='grc' dir='ltr'>,ὠ</span> <span class='ocrx_word' id='word_1_652' title='bbox 1870 1882 1903 1918; x_wconf 69' lang='lat' dir='ltr'>‘s&#39;</span> 
     </span>
     <span class='ocr_line' id='line_1_105' title="bbox 985 1921 1907 1988; baseline 0.001 -15"><span class='ocrx_word' id='word_1_653' title='bbox 985 1937 1190 1973; x_wconf 87' lang='lat' dir='ltr'>Probationes</span> <span class='ocrx_word' id='word_1_654' title='bbox 1203 1951 1314 1974; x_wconf 88' lang='lat' dir='ltr'>omnes</span> <span class='ocrx_word' id='word_1_655' title='bbox 1326 1938 1364 1973; x_wconf 92' lang='lat' dir='ltr'>ab</span> <span class='ocrx_word' id='word_1_656' title='bbox 1379 1939 1443 1974; x_wconf 92' lang='lat' dir='ltr'>hoc</span> <span class='ocrx_word' id='word_1_657' title='bbox 1455 1952 1520 1974; x_wconf 91' lang='lat' dir='ltr'>uno</span> <span class='ocrx_word' id='word_1_658' title='bbox 1532 1938 1666 1987; x_wconf 87' lang='lat' dir='ltr'>pendent</span> <span class='ocrx_word' id='word_1_659' title='bbox 1678 1940 1737 1973; x_wconf 85' lang='lat' dir='ltr'>cla·</span> <span class='ocrx_word' id='word_1_660' title='bbox 1747 1921 1833 1988; x_wconf 49' lang='lat' dir='ltr'>{ZZZ</span> <span class='ocrx_word' id='word_1_661' title='bbox 1846 1921 1907 1988; x_wconf 52' lang='lat' dir='ltr'>suff</span> 
     </span>
     <span class='ocr_line' id='line_1_106' title="bbox 984 1981 1908 2039; baseline 0.009 -18"><span class='ocrx_word' id='word_1_662' title='bbox 984 2000 1044 2027; x_wconf 85' lang='lat' dir='ltr'>vo,</span> <span class='ocrx_word' id='word_1_663' title='bbox 1063 1988 1185 2022; x_wconf 88' lang='lat' dir='ltr'>decreta</span> <span class='ocrx_word' id='word_1_664' title='bbox 1200 1992 1231 2023; x_wconf 87' lang='lat'><strong>&amp;</strong></span> <span class='ocrx_word' id='word_1_665' title='bbox 1245 1987 1369 2024; x_wconf 65' lang='lat' dir='ltr'>essentia</span> <span class='ocrx_word' id='word_1_666' title='bbox 1385 1989 1452 2023; x_wconf 88' lang='lat' dir='ltr'>Dei</span> <span class='ocrx_word' id='word_1_667' title='bbox 1464 2001 1529 2023; x_wconf 91' lang='lat' dir='ltr'>non</span> <span class='ocrx_word' id='word_1_668' title='bbox 1543 1988 1608 2022; x_wconf 88' lang='lat' dir='ltr'>sunt</span> <span class='ocrx_word' id='word_1_669' title='bbox 1619 2001 1714 2022; x_wconf 84' lang='lat' dir='ltr'>unum</span> <span class='ocrx_word' id='word_1_670' title='bbox 1727 2012 1735 2025; x_wconf 79' lang='lat'>›</span> <span class='ocrx_word' id='word_1_671' title='bbox 1752 2009 1789 2028; x_wconf 82' lang='lat' dir='ltr'>cet</span> <span class='ocrx_word' id='word_1_672' title='bbox 1798 1981 1908 2039; x_wconf 31' lang='lat' dir='ltr'>quatiam</span> 
     </span>
     <span class='ocr_line' id='line_1_107' title="bbox 984 2036 1908 2085; baseline 0 -14"><span class='ocrx_word' id='word_1_673' title='bbox 984 2036 1033 2071; x_wconf 88' lang='lat' dir='ltr'>sed</span> <span class='ocrx_word' id='word_1_674' title='bbox 1040 2036 1204 2077; x_wconf 82' lang='lat' dir='ltr'>diversa,eo</span> <span class='ocrx_word' id='word_1_675' title='bbox 1212 2037 1297 2084; x_wconf 77' lang='lat' dir='ltr'>quod</span> <span class='ocrx_word' id='word_1_676' title='bbox 1305 2039 1403 2085; x_wconf 83' lang='lat' dir='ltr'>aliqua</span> <span class='ocrx_word' id='word_1_677' title='bbox 1409 2038 1545 2072; x_wconf 86' lang='lat' dir='ltr'>dicantur</span> <span class='ocrx_word' id='word_1_678' title='bbox 1553 2038 1591 2071; x_wconf 88' lang='lat' dir='ltr'>de</span> <span class='ocrx_word' id='word_1_679' title='bbox 1599 2037 1739 2077; x_wconf 86' lang='lat' dir='ltr'>decretis,</span> <span class='ocrx_word' id='word_1_680' title='bbox 1752 2041 1871 2071; x_wconf 70' lang='lat' dir='ltr'>dicamur</span> <span class='ocrx_word' id='word_1_681' title='bbox 1879 2041 1908 2069; x_wconf 80' lang='lat' dir='ltr'>de</span> 
     </span>
     <span class='ocr_line' id='line_1_108' title="bbox 986 2081 1875 2137; baseline 0.001 -17"><span class='ocrx_word' id='word_1_682' title='bbox 986 2099 1053 2134; x_wconf 86' lang='lat' dir='ltr'>quae</span> <span class='ocrx_word' id='word_1_683' title='bbox 1060 2099 1127 2121; x_wconf 86' lang='lat' dir='ltr'>vera</span> <span class='ocrx_word' id='word_1_684' title='bbox 1135 2099 1201 2121; x_wconf 92' lang='lat' dir='ltr'>non</span> <span class='ocrx_word' id='word_1_685' title='bbox 1215 2086 1282 2121; x_wconf 89' lang='lat' dir='ltr'>sunt</span> <span class='ocrx_word' id='word_1_686' title='bbox 1296 2087 1334 2121; x_wconf 91' lang='lat' dir='ltr'>de</span> <span class='ocrx_word' id='word_1_687' title='bbox 1346 2085 1477 2121; x_wconf 80' lang='lat' dir='ltr'>effentia.</span> <span class='ocrx_word' id='word_1_688' title='bbox 1493 2087 1598 2137; x_wconf 70' lang='lat' dir='ltr'>Qam</span> <span class='ocrx_word' id='word_1_689' title='bbox 1611 2088 1739 2121; x_wconf 85' lang='lat' dir='ltr'>vitreum</span> <span class='ocrx_word' id='word_1_690' title='bbox 1755 2081 1857 2108; x_wconf 69' lang='lat' dir='ltr'>decretis</span> <span class='ocrx_word' id='word_1_691' title='bbox 1868 2102 1875 2112; x_wconf 83' lang='lat'>,</span> 
     </span>
     <span class='ocr_line' id='line_1_109' title="bbox 987 2131 1888 2197; baseline 0.001 -27"><span class='ocrx_word' id='word_1_692' title='bbox 987 2136 1021 2170; x_wconf 84' lang='lat' dir='ltr'>fit</span> <span class='ocrx_word' id='word_1_693' title='bbox 1028 2136 1090 2170; x_wconf 88' lang='lat' dir='ltr'>hoc</span> <span class='ocrx_word' id='word_1_694' title='bbox 1098 2146 1312 2184; x_wconf 86' lang='lat' dir='ltr'>argumentum</span> <span class='ocrx_word' id='word_1_695' title='bbox 1319 2135 1385 2171; x_wconf 74' lang='lat' dir='ltr'>tum</span> <span class='ocrx_word' id='word_1_696' title='bbox 1393 2138 1423 2170; x_wconf 91' lang='lat' dir='ltr'>in</span> <span class='ocrx_word' id='word_1_697' title='bbox 1433 2135 1472 2176; x_wconf 88' lang='lat' dir='ltr'>se,</span> <span class='ocrx_word' id='word_1_698' title='bbox 1481 2136 1548 2171; x_wconf 72' lang='lat' dir='ltr'>tum</span> <span class='ocrx_word' id='word_1_699' title='bbox 1558 2137 1741 2183; x_wconf 83' lang='lat' dir='ltr'>applicatum</span> <span class='ocrx_word' id='word_1_700' title='bbox 1751 2131 1813 2197; x_wconf 51' lang='lat' dir='ltr'>ZZZ</span> <span class='ocrx_word' id='word_1_701' title='bbox 1821 2131 1888 2187; x_wconf 52' lang='lat' dir='ltr'>Zia</span> 
     </span>
     <span class='ocr_line' id='line_1_110' title="bbox 988 2185 1908 2239; baseline 0 -19"><span class='ocrx_word' id='word_1_702' title='bbox 988 2185 1026 2220; x_wconf 85' lang='lat' dir='ltr'>ad</span> <span class='ocrx_word' id='word_1_703' title='bbox 1039 2185 1214 2233; x_wconf 89' lang='lat' dir='ltr'>praesentem</span> <span class='ocrx_word' id='word_1_704' title='bbox 1227 2187 1400 2225; x_wconf 84' lang='lat' dir='ltr'>materiam,</span> <span class='ocrx_word' id='word_1_705' title='bbox 1409 2187 1501 2220; x_wconf 87' lang='lat' dir='ltr'>docet</span> <span class='ocrx_word' id='word_1_706' title='bbox 1513 2185 1660 2233; x_wconf 84' lang='lat' dir='ltr'>Magister</span> <span class='ocrx_word' id='word_1_707' title='bbox 1669 2188 1743 2220; x_wconf 85' lang='lat' dir='ltr'>Sen—</span> <span class='ocrx_word' id='word_1_708' title='bbox 1759 2202 1787 2228; x_wconf 79' lang='lat' dir='ltr'>de</span> <span class='ocrx_word' id='word_1_709' title='bbox 1798 2200 1908 2239; x_wconf 69' lang='lat' dir='ltr'>essenmi.</span> 
     </span>
     <span class='ocr_line' id='line_1_111' title="bbox 990 2234 1744 2282; baseline -0.003 -12"><span class='ocrx_word' id='word_1_710' title='bbox 990 2246 1066 2270; x_wconf 88' lang='lat' dir='ltr'>tent.</span> <span class='ocrx_word' id='word_1_711' title='bbox 1081 2235 1134 2270; x_wconf 89' lang='lat' dir='ltr'>lib.</span> <span class='ocrx_word' id='word_1_712' title='bbox 1150 2249 1175 2271; x_wconf 89' lang='lat'>1.</span> <span class='ocrx_word' id='word_1_713' title='bbox 1187 2234 1256 2270; x_wconf 86' lang='lat' dir='ltr'>dist.</span> <span class='ocrx_word' id='word_1_714' title='bbox 1272 2241 1326 2270; x_wconf 88' lang='lat'>66.</span> <span class='ocrx_word' id='word_1_715' title='bbox 1340 2235 1393 2270; x_wconf 84' lang='lat' dir='ltr'>nbi</span> <span class='ocrx_word' id='word_1_716' title='bbox 1405 2234 1477 2268; x_wconf 90' lang='lat' dir='ltr'>huic</span> <span class='ocrx_word' id='word_1_717' title='bbox 1489 2234 1674 2282; x_wconf 81' lang='lat' dir='ltr'>respondens</span> <span class='ocrx_word' id='word_1_718' title='bbox 1683 2234 1744 2268; x_wconf 95' lang='lat' dir='ltr'>ob-</span> 
     </span>
     <span class='ocr_line' id='line_1_112' title="bbox 989 2284 1746 2330; baseline 0.004 -15"><span class='ocrx_word' id='word_1_719' title='bbox 989 2285 1138 2328; x_wconf 70' lang='lat' dir='ltr'>jeffioni,</span> <span class='ocrx_word' id='word_1_720' title='bbox 1151 2286 1217 2317; x_wconf 85' lang='lat' dir='ltr'>Dei</span> <span class='ocrx_word' id='word_1_721' title='bbox 1226 2296 1346 2326; x_wconf 84' lang='lat' dir='ltr'>natura,</span> <span class='ocrx_word' id='word_1_722' title='bbox 1362 2288 1393 2318; x_wconf 68' lang='grc' dir='ltr'>δι</span> <span class='ocrx_word' id='word_1_723' title='bbox 1403 2285 1615 2318; x_wconf 82' lang='lat' dir='ltr'>voluntasuon</span> <span class='ocrx_word' id='word_1_724' title='bbox 1624 2284 1746 2330; x_wconf 74' lang='lat' dir='ltr'>possunt</span> 
     </span>
     <span class='ocr_line' id='line_1_113' title="bbox 992 2331 1746 2381; baseline 0.001 -15"><span class='ocrx_word' id='word_1_725' title='bbox 992 2331 1050 2366; x_wconf 81' lang='lat' dir='ltr'>esse</span> <span class='ocrx_word' id='word_1_726' title='bbox 1065 2343 1177 2372; x_wconf 88' lang='lat' dir='ltr'>unum,</span> <span class='ocrx_word' id='word_1_727' title='bbox 1196 2333 1267 2380; x_wconf 86' lang='lat' dir='ltr'>quia</span> <span class='ocrx_word' id='word_1_728' title='bbox 1280 2334 1369 2367; x_wconf 87' lang='lat' dir='ltr'>Deus</span> <span class='ocrx_word' id='word_1_729' title='bbox 1383 2335 1490 2367; x_wconf 69' lang='lat' dir='ltr'>natura</span> <span class='ocrx_word' id='word_1_730' title='bbox 1504 2335 1609 2381; x_wconf 86' lang='lat' dir='ltr'>genuit</span> <span class='ocrx_word' id='word_1_731' title='bbox 1623 2333 1721 2367; x_wconf 84' lang='lat' dir='ltr'>filium</span> <span class='ocrx_word' id='word_1_732' title='bbox 1735 2357 1746 2373; x_wconf 86' lang='lat'>‚</span> 
     </span>
     <span class='ocr_line' id='line_1_114' title="bbox 993 2380 1746 2430; baseline 0.005 -18"><span class='ocrx_word' id='word_1_733' title='bbox 993 2403 1015 2419; x_wconf 85' lang='lat'>,‚</span> <span class='ocrx_word' id='word_1_734' title='bbox 1041 2380 1196 2414; x_wconf 89' lang='lat' dir='ltr'>voluntate</span> <span class='ocrx_word' id='word_1_735' title='bbox 1205 2381 1280 2414; x_wconf 76' lang='lat' dir='ltr'>vero</span> <span class='ocrx_word' id='word_1_736' title='bbox 1289 2393 1353 2416; x_wconf 88' lang='lat' dir='ltr'>non</span> <span class='ocrx_word' id='word_1_737' title='bbox 1361 2382 1465 2427; x_wconf 87' lang='lat' dir='ltr'>genuit</span> <span class='ocrx_word' id='word_1_738' title='bbox 1476 2395 1485 2421; x_wconf 91' lang='lat'>;</span> <span class='ocrx_word' id='word_1_739' title='bbox 1500 2384 1597 2415; x_wconf 79' lang='lat' dir='ltr'>Facile</span> <span class='ocrx_word' id='word_1_740' title='bbox 1611 2383 1746 2430; x_wconf 83' lang='lat' dir='ltr'>(inquit)</span> 
     </span>
     <span class='ocr_line' id='line_1_115' title="bbox 994 2427 1749 2478; baseline 0.005 -18"><span class='ocrx_word' id='word_1_741' title='bbox 994 2453 1017 2469; x_wconf 88' lang='lat'>,‚</span> <span class='ocrx_word' id='word_1_742' title='bbox 1040 2427 1076 2472; x_wconf 80' lang='lat' dir='ltr'>est</span> <span class='ocrx_word' id='word_1_743' title='bbox 1090 2427 1143 2463; x_wconf 75' lang='lat' dir='ltr'>hoc</span> <span class='ocrx_word' id='word_1_744' title='bbox 1160 2430 1288 2474; x_wconf 79' lang='lat' dir='ltr'>refellere</span> <span class='ocrx_word' id='word_1_745' title='bbox 1300 2453 1309 2466; x_wconf 91' lang='lat'>‚</span> <span class='ocrx_word' id='word_1_746' title='bbox 1330 2442 1402 2463; x_wconf 79' lang='lat' dir='ltr'>nam</span> <span class='ocrx_word' id='word_1_747' title='bbox 1417 2434 1455 2469; x_wconf 55' lang='grc' dir='ltr'>(ῥ’</span> <span class='ocrx_word' id='word_1_748' title='bbox 1469 2430 1665 2478; x_wconf 63' lang='lat' dir='ltr'>prescientia,</span> <span class='ocrx_word' id='word_1_749' title='bbox 1682 2432 1749 2476; x_wconf 85' lang='lat' dir='ltr'>five</span> 
     </span>
     <span class='ocr_line' id='line_1_116' title="bbox 994 2477 1754 2529; baseline 0.004 -19"><span class='ocrx_word' id='word_1_750' title='bbox 994 2502 1017 2518; x_wconf 87' lang='lat'><em>„</em></span> <span class='ocrx_word' id='word_1_751' title='bbox 1037 2477 1163 2522; x_wconf 80' lang='lat' dir='ltr'>scientia</span> <span class='ocrx_word' id='word_1_752' title='bbox 1182 2481 1242 2512; x_wconf 63' lang='lat' dir='ltr'>Dea·</span> <span class='ocrx_word' id='word_1_753' title='bbox 1253 2503 1264 2519; x_wconf 93' lang='lat'><em>‚</em></span> <span class='ocrx_word' id='word_1_754' title='bbox 1285 2477 1347 2526; x_wconf 64' lang='lat' dir='ltr'>qud</span> <span class='ocrx_word' id='word_1_755' title='bbox 1359 2480 1417 2523; x_wconf 84' lang='lat' dir='ltr'>scit</span> <span class='ocrx_word' id='word_1_756' title='bbox 1431 2482 1481 2512; x_wconf 83' lang='lat' dir='ltr'>vel</span> <span class='ocrx_word' id='word_1_757' title='bbox 1494 2480 1603 2529; x_wconf 68' lang='lat' dir='ltr'>preſsit</span> <span class='ocrx_word' id='word_1_758' title='bbox 1615 2480 1689 2513; x_wconf 79' lang='lat' dir='ltr'>bona</span> <span class='ocrx_word' id='word_1_759' title='bbox 1701 2482 1754 2514; x_wconf 84' lang='lat' dir='ltr'>vel</span> 
     </span>
     <span class='ocr_line' id='line_1_117' title="bbox 993 2527 1749 2575; baseline 0.005 -16"><span class='ocrx_word' id='word_1_760' title='bbox 993 2551 1019 2568; x_wconf 90' lang='lat'>„</span> <span class='ocrx_word' id='word_1_761' title='bbox 1046 2528 1140 2563; x_wconf 74' lang='lat' dir='ltr'>mala,</span> <span class='ocrx_word' id='word_1_762' title='bbox 1160 2527 1269 2561; x_wconf 77' lang='lat' dir='ltr'>divina</span> <span class='ocrx_word' id='word_1_763' title='bbox 1285 2540 1397 2561; x_wconf 81' lang='lat' dir='ltr'>natura</span> <span class='ocrx_word' id='word_1_764' title='bbox 1408 2552 1415 2564; x_wconf 94' lang='lat'>,</span> <span class='ocrx_word' id='word_1_765' title='bbox 1421 2531 1487 2573; x_wconf 82' lang='lat' dir='ltr'>five</span> <span class='ocrx_word' id='word_1_766' title='bbox 1504 2531 1617 2575; x_wconf 79' lang='lat' dir='ltr'>effentia</span> <span class='ocrx_word' id='word_1_767' title='bbox 1630 2530 1690 2563; x_wconf 64' lang='lat' dir='ltr'>eff.-</span> <span class='ocrx_word' id='word_1_768' title='bbox 1710 2534 1749 2569; x_wconf 62' lang='grc' dir='ltr'>ὠ·</span> 
     </span>
     <span class='ocr_line' id='line_1_118' title="bbox 996 2576 1750 2626; baseline 0.005 -17"><span class='ocrx_word' id='word_1_769' title='bbox 996 2601 1019 2618; x_wconf 89' lang='lat'>„</span> <span class='ocrx_word' id='word_1_770' title='bbox 1043 2576 1264 2626; x_wconf 71' lang='lat' dir='ltr'>predestinatio,</span> <span class='ocrx_word' id='word_1_771' title='bbox 1273 2579 1339 2623; x_wconf 81' lang='lat' dir='ltr'>five</span> <span class='ocrx_word' id='word_1_772' title='bbox 1352 2579 1488 2612; x_wconf 65' lang='lat' dir='ltr'>voluntas</span> <span class='ocrx_word' id='word_1_773' title='bbox 1500 2581 1576 2626; x_wconf 80' lang='lat' dir='ltr'>ejus,</span> <span class='ocrx_word' id='word_1_774' title='bbox 1590 2578 1690 2612; x_wconf 77' lang='lat' dir='ltr'>eadem</span> <span class='ocrx_word' id='word_1_775' title='bbox 1702 2580 1750 2613; x_wconf 83' lang='lat' dir='ltr'>di-</span> 
     </span>
     <span class='ocr_line' id='line_1_119' title="bbox 996 2626 1748 2673; baseline 0.003 -13"><span class='ocrx_word' id='word_1_776' title='bbox 996 2651 1019 2668; x_wconf 88' lang='lat'>,‚</span> <span class='ocrx_word' id='word_1_777' title='bbox 1044 2630 1120 2660; x_wconf 75' lang='lat' dir='ltr'>vina</span> <span class='ocrx_word' id='word_1_778' title='bbox 1137 2626 1250 2671; x_wconf 76' lang='lat' dir='ltr'>effentia</span> <span class='ocrx_word' id='word_1_779' title='bbox 1268 2628 1312 2660; x_wconf 64' lang='lat' dir='ltr'>eff</span> <span class='ocrx_word' id='word_1_780' title='bbox 1325 2642 1334 2660; x_wconf 94' lang='lat'><em>:</em></span> <span class='ocrx_word' id='word_1_781' title='bbox 1360 2639 1412 2661; x_wconf 81' lang='lat' dir='ltr'>nec</span> <span class='ocrx_word' id='word_1_782' title='bbox 1423 2627 1459 2671; x_wconf 74' lang='lat' dir='ltr'>cst</span> <span class='ocrx_word' id='word_1_783' title='bbox 1471 2628 1557 2661; x_wconf 75' lang='lat' dir='ltr'>alzua&#39;</span> <span class='ocrx_word' id='word_1_784' title='bbox 1571 2632 1638 2662; x_wconf 89' lang='lat' dir='ltr'>Deo</span> <span class='ocrx_word' id='word_1_785' title='bbox 1650 2628 1748 2673; x_wconf 70' lang='lat' dir='ltr'>seire,</span> 
     </span>
     <span class='ocr_line' id='line_1_120' title="bbox 995 2675 1751 2725; baseline 0.004 -17"><span class='ocrx_word' id='word_1_786' title='bbox 995 2701 1019 2716; x_wconf 92' lang='lat'><strong>„</strong></span> <span class='ocrx_word' id='word_1_787' title='bbox 1043 2675 1137 2723; x_wconf 74' lang='lat' dir='ltr'>qudm</span> <span class='ocrx_word' id='word_1_788' title='bbox 1155 2676 1203 2721; x_wconf 69' lang='lat' dir='ltr'>esse</span> <span class='ocrx_word' id='word_1_789' title='bbox 1221 2680 1258 2715; x_wconf 59' lang='grc' dir='ltr'><strong><em>ὠ</em></strong></span> <span class='ocrx_word' id='word_1_790' title='bbox 1273 2678 1346 2710; x_wconf 84' lang='lat' dir='ltr'>velle</span> <span class='ocrx_word' id='word_1_791' title='bbox 1358 2701 1366 2712; x_wconf 90' lang='lat'><em>‚</em></span> <span class='ocrx_word' id='word_1_792' title='bbox 1398 2681 1436 2716; x_wconf 51' lang='grc' dir='ltr'>εἰ*</span> <span class='ocrx_word' id='word_1_793' title='bbox 1456 2690 1552 2711; x_wconf 73' lang='lat' dir='ltr'>unum</span> <span class='ocrx_word' id='word_1_794' title='bbox 1569 2677 1703 2725; x_wconf 79' lang='lat' dir='ltr'>idemque</span> <span class='ocrx_word' id='word_1_795' title='bbox 1714 2677 1751 2723; x_wconf 75' lang='lat' dir='ltr'>est</span> 
     </span>
     <span class='ocr_line' id='line_1_121' title="bbox 995 2725 1751 2773; baseline 0.005 -16"><span class='ocrx_word' id='word_1_796' title='bbox 995 2750 1018 2766; x_wconf 89' lang='lat'>‚‚</span> <span class='ocrx_word' id='word_1_797' title='bbox 1036 2725 1164 2770; x_wconf 82' lang='lat' dir='ltr'>scientia</span> <span class='ocrx_word' id='word_1_798' title='bbox 1175 2729 1237 2759; x_wconf 85' lang='lat' dir='ltr'>Dez&#39;</span> <span class='ocrx_word' id='word_1_799' title='bbox 1247 2726 1326 2773; x_wconf 77' lang='lat' dir='ltr'>quod</span> <span class='ocrx_word' id='word_1_800' title='bbox 1336 2727 1473 2760; x_wconf 75' lang='lat' dir='ltr'><em>voluntas</em></span> <span class='ocrx_word' id='word_1_801' title='bbox 1488 2741 1496 2767; x_wconf 94' lang='lat'>;</span> <span class='ocrx_word' id='word_1_802' title='bbox 1523 2740 1579 2761; x_wconf 85' lang='lat' dir='ltr'>non</span> <span class='ocrx_word' id='word_1_803' title='bbox 1592 2737 1691 2760; x_wconf 79' lang='lat' dir='ltr'>tamen</span> <span class='ocrx_word' id='word_1_804' title='bbox 1703 2728 1751 2761; x_wconf 75' lang='lat' dir='ltr'>di-</span> 
     </span>
     <span class='ocr_line' id='line_1_122' title="bbox 997 2775 1751 2823; baseline 0.003 -15"><span class='ocrx_word' id='word_1_805' title='bbox 997 2799 1019 2816; x_wconf 92' lang='lat'>„</span> <span class='ocrx_word' id='word_1_806' title='bbox 1043 2778 1123 2808; x_wconf 72' lang='lat' dir='ltr'>citur</span> <span class='ocrx_word' id='word_1_807' title='bbox 1129 2775 1163 2808; x_wconf 86' lang='lat' dir='ltr'>de</span> <span class='ocrx_word' id='word_1_808' title='bbox 1175 2776 1327 2809; x_wconf 81' lang='lat' dir='ltr'>voluntate</span> <span class='ocrx_word' id='word_1_809' title='bbox 1339 2776 1484 2823; x_wconf 66' lang='lat' dir='ltr'>quicquid</span> <span class='ocrx_word' id='word_1_810' title='bbox 1493 2775 1603 2809; x_wconf 69' lang='lat' dir='ltr'>dicitnr</span> <span class='ocrx_word' id='word_1_811' title='bbox 1612 2777 1645 2809; x_wconf 84' lang='lat' dir='ltr'>de</span> <span class='ocrx_word' id='word_1_812' title='bbox 1653 2776 1751 2820; x_wconf 68' lang='lat' dir='ltr'>stien-</span> 
     </span>
     <span class='ocr_line' id='line_1_123' title="bbox 996 2823 1751 2870; baseline 0.005 -14"><span class='ocrx_word' id='word_1_813' title='bbox 996 2849 1018 2864; x_wconf 89' lang='lat'>‚‚</span> <span class='ocrx_word' id='word_1_814' title='bbox 1044 2823 1105 2859; x_wconf 74' lang='lat' dir='ltr'>tid,</span> <span class='ocrx_word' id='word_1_815' title='bbox 1127 2828 1164 2863; x_wconf 62' lang='lat' dir='ltr'>(sy</span> <span class='ocrx_word' id='word_1_816' title='bbox 1177 2823 1192 2856; x_wconf 78' lang='grc' dir='ltr'><em>ὲ</em></span> <span class='ocrx_word' id='word_1_817' title='bbox 1205 2825 1359 2869; x_wconf 69' lang='grc' dir='ltr'>σοηνενΙὲ;</span> <span class='ocrx_word' id='word_1_818' title='bbox 1379 2838 1430 2859; x_wconf 75' lang='lat' dir='ltr'>nec</span> <span class='ocrx_word' id='word_1_819' title='bbox 1449 2829 1549 2858; x_wconf 74' lang='lat' dir='ltr'>onmia</span> <span class='ocrx_word' id='word_1_820' title='bbox 1565 2828 1614 2859; x_wconf 81' lang='lat' dir='ltr'>illa</span> <span class='ocrx_word' id='word_1_821' title='bbox 1618 2825 1678 2870; x_wconf 66' lang='lat' dir='ltr'>fied</span> <span class='ocrx_word' id='word_1_822' title='bbox 1696 2840 1751 2860; x_wconf 87' lang='lat' dir='ltr'>vo-</span> 
     </span>
     <span class='ocr_line' id='line_1_124' title="bbox 994 2873 1750 2921; baseline 0.005 -16"><span class='ocrx_word' id='word_1_823' title='bbox 994 2897 1017 2913; x_wconf 89' lang='lat'><strong>„</strong></span> <span class='ocrx_word' id='word_1_824' title='bbox 1043 2875 1157 2906; x_wconf 76' lang='lat' dir='ltr'>luntate</span> <span class='ocrx_word' id='word_1_825' title='bbox 1168 2876 1236 2907; x_wconf 77' lang='lat' dir='ltr'>vult</span> <span class='ocrx_word' id='word_1_826' title='bbox 1248 2878 1348 2914; x_wconf 76' lang='lat' dir='ltr'>Deus,</span> <span class='ocrx_word' id='word_1_827' title='bbox 1366 2887 1423 2921; x_wconf 59' lang='lat' dir='ltr'>quac</span> <span class='ocrx_word' id='word_1_828' title='bbox 1429 2873 1488 2918; x_wconf 53' lang='lat' dir='ltr'>suass</span> <span class='ocrx_word' id='word_1_829' title='bbox 1494 2874 1697 2919; x_wconf 64' lang='lat' dir='ltr'>scientidfcit,</span> <span class='ocrx_word' id='word_1_830' title='bbox 1711 2880 1750 2915; x_wconf 63' lang='grc' dir='ltr'>(ῤ’</span> 
     </span>
     <span class='ocr_line' id='line_1_125' title="bbox 995 2924 1750 2969; baseline 0.004 -14"><span class='ocrx_word' id='word_1_831' title='bbox 995 2946 1016 2962; x_wconf 92' lang='lat'>„</span> <span class='ocrx_word' id='word_1_832' title='bbox 1042 2933 1142 2956; x_wconf 83' lang='lat' dir='ltr'>tamen</span> <span class='ocrx_word' id='word_1_833' title='bbox 1155 2936 1250 2956; x_wconf 77' lang='lat' dir='ltr'>unum</span> <span class='ocrx_word' id='word_1_834' title='bbox 1270 2928 1308 2963; x_wconf 45' lang='lat' dir='ltr'>&amp;v</span> <span class='ocrx_word' id='word_1_835' title='bbox 1320 2924 1397 2957; x_wconf 83' lang='lat' dir='ltr'>idem</span> <span class='ocrx_word' id='word_1_836' title='bbox 1408 2927 1440 2957; x_wconf 85' lang='lat' dir='ltr'>in</span> <span class='ocrx_word' id='word_1_837' title='bbox 1453 2926 1518 2957; x_wconf 87' lang='lat' dir='ltr'>Deo</span> <span class='ocrx_word' id='word_1_838' title='bbox 1530 2924 1697 2969; x_wconf 73' lang='lat' dir='ltr'>estftiemia</span> <span class='ocrx_word' id='word_1_839' title='bbox 1712 2930 1750 2965; x_wconf 60' lang='grc' dir='ltr'>(ῤ’</span> 
     </span>
     <span class='ocr_line' id='line_1_126' title="bbox 994 2972 1750 3022; baseline 0.007 -18"><span class='ocrx_word' id='word_1_840' title='bbox 994 2996 1017 3011; x_wconf 90' lang='grc'>,,</span> <span class='ocrx_word' id='word_1_841' title='bbox 1045 2972 1199 3009; x_wconf 74' lang='lat' dir='ltr'>voluntas,</span> <span class='ocrx_word' id='word_1_842' title='bbox 1208 2973 1403 3022; x_wconf 71' lang='lat' dir='ltr'>prescientia,</span> <span class='ocrx_word' id='word_1_843' title='bbox 1419 2977 1457 3012; x_wconf 56' lang='grc' dir='ltr'><strong><em>ά</em></strong></span> <span class='ocrx_word' id='word_1_844' title='bbox 1468 2973 1685 3020; x_wconf 69' lang='lat' dir='ltr'>predestinatiO.</span> <span class='ocrx_word' id='word_1_845' title='bbox 1703 2978 1750 3009; x_wconf 77' lang='lat' dir='ltr'>lm</span> 
     </span>
     <span class='ocr_line' id='line_1_127' title="bbox 994 3015 1750 3065; baseline 0.007 -12"><span class='ocrx_word' id='word_1_846' title='bbox 994 3045 1017 3060; x_wconf 89' lang='lat'><strong>„</strong></span> <span class='ocrx_word' id='word_1_847' title='bbox 1042 3015 1114 3054; x_wconf 53' lang='lat' dir='ltr'>clem</span> <span class='ocrx_word' id='word_1_848' title='bbox 1126 3024 1265 3065; x_wconf 78' lang='lat' dir='ltr'>unumsit</span> <span class='ocrx_word' id='word_1_849' title='bbox 1278 3033 1388 3055; x_wconf 74' lang='lat' dir='ltr'>natura</span> <span class='ocrx_word' id='word_1_850' title='bbox 1400 3026 1462 3056; x_wconf 66' lang='lat' dir='ltr'>Det</span> <span class='ocrx_word' id='word_1_851' title='bbox 1475 3027 1513 3061; x_wconf 55' lang='grc' dir='ltr'>ῤ’</span> <span class='ocrx_word' id='word_1_852' title='bbox 1526 3025 1677 3064; x_wconf 46' lang='lat' dir='ltr'>volantem,</span> <span class='ocrx_word' id='word_1_853' title='bbox 1703 3024 1750 3058; x_wconf 74' lang='lat' dir='ltr'>di-</span> 
     </span>
     <span class='ocr_line' id='line_1_128' title="bbox 995 3071 1750 3120; baseline 0.007 -18"><span class='ocrx_word' id='word_1_854' title='bbox 995 3094 1017 3109; x_wconf 86' lang='lat'>„</span> <span class='ocrx_word' id='word_1_855' title='bbox 1041 3073 1122 3103; x_wconf 79' lang='lat' dir='ltr'>citur</span> <span class='ocrx_word' id='word_1_856' title='bbox 1139 3080 1239 3103; x_wconf 79' lang='lat' dir='ltr'>tamen</span> <span class='ocrx_word' id='word_1_857' title='bbox 1256 3074 1346 3105; x_wconf 69' lang='lat' dir='ltr'>Pater</span> <span class='ocrx_word' id='word_1_858' title='bbox 1359 3071 1593 3120; x_wconf 70' lang='lat' dir='ltr'>genmffl’filirtm</span> <span class='ocrx_word' id='word_1_859' title='bbox 1611 3073 1726 3108; x_wconf 64' lang='lat' dir='ltr'>nature?</span> <span class='ocrx_word' id='word_1_860' title='bbox 1740 3099 1750 3113; x_wconf 89' lang='lat'>,</span> 
     </span>
     <span class='ocr_line' id='line_1_129' title="bbox 994 3118 1749 3164; baseline 0.008 -13"><span class='ocrx_word' id='word_1_861' title='bbox 994 3143 1016 3158; x_wconf 90' lang='lat'>‚,</span> <span class='ocrx_word' id='word_1_862' title='bbox 1042 3132 1098 3152; x_wconf 84' lang='lat' dir='ltr'>non</span> <span class='ocrx_word' id='word_1_863' title='bbox 1112 3122 1280 3155; x_wconf 72' lang='lat' dir='ltr'>voluntate,</span> <span class='ocrx_word' id='word_1_864' title='bbox 1296 3126 1334 3160; x_wconf 57' lang='grc' dir='ltr'><em>ὠ</em></span> <span class='ocrx_word' id='word_1_865' title='bbox 1343 3121 1390 3164; x_wconf 68' lang='lat' dir='ltr'>effe</span> <span class='ocrx_word' id='word_1_866' title='bbox 1401 3124 1485 3155; x_wconf 75' lang='lat' dir='ltr'>Deus</span> <span class='ocrx_word' id='word_1_867' title='bbox 1491 3118 1617 3159; x_wconf 68' lang='lat' dir='ltr'>natnrd,</span> <span class='ocrx_word' id='word_1_868' title='bbox 1630 3136 1686 3156; x_wconf 86' lang='lat' dir='ltr'>non</span> <span class='ocrx_word' id='word_1_869' title='bbox 1694 3137 1749 3157; x_wconf 82' lang='lat' dir='ltr'>vo-</span> 
     </span>
     <span class='ocr_line' id='line_1_130' title="bbox 994 3169 1748 3219; baseline 0.008 -19"><span class='ocrx_word' id='word_1_870' title='bbox 994 3192 1016 3207; x_wconf 92' lang='lat'>„</span> <span class='ocrx_word' id='word_1_871' title='bbox 1041 3170 1160 3201; x_wconf 79' lang='lat' dir='ltr'>luntate.</span> <span class='ocrx_word' id='word_1_872' title='bbox 1189 3169 1338 3217; x_wconf 84' lang='lat' dir='ltr'>Magister</span> <span class='ocrx_word' id='word_1_873' title='bbox 1357 3183 1433 3219; x_wconf 84' lang='lat' dir='ltr'>ergo</span> <span class='ocrx_word' id='word_1_874' title='bbox 1452 3175 1483 3205; x_wconf 73' lang='grc' dir='ltr'>δι</span> <span class='ocrx_word' id='word_1_875' title='bbox 1497 3182 1562 3205; x_wconf 86' lang='lat' dir='ltr'>tota</span> <span class='ocrx_word' id='word_1_876' title='bbox 1577 3172 1688 3206; x_wconf 85' lang='lat' dir='ltr'>Schola</span> <span class='ocrx_word' id='word_1_877' title='bbox 1700 3186 1748 3206; x_wconf 90' lang='lat' dir='ltr'>re-</span> 
     </span>
     <span class='ocr_line' id='line_1_131' title="bbox 995 3215 1746 3267; baseline 0.004 -15"><span class='ocrx_word' id='word_1_878' title='bbox 995 3215 1100 3265; x_wconf 85' lang='lat' dir='ltr'>spuent</span> <span class='ocrx_word' id='word_1_879' title='bbox 1114 3219 1210 3254; x_wconf 87' lang='lat' dir='ltr'>totius</span> <span class='ocrx_word' id='word_1_880' title='bbox 1230 3223 1401 3267; x_wconf 83' lang='lat' dir='ltr'>argumenti</span> <span class='ocrx_word' id='word_1_881' title='bbox 1419 3219 1650 3256; x_wconf 84' lang='lat' dir='ltr'>fundamentum</span> <span class='ocrx_word' id='word_1_882' title='bbox 1662 3246 1671 3260; x_wconf 89' lang='lat'>,</span> <span class='ocrx_word' id='word_1_883' title='bbox 1694 3234 1746 3255; x_wconf 84' lang='lat' dir='ltr'>ne-</span> 
     </span>
    </p>
   </div>
   <div class='ocr_carea' id='block_1_16' title="bbox 1619 3270 1749 3317">
    <p class='ocr_par' dir='ltr' id='par_1_21' title="bbox 1619 3270 1749 3317">
     <span class='ocr_line' id='line_1_132' title="bbox 1619 3270 1749 3317; baseline 0.008 -13"><span class='ocrx_word' id='word_1_884' title='bbox 1619 3270 1749 3317; x_wconf 79' lang='lat' dir='ltr'>gabunt-</span> 
     </span>
    </p>
   </div>
  </div>
 </body>
</html>
