2048 3343
292 135 361 168 104

294 191 423 229 tantiam
439 188 471 222 in
490 195 594 221 errore
610 179 682 230 post
693 177 921 215 admonitiones
936 188 945 214 ;
964 171 1003 206 sic
1017 185 1049 206 e-

296 244 362 277 nim
376 236 521 286 Apostoli
532 232 629 268 verba
639 233 852 277 interpretatur
864 238 872 258 :
896 224 928 253 Τι’
940 226 980 252 ἔςτν
992 223 1051 272 (iq-

296 291 376 333 quit)
392 286 421 318 ὦν
436 283 680 319 ιῖυπιωιπὶκμτΘ-’5
696 281 711 309 ἐ
725 278 754 317 78
766 271 937 324 {xixa-irrr-Tr'bm
953 268 1011 320 ἐδεές
1021 274 1051 318 εἰ·

296 346 335 362 am
349 353 357 365 ‚
380 328 440 359 §Bae
453 324 581 359 άυθὲτησ-εν
596 343 604 356 ,
626 321 681 350 ’ὄπιν
696 318 752 355 μεῖςί
766 318 815 345 τίω
829 323 967 357 masmim-v
983 322 1052 340 noune

296 370 392 410 ἔπιμῖάῃ
402 390 409 403 ,
425 363 652 400 οὶυπνωιπῖκμτΘ*
666 358 762 395 γίνεται·
836 355 887 387 uin
906 356 936 387 &
955 362 986 384 ln
998 362 1053 384 an-

295 416 449 454 tecedenti
462 409 606 447 sententia
618 404 756 443 errorein
769 403 878 439 fatetur
887 399 979 448 ipsam
991 400 1052 434 hae-

297 468 384 504 retici
396 475 533 500 mentem
546 454 714 493 immutasse
726 453 877 492 μετκτὶθεοῧς
884 449 933 480 ‘tim'
942 447 1055 484 mdabat.

297 516 469 561 Ambrosius
487 514 518 546 in
531 511 634 543 locum
648 519 686 540 ne
695 503 833 552 syllabam
846 512 905 547 pro
912 498 1054 552 Remen-

298 567 462 603 strantibus
474 561 578 595 habet.
614 554 804 605 Augustinus
817 550 979 596 aliquoties
993 544 1054 578 huc

300 631 338 653 ex
350 614 510 650 occasione
524 607 683 644 devectus,
701 599 892 637 tantundem.

348 669 544 711 Hieronymus
557 659 587 691 in
598 656 650 690 suo
661 648 885 687 commentario
893 642 996 693 aperte
1004 642 1056 676 ad-

299 715 499 752 versariorum
523 713 736 741 commentum
767 697 850 732 elidit
865 721 875 736 ,
905 692 1057 730 affirmans

300 764 508 800 semanima»
521 754 689 789 existimare
703 748 750 782 sua
763 748 906 795 dogmata
920 741 1013 791 usque
1027 755 1056 776 a-

301 812 448 848 dcovera,
461 819 494 841 ut
507 805 634 838 meliora
648 801 812 834 docentem
823 794 933 844 habeat
943 805 1001 840 pro
1015 804 1058 824 er-

316 886 326 903 ,
352 870 436 894 rante
451 872 460 897 3
474 856 512 889 fic
524 853 606 888 enim
618 849 771 898 loquitur:
793 843 942 892 eAfiipsb
955 840 1058 877 conde-

305 936 327 953 „
352 919 471 943 mnatm
484 904 537 950 est,
556 915 607 949 qus
616 899 705 945 sem-el
715 896 811 943 bifique
822 894 982 928 comestus,
1004 903 1058 924 au-

305 985 327 1002 „
352 959 411 992 dito
423 968 519 990 errore
531 953 580 997 fito
591 964 646 984 non
658 949 725 983 vult
738 948 860 994 corrigi,
879 955 979 977 errare
993 944 1060 974 exi-

305 1035 328 1052 „
351 1010 479 1043 stimans
491 1006 680 1050 corrigentem
695 1012 703 1037 ς
725 1001 762 1037 (9·
773 994 787 1028 ὲ
799 996 945 1027 contrario
958 990 1000 1023 ad
1004 1001 1060 1039 pu-

304 1083 330 1101 „
350 1070 424 1107 gnas
444 1059 481 1095 ὦ*
496 1056 601 1102 jurgia
619 1048 779 1083 verborum
795 1043 851 1088 sese
867 1054 976 1092 parans
996 1052 1063 1074 eum

307 1134 329 1151 ‚‚
360 1108 428 1141 vult
438 1104 612 1148 lucrtfacere
623 1100 641 1133 ὰ
654 1110 709 1146 qao
723 1097 849 1130 docetur.

342 1149 633 1193 verumenimvero,
642 1148 712 1195 quia
725 1141 987 1180 novaturientibus
1000 1137 1065 1172 sor-

308 1208 360 1242 det
373 1205 537 1240 auctoritas
550 1210 704 1236 veterum,
728 1194 855 1240 accipite
870 1204 936 1239 quae
949 1189 1068 1238 ipsimet

309 1259 341 1292 in
354 1257 436 1291 hunc
449 1251 578 1287 afferunt
591 1251 706 1282 locum.
743 1245 877 1279 Doctor
890 1244 1024 1274 Potterm
1037 1239 1069 1270 in

311 1307 366 1342 suo
387 1295 611 1340 celebri-nimis
631 1293 780 1343 opusculo
794 1319 804 1333 ‚
830 1291 883 1325 ubi
903 1289 1068 1334 Cassandri,

310 1354 480 1406 Spalatenfis
495 1374 503 1387 ,
529 1354 560 1384 &
575 1344 861 1381 Remonstrantium
875 1340 911 1373 ad
931 1350 1051 1373 morem
1061 1362 1069 1376 ‚

311 1407 403 1442 latam
415 1399 564 1438 haereticis
579 1397 743 1433 omnibus,
759 1391 907 1439 plerisque
922 1387 1022 1423 saltem
1036 1388 1070 1420 ad

313 1454 437 1490 salutem
450 1449 583 1501 pandens
596 1457 735 1493 portam;
754 1455 817 1475 non
827 1452 929 1474 tamen
940 1439 1024 1486 plura
1036 1437 1072 1470 ad

314 1502 519 1538 dmm-niueam
537 1496 665 1543 requirit
677 1492 756 1527 hisce
770 1492 885 1529 tribus,
903 1490 978 1522 utin
993 1487 1071 1521 Scri-

315 1552 406 1600 ptura
419 1551 528 1584 veritas
546 1545 649 1594 aperte
662 1543 825 1579 reveletur,
852 1550 885 1572 ut
900 1539 1007 1572 eadem
1026 1549 1073 1570 er-

315 1602 393 1636 ranti
407 1597 549 1633 distincte
559 1604 758 1642 proponatur,
774 1601 807 1624 ut
819 1601 920 1623 errans
931 1588 1011 1623 nulla
1023 1599 1073 1619 na-

317 1651 406 1686 turali
419 1647 520 1687 οἱρῥωτέῳ
533 1646 651 1679 laboret
662 1668 671 1683 ‚
683 1642 769 1676 nullo
783 1640 893 1675 mentis
906 1636 1073 1672 extraordi-

318 1701 406 1736 nario
418 1698 496 1733 vitio
515 1694 699 1742 impediatur
710 1716 720 1731 ‚
745 1689 811 1738 quo
827 1687 927 1722 minus
944 1686 1029 1734 quod
1044 1698 1075 1718 a-

318 1749 404 1798 perte
419 1746 565 1782 revelatur
578 1745 593 1779 a
608 1745 694 1782 Deo,
706 1740 793 1788 quod
805 1737 948 1772 distinete·
957 1747 1077 1784 propo-

319 1801 402 1834 nitur
413 1798 451 1832 ab
463 1793 642 1830 hominibus
657 1790 825 1836 intelligere
834 1788 945 1822 valeat:
960 1786 1013 1820 ista
1026 1798 1078 1820 ve-

320 1849 359 1884 ῐὸ
373 1848 478 1882 omnia
490 1845 600 1879 fatetur
614 1839 778 1877 consistere
792 1850 861 1872 curn
871 1838 996 1872 errantis
1009 1835 1079 1882 opi-

321 1900 419 1934 nione
437 1897 475 1931 de
494 1885 676 1942 dogmatum
695 1889 818 1924 suorum
833 1886 982 1923 vcriffima
999 1886 1080 1922 veri-

321 1958 396 1983 tate-

373 1996 432 2032 Sed
444 1993 536 2029 missis
548 1988 798 2027 auetoritatibus,
825 1986 887 2034 qua
899 1984 1023 2021 tandem
1036 1996 1082 2018 ra-

324 2048 412 2083 tione
431 2045 565 2094 probant
584 2052 726 2089 negatum
746 2038 986 2085 argumentum?
1010 2034 1083 2068 dum

324 2097 425 2132 volvas
447 2101 477 2130 &
492 2092 625 2128 revolvas
647 2091 662 2125 a
682 2090 780 2137 capite
800 2089 836 2121 ad
861 2086 974 2120 calcem
996 2086 1082 2131 Apo-

325 2147 441 2193 logiam
457 2155 554 2178 totam
568 2165 577 2179 ,
605 2140 716 2175 nullam
734 2137 867 2171 invenies
880 2136 1005 2169 rationis
1020 2148 1087 2168 um-

327 2196 432 2235 bram,
455 2192 508 2226 nisi
521 2190 606 2237 quod
623 2188 703 2223 forte
716 2201 752 2221 ex
767 2188 831 2233 ipso
845 2185 997 2219 vocabulo
1014 2187 1085 2213 duw-

329 2243 468 2279 »raanan
484 2238 633 2287 ingenioli
646 2237 790 2270 homines
803 2236 961 2268 excudant.

377 2301 424 2333 Ex
437 2310 513 2333 voce
525 2307 627 2330 tamen
639 2293 728 2326 nullis
744 2290 874 2323 fidiculis
894 2286 972 2321 aliud
987 2295 1089 2319 extor-

331 2361 424 2396 queas
435 2359 530 2394 quam
544 2345 720 2377 damnatum
732 2339 809 2383 aft3
830 2338 850 2371 si
864 2336 939 2371 ultra
954 2347 1090 2382 premas,

332 2410 460 2432 omnem
474 2393 751 2429 suidamnationem
763 2403 772 2428 3
786 2386 841 2422 suae
849 2386 958 2420 mentis
971 2384 1089 2419 tantum

333 2453 364 2483 &
378 2444 569 2482 conscientiae
583 2440 728 2476 sententifi
746 2438 828 2477 fieri,
851 2433 983 2470 omnino
997 2446 1089 2482 nega-

333 2510 402 2531 mus
414 2494 576 2543 sequelam.
611 2492 694 2526 Nam
709 2491 725 2524 a
738 2499 849 2537 genere
869 2487 906 2520 ad
925 2483 1090 2531 specierum

335 2548 457 2580 alteram
473 2544 575 2592 putida
588 2541 631 2575 est
644 2537 861 2587 consequentia
876 2561 884 2576 ‚
911 2547 967 2568 nec
979 2534 1092 2568 melior

335 2597 390 2631 are
398 2596 434 2629 ad
446 2606 542 2629 unum
556 2593 599 2625 rei
611 2590 753 2625 modum.
778 2586 886 2621 Multis
900 2584 1001 2618 modis
1014 2594 1092 2617 con-

335 2646 478 2680 demnare
490 2640 615 2689 seipsum
629 2640 696 2688 quis
710 2636 823 2685 potest,
836 2646 938 2668 mente
951 2631 1019 2672 sua,
1036 2644 1092 2668 ore

338 2693 410 2734 suo,
433 2705 528 2741 opere
541 2691 595 2726 suo
608 2705 616 2725 :
635 2691 672 2723 de
685 2683 909 2735 posterioribus
922 2682 1023 2717 modis
1038 2682 1091 2715 ali-

338 2744 461 2792 quoties
479 2740 556 2776 sacra
572 2740 723 2786 Scriptura
736 2760 746 2775 ‚
770 2735 807 2769 de
824 2734 926 2782 primo
944 2742 1091 2779 quantum

339 2793 478 2830 memini,
488 2802 655 2837 nunquam.
665 2790 753 2822 Luca
757 2798 788 2827 9.
798 2796 837 2818 21.
851 2786 942 2816 Serve
954 2792 1094 2828 nequam,

340 2855 378 2877 ex
390 2855 436 2876 ore
448 2852 497 2874 tuo
510 2851 537 2874 te
546 2839 656 2887 judico.
687 2837 750 2871 Hic
763 2835 816 2881 qui
830 2831 887 2868 suis
900 2831 1001 2866 verbis
1014 2842 1093 2865 con-

341 2891 545 2926 demnationis
565 2887 620 2922 suae
639 2895 815 2935 argumenta
834 2881 984 2917 Domino
1002 2880 1095 2914 mini-

341 2941 458 2978 stravit,
473 2938 516 2973 est
528 2939 544 2972 a
556 2936 584 2971 se
596 2938 829 2971 condemnatus,
844 2932 908 2965 hoc
921 2928 975 2968 est,
989 2928 1027 2962 ab
1040 2940 1096 2962 ore

343 2989 409 3024 suo.
440 2989 490 3022 Ad
503 2989 637 3021 Roma.
650 2998 673 3020 1.
691 2983 839 3033 Qisquis
850 2982 946 3014 alium
957 2977 1095 3017 damnas,

345 3039 466 3086 teipsam
479 3036 664 3072 condemnas,
677 3038 750 3081 quia
764 3028 961 3074 eademfacis.
991 3026 1054 3060 Hic
1065 3039 1097 3060 u-

346 3097 454 3133 terque
470 3085 581 3119 modus
596 3081 814 3119 οἰυπνιᾳῇικφίπως
826 3076 1040 3124 conjungitur;
1060 3088 1097 3109 o-

347 3135 406 3174 ris,
423 3136 453 3167 in
466 3134 562 3168 aliena
573 3130 850 3169 condemnatione3
867 3128 987 3174 operis,
1004 3125 1036 3159 in
1044 3122 1097 3159 suo

300 888 310 905 2

690 109 1100 150 DrATR18A
1169 98 1442 137 Pinna.

1085 168 1139 204 hil.
1147 168 1252 203 Rec'te
1264 169 1367 215 itaque
1380 167 1615 212 interpretantur
1623 163 1770 210 Apostoli
1782 176 1851 200 ver-

1089 220 1126 254 ba
1138 232 1198 266 prae
1215 217 1370 256 manibus,
1386 216 1573 250 condemnat
1587 211 1715 261 seipsum
1726 214 1851 249 haereti-

1089 281 1153 308 cus,
1165 269 1218 315 qui
1232 267 1306 301 sicut
1320 265 1503 310 Ambrosius,
1520 267 1726 310 Hieronymus,
1745 267 1800 296 Au
1819 275 1855 296 u-

1089 319 1186 351 stinus
1200 316 1387 351 vocabulum
1400 315 1548 349 Graecum
1563 323 1731 360 exponunt,
1747 316 1778 346 &
1800 324 1855 345 or-

1092 366 1168 401 taffis
1182 377 1250 400 ante
1264 363 1344 411 ipsos
1357 366 1449 410 Syrus
1459 369 1621 408 interpres,
1633 361 1817 396 transferens
1827 363 1857 394 i-

1089 416 1135 464 pse
1152 414 1328 448 condemnat
1349 417 1484 446 animam
1499 413 1591 456 suam
1604 436 1613 448 ‚
1645 424 1709 445 non
1728 409 1803 445 verb
1825 413 1858 443 i-

1090 464 1135 511 Pft
1152 463 1363 497 condemnatur
1377 462 1415 496 ab
1429 459 1599 504 ammdfiui
1611 485 1621 497 ‚
1645 460 1744 494 vehou
1762 457 1854 508 hajab

1092 513 1186 561 naphs
1188 512 1257 545 hah.
1274 514 1510 558 interpretamur
1523 522 1600 558 ergo
1608 511 1797 544 condemnat
1812 508 1859 544 se—

1095 561 1210 608 ipsum,
1230 559 1283 596 suo
1296 558 1382 595 faeto
1395 559 1529 600 scilicet,
1546 559 1635 607 quod
1651 558 1792 593 Ecclefiae
1806 558 1860 593 ad-

1095 612 1251 647 monentis
1260 610 1383 646 conlilia
1391 612 1614 654 contumaciter
1628 606 1788 656 spreverit3
1803 606 1859 641 suo

1095 662 1186 695 etiam
1198 674 1254 695 ore
1268 685 1277 700 ‚
1299 660 1385 708 quod
1398 660 1503 694 omnis
1518 658 1677 694 haereticus
1691 657 1790 693 verbis
1805 655 1860 691 sal-

1095 722 1158 745 tem
1171 710 1358 758 ample&ens
1367 710 1475 745 Divini
1488 708 1574 744 verbi
1587 707 1705 743 literam
1723 705 1859 754 (alioqui

1096 773 1132 794 ex
1146 762 1305 796 Haeretico
1319 760 1469 794 Ethnicus
1483 759 1638 804 evaderet)
1660 757 1765 793 omnis
1785 758 1858 802 (in-

1097 811 1206 856 quam)
1222 823 1278 844 ore
1293 808 1455 857 profitetur
1469 821 1517 843 eas
1530 809 1681 847 veritates,
1696 820 1733 842 ex
1746 805 1859 855 quibus

1098 857 1152 893 suae
1163 858 1311 894 haereseos
1325 870 1422 898 error,
1435 855 1582 893 &falfitas
1595 856 1760 892 necessario
1773 856 1860 891 evin-

1099 910 1124 943 ci
1141 909 1239 956 poffit.
1265 909 1410 943 Tertium
1423 908 1553 955 propriae
1567 906 1772 941 damnationis
1787 918 1861 939 mo-

1100 960 1172 993 dum
1187 957 1444 993 Remonstrantes
1468 968 1526 1003 pro
1545 956 1678 1003 imperio
1693 956 1802 990 volunt
1813 957 1862 989 A-

1099 1008 1225 1056 postolo
1239 1008 1423 1047 obtrudere,
1457 1005 1506 1040 sed
1521 1006 1614 1040 nobis
1626 1005 1714 1039 liceat
1727 1003 1862 1038 diffenti-

1101 1070 1153 1098 re,
1178 1060 1278 1094 donec
1298 1058 1463 1105 imperium
1483 1055 1569 1091 suum
1583 1055 1677 1090 unico
1699 1051 1801 1088 saltem
1815 1065 1862 1087 ar-

1102 1119 1252 1155 gumento
1270 1106 1540 1142 statuminaverint.
1584 1104 1618 1139 Id
1642 1103 1695 1152 ipsi
1712 1103 1838 1152 quidem
1851 1126 1862 1143 ‚

1103 1158 1206 1204 quoad
1219 1155 1280 1190 scio
1294 1182 1303 1197 ,
1329 1168 1394 1190 non
1407 1166 1575 1195 conantur3
1596 1154 1613 1189 a
1631 1152 1806 1201 sequacium
1818 1162 1864 1186 ta-

1104 1221 1175 1242 men
1190 1207 1345 1240 nonnullis
1356 1206 1446 1240 unica
1459 1204 1534 1240 solet
1545 1203 1646 1239 afferri
1661 1204 1757 1244 ratio,
1771 1214 1864 1250 quam

1105 1259 1249 1306 proximo
1263 1258 1336 1290 loco
1350 1256 1451 1302 paucis
1466 1253 1714 1302 perstringemus.

1165 1311 1192 1340 A
1207 1306 1366 1352 scripturis
1378 1304 1489 1352 depulsi
1506 1300 1692 1350 confugiunt
1705 1301 1742 1337 ad
1754 1300 1864 1335 huma-

1107 1370 1151 1391 nae
1165 1356 1290 1389 rationis
1304 1365 1428 1401 puteum
1438 1378 1448 1393 ,
1461 1354 1532 1387 inde
1544 1355 1633 1386 unius
1646 1363 1763 1386 tantum
1777 1361 1868 1398 argu-

1108 1407 1234 1440 mentuli
1252 1404 1368 1438 fitulam
1387 1403 1539 1437 hauriunt.
1589 1402 1657 1449 Qi
1674 1401 1793 1439 errori,
1819 1401 1867 1433 in-

1109 1457 1219 1504 quiunt
1230 1479 1240 1494 ‚
1267 1454 1380 1487 addunt
1393 1453 1424 1485 in
1437 1451 1567 1485 errando
1579 1450 1774 1497 pertinaciam
1788 1472 1798 1488 ,
1819 1446 1869 1481 isti

1110 1506 1218 1552 sponte
1231 1514 1337 1537 contra
1352 1502 1462 1535 mentis
1474 1499 1529 1534 suae
1545 1502 1648 1534 lumen
1663 1510 1761 1533 errant
1777 1512 1785 1532 ι
1811 1503 1870 1532 At-

1110 1557 1162 1602 qui
1175 1555 1239 1588 haec
1252 1553 1395 1587 omnium
1407 1551 1622 1584 haereticorum
1637 1547 1700 1582 sors
1712 1547 1767 1582 est.
1792 1549 1873 1580 Arn-

1111 1605 1273 1651 pltffimur
1288 1603 1461 1639 Minorem,
1475 1598 1522 1633 sed
1538 1599 1657 1647 quantis
1671 1597 1787 1632 merito
1804 1594 1878 1630 fibi-

1113 1655 1147 1688 lis
1166 1655 1270 1698 Major
1282 1649 1459 1698 excipienda
1472 1648 1505 1683 sit
1518 1673 1529 1689 ‚
1553 1651 1719 1695 loquantur
1731 1647 1879 1680 Remon-

1112 1703 1268 1738 strantium
1283 1699 1434 1749 Magistri.
1454 1699 1547 1734 Varia
1560 1698 1652 1732 citare
1664 1698 1735 1732 licet
1748 1696 1877 1743 Apolo-

1113 1756 1168 1803 giae
1181 1762 1352 1790 commata,
1375 1749 1444 1785 vide
1457 1746 1575 1783 tantum
1588 1747 1623 1781 fis
1636 1760 1704 1794 pag.
1713 1759 1776 1793 271.
1805 1749 1879 1778 Con-

1114 1828 1136 1844 „
1161 1805 1295 1837 tumacia
1317 1800 1504 1846 (inquiunt)
1529 1798 1580 1831 vel
1586 1799 1752 1845 pertinacia
1763 1795 1797 1828 de
1808 1795 1880 1839 for-

1115 1878 1138 1894 „
1164 1854 1238 1887 mali
1250 1854 1361 1884 ratione
1376 1847 1500 1892 haereseos
1513 1847 1550 1892 est
1562 1871 1571 1884 ‚
1593 1849 1760 1894 pertinacia
1777 1855 1879 1877 autem

1116 1928 1139 1944 „
1163 1916 1220 1937 non
1226 1901 1367 1950 figmficas
1378 1898 1539 1933 voluntatis
1550 1897 1661 1932 abiam,
1674 1896 1757 1942 qaafi
1765 1893 1878 1927 hareti-

1117 1978 1139 1993 ‚‚
1163 1965 1212 1986 cus
1227 1950 1340 1994 etiamst
1348 1949 1382 1982 de
1395 1950 1522 1981 veritate
1528 1944 1798 1992 fnndamentaltfit
1811 1954 1879 1976 con-

1119 2027 1141 2043 ,‚
1166 2003 1276 2040 viHus,
1285 2000 1357 2034 velit
1367 2009 1466 2032 tamen
1480 2008 1516 2028 ex
1524 1994 1642 2044 professo
1657 1995 1818 2043 opinationi
1822 1990 1882 2036 sita

1121 2077 1144 2093 „
1161 2051 1240 2098 faffie
1253 2049 1408 2084 adherere,
1424 2045 1501 2080 nihil
1511 2043 1611 2079 mimis
1625 2058 1634 2077 .·
1656 2044 1709 2077 hoc
1724 2046 1802 2076 enim
1815 2052 1880 2073 me-

1122 2127 1146 2142 „
1172 2102 1425 2149 rumfigmentum
1438 2096 1482 2129 εὲῗ
1496 2118 1504 2131 ,
1524 2094 1578 2138 sed
1585 2094 1730 2142 fignificat
1748 2101 1880 2124 errorem

1127 2177 1149 2191 ‚‚
1177 2153 1281 2184 mentis
1298 2173 1305 2185 ‚
1329 2152 1361 2182 in
1373 2144 1572 2193 quofi’duiius
1588 2153 1707 2174 manere
1722 2140 1804 2174 vult,
1812 2139 1881 2184 five

1125 2225 1146 2240 ‚‚
1171 2203 1243 2246 quia
1257 2201 1385 2230 rationes
1403 2206 1459 2228 non
1477 2191 1567 2224 audit
1583 2214 1593 2230 ‚
1619 2203 1678 2237 qua
1695 2192 1882 2222 contrarium

1120 2271 1129 2285 ‚
1138 2271 1147 2285 ‚
1172 2247 1325 2290 efficaciter
1329 2242 1455 2286 fitadcnt
1463 2265 1472 2280 ,
1479 2241 1543 2285 five
1554 2241 1627 2285 qnia
1638 2243 1766 2272 rationes
1774 2262 1783 2277 ‚
1796 2235 1882 2286 perse

1124 2319 1146 2334 „
1164 2295 1239 2337 fiatis
1252 2293 1376 2336 efficaces
1388 2302 1440 2338 pro
1453 2291 1558 2321 merito
1570 2300 1627 2322 non
1646 2287 1807 2334 introspicit
1829 2296 1883 2319 aut

1125 2366 1146 2382 ‚‚
1172 2341 1340 2386 confiderat.
1365 2341 1442 2374 Item
1455 2350 1524 2385 pag.
1538 2339 1604 2381 285.
1629 2338 1727 2372 Nemo
1740 2334 1840 2369 deditii
1852 2349 1884 2368 o-

1124 2416 1147 2432 „
1170 2390 1242 2441 perd
1255 2400 1350 2425 errat,
1363 2399 1417 2422 aut
1429 2399 1529 2421 errare
1535 2389 1567 2431 se
1570 2385 1625 2430 fibi
1629 2396 1680 2435 per
1694 2385 1781 2418 tradet
1790 2409 1798 2421 ‚
1812 2378 1883 2418 ciam

1126 2466 1148 2482 ‚‚
1175 2443 1209 2475 de
1228 2438 1333 2474 aterna*
1343 2436 1505 2483 salutesud
1520 2439 1638 2485 agitur3
1662 2436 1813 2482 qnarefas
1825 2445 1883 2467 non

1125 2515 1148 2531 ,‚
1173 2490 1209 2535 est
1223 2493 1320 2524 invito
1332 2489 1424 2521 alicui
1436 2488 1587 2521 malitiam
1597 2483 1759 2518 attribuere
1772 2508 1782 2523 ,
1807 2482 1881 2517 cha-

1124 2564 1147 2580 ,‚
1170 2545 1244 2574 ritas
1255 2537 1451 2582 aliudfitadet
1460 2561 1470 2576 ,
1486 2540 1523 2576 ὠ·
1535 2534 1763 2584 praesumptiones
1771 2544 1824 2583 pro
1832 2544 1878 2565 er-

1125 2614 1147 2630 „
1174 2588 1339 2633 rantefimt:
1349 2586 1474 2634 quodad
1474 2587 1671 2634 pertinaciam
1677 2587 1798 2624 attinet,
1811 2593 1877 2616 eam

1127 2664 1148 2680 ‚‚
1173 2650 1275 2674 errans
1286 2650 1342 2671 non
1354 2636 1507 2680 diffitetur,
1518 2633 1573 2678 sed
1583 2633 1775 2678 constantiam
1787 2632 1834 2677 effe
1844 2634 1876 2664 in

1127 2714 1150 2730 ‚,
1174 2691 1303 2722 veritate
1315 2686 1424 2726 creab't3
1434 2686 1601 2733 pertinacia
1613 2687 1692 2718 enim
1704 2683 1751 2727 effe
1762 2683 1876 2726 desinit,

1126 2763 1149 2779 „
1177 2733 1247 2772 ciam
1260 2737 1324 2784 quis
1337 2738 1369 2768 in
1382 2746 1411 2768 eo
1423 2734 1502 2782 quod
1512 2733 1604 2767 credit
1615 2732 1780 2776 autfintit‚
1794 2741 1877 2762 erra-

1125 2812 1148 2829 ,‚
1173 2786 1242 2831 refi
1252 2798 1309 2820 non
1321 2784 1453 2819 advertit
1461 2809 1470 2824 ,
1483 2783 1608 2829 adeoque
1613 2782 1645 2826 se
1655 2779 1878 2824 nonerrarefir-

1126 2862 1150 2879 „
1175 2840 1264 2871 miter
1273 2835 1441 2884 perfhafitm
1454 2833 1549 2867 habet.

1179 2886 1278 2934 Qod
1286 2884 1323 2918 ad
1335 2883 1511 2918 testimonia
1518 2891 1670 2915 veterum,
1684 2878 1748 2912 duo
1758 2875 1877 2912 tantum
1890 2882 2010 2922 Responfio

1131 2934 1297 2969 afferuntur
1309 2945 1345 2966 ex
1358 2930 1533 2979 Augustino
1545 2929 1623 2962 loci:
1636 2928 1709 2962 alter
1722 2941 1759 2962 ex
1771 2923 1876 2973 praefa·
1891 2925 1928 2951 ad
1935 2928 2023 2959 Augu-

1130 2985 1218 3020 tione
1230 2982 1301 3016 libri
1313 2981 1349 3015 de
1357 2979 1517 3014 haerefibus
1525 2977 1561 3012 ad
1578 2977 1676 3027 Qod
1685 2978 1746 3013 vult
1759 2978 1878 3011 Deum.

1132 3058 1155 3075 „
1179 3030 1272 3082 Qd
1281 3043 1343 3079 ergo
1348 3030 1450 3075 faciat
1460 3028 1627 3062 hareticum
1643 3051 1653 3066 ‚
1672 3028 1801 3075 regulari
1812 3028 1881 3072 qui-

1132 3108 1155 3123 „
1181 3083 1247 3116 dem
1264 3079 1426 3125 definitione
1446 3075 1648 3125 comprehendi
1657 3076 1735 3121 ficut
1748 3088 1795 3124 ego
1812 3077 1881 3121 qui-

1132 3157 1154 3173 ‚‚
1182 3131 1248 3165 dem
1261 3128 1408 3172 existimo,
1429 3138 1483 3161 aut
1501 3124 1617 3160 omnint)
1630 3137 1685 3159 non
1693 3124 1781 3173 potest
1793 3149 1802 3163 ,
1827 3132 1881 3155 aut

346 3182 452 3225 fa&o;
478 3183 516 3217 de
527 3182 637 3218 mentis
649 3184 681 3216 &
691 3177 881 3215 conscientiae
893 3175 1040 3213 sententia
1050 3174 1096 3209 ni-
1133 3206 1155 3222 n
1181 3179 1272 3229 quam
1283 3178 1450 3224 dtfficjlljmg»
1463 3175 1560 3226 potest,
1591 3174 1651 3210 sed
1664 3174 1740 3208 nihil
1752 3172 1807 3208 ista
1819 3174 1880 3209 wei<

1803 3221 1883 3252 ’ἐπ-Φῆ

1885 2964 1920 2999 sti
1922 2966 1946 2991 ni
1952 2963 2011 2991 loca.
