2048 3343
280 184 357 216 190
633 141 1473 196 OPER18H18TOR101

280 253 354 281 cant
364 265 374 279 ‚
389 240 406 275 Ξι
417 232 687 275 Νεῦιιιῢαάηεωνιά
697 228 803 275 primo
816 221 973 257 inchoant
988 218 1021 250 &
1068 213 1101 245 in
1113 223 1127 245 e

283 301 402 340 quarto
423 284 562 330 loaQ'mi,
581 293 616 316 ut
635 277 724 327 supra
739 274 880 311 vidimus
900 294 910 309 ,
936 266 1024 302 clau·
1071 271 1168 294 mana

1132 208 1260 243 ditione
1275 199 1479 240 Plautiniauz'i
1496 215 1504 236 ι
1525 199 1612 248 quod
1624 199 1731 236 editio
1743 201 1818 234 Ro-

1184 254 1441 301 interrogatione
1454 261 1575 286 careat,
1587 249 1670 297 quid
1682 250 1724 283 ad
1734 253 1821 283 nos?

287 344 437 386 duntque
449 338 481 370 in
496 334 600 381 primo
612 322 837 380 Cyri,quaudo
851 314 1024 363 Babyloni-

289 401 362 426 cum
376 384 525 422 eversum
537 380 579 416 est
590 377 766 426 Imperium
786 376 818 407 &
836 368 1026 416 Judaeorum

289 438 460 486 captivitas
478 432 603 467 soluta.
646 431 682 460 In
700 426 761 458 hac
782 419 940 455 sententia.
960 413 1028 466 sunt

291 487 474 524 theodoretus
485 510 494 522 ‚
511 482 703 522 Hieronymus,
713 470 877 519 Augustinus
888 491 909 521 ²,
924 468 957 498 &
978 461 1030 494 alu

291 546 425 571 veteres.
451 532 551 566 Ribera
562 540 632 563 eam
645 521 764 572 prolixe
775 516 935 553 defendit,
944 508 1030 563 &ab

294 597 337 620 eo
357 583 510 617 traditam
531 579 695 624 accipiunt
721 568 838 604 lesuitae
859 589 877 617 ,⁸
892 562 1036 616 Saric'ttm,

295 635 432 668 Petavim
446 656 457 672 ,
476 636 502 665 C
504 629 622 663 ornelius
639 648 649 661 ‚
673 620 805 656 isenricus
825 612 946 657 Philippu
961 632 973 650 ,
999 610 1031 640 &

299 683 363 716 alii.

1072 308 1127 356 ipsi
1140 307 1290 342 viderint.
1309 301 1410 338 Certe
1423 299 1588 334 Hebraica
1600 300 1716 333 veritas
1728 309 1825 345 aper-

1072 357 1189 391 tissime
1209 354 1252 389 est
1278 351 1509 399 interrogativa
1527 373 1536 389 ,
1561 352 1595 383 δε
1621 346 1824 382 Advetbium

1074 407 1215 452 quamdiu
1233 403 1332 436 initio
1353 399 1461 436 verius
1482 397 1627 446 positum
1643 421 1652 437 ‚
1681 405 1717 429 ut
1738 392 1826 429 recte

1076 456 1172 489 vertit
1192 454 1274 486 Arias
1293 457 1468 487 Montanws,
1487 461 1557 482 non
1570 444 1672 495 potest
1684 456 1753 478 non
1765 440 1828 478 effe

1077 502 1354 550 interrogativum
1367 524 1377 539 ,
1392 502 1426 533 δέ
1439 507 1547 531 totum
1562 493 1687 532 versum
1700 493 1826 542 puncto

1076 549 1299 597 interrogandi
1309 547 1467 582 claudere.

1848 590 1985 630 Singularis

1848 642 1911 661 error
1920 633 1976 660 nr-

1849 674 1924 703 nielli.

1127 602 1271 635 Primam
1290 598 1374 631 hanc
1393 593 1590 629 sententiam
1605 592 1826 631 dimittemus,

1079 649 1239 697 siJesuitae
1249 642 1512 692 Torniellilapsum
1530 642 1548 677 a
1567 644 1686 677 Saliano
1707 644 1742 676 &
1762 641 1830 674 aliis

141 732 268 773 Defendi·
347 731 473 766 Contra
490 726 572 760 hanc
589 717 777 755 sententiam
789 710 914 747 Pererius
932 704 1034 740 insur-
1079 701 1212 736 suorum
1237 695 1447 731 observatum
1466 693 1707 727 notaverimus.
1743 692 1830 723 Am-

142 778 269 805 mPere-
299 783 365 828 git,
386 777 432 812 ob
444 769 632 821 quodasuis
643 762 796 800 fratribus
808 759 940 806 vapulat
953 780 962 795 ‚
979 753 1034 789 sed
1081 750 1237 798 plebkitur
1263 746 1317 781 ille
1343 743 1589 779 diffinitionem
1615 741 1757 788 duplicis
1783 740 1831 773 se-

142 820 282 844 riuscontra
300 829 391 863 nullo
403 823 459 858 suo
470 822 607 856 merito:
628 813 797 860 rejicitille
806 808 940 856 quidem
951 803 1036 838 hanc
1083 797 1290 845 ptuagesimae
1316 793 1334 828 a
1355 794 1467 829 Pererio
1488 788 1649 837 nobisque
1667 792 1830 833 rejectam,

137 858 278 896 fratresle-
298 874 487 912 sementiam
505 868 550 903 ob
577 867 719 901 rationes
744 860 872 905 aliquot
899 849 1035 888 minime
1081 846 1134 881 sed
1151 843 1347 892 singularem
1374 846 1407 876 δε
1422 842 1555 876 deviam
1569 838 1701 887 prorsus
1711 851 1832 874 nume-

136 898 225 934 fimas.

298 922 480 973 probandas
502 933 510 953 :
528 919 572 951 ait
592 916 680 949 enim
700 910 806 946 multo
819 908 925 954 plures
939 900 1036 949 quam

297 975 416 1008 veritas
427 967 572 1005 admittit
582 990 592 1005 ,
615 960 704 996 fuiffc
716 969 818 994 annos
830 951 1040 991 desolationis

299 1022 341 1056 ab
354 1019 457 1056 exciso
470 1014 596 1063 templo
609 1012 651 1046 ad
663 1010 886 1044 restauratum,
900 1000 1039 1036 secundo

299 1072 388 1106 Darii
399 1068 531 1115 Hystaspis
551 1077 559 1103 3
576 1074 651 1096 nam
662 1068 812 1094 numerat
825 1054 843 1090 a
855 1055 963 1101 primo
973 1050 1042 1098 Cyri

301 1119 440 1167 quando
450 1115 551 1150 soluta
562 1112 604 1147 est
616 1110 795 1159 captivitas,
808 1104 850 1139 ad
863 1098 1040 1136 secundum

302 1168 389 1205 Darii
399 1177 503 1200 annos
514 1164 604 1210 supra
611 1158 828 1207 quadraginta.
844 1155 880 1186 ln
891 1150 955 1184 hoc
967 1158 1042 1182 cum

304 1216 471 1264 aliquibus
484 1214 626 1257 antiquis
637 1207 734 1243 crasse
746 1214 830 1240 errat
848 1227 858 1241 ‚
885 1200 964 1234 dum
977 1196 1043 1245 pri-

306 1278 398 1301 mum
420 1264 529 1310 Regni
549 1262 618 1309 cyri
639 1255 757 1292 Persici
776 1248 952 1288 confundit
971 1257 1043 1281 cum

306 1316 416 1364 ptimo
436 1309 638 1347 Monarchiae
663 1309 731 1352 Cyri
747 1329 757 1346 ‚
783 1307 816 1337 &
834 1297 965 1346 Imperii
977 1298 1046 1338 ejus

305 1362 496 1410 Babylonici
531 1370 570 1392 ac
601 1353 807 1390 liberationis
840 1347 1046 1396 judaeorum.

307 1417 393 1451 Nam
412 1412 505 1458 supra
521 1407 637 1454 viginti
656 1415 762 1438 annos
775 1394 1047 1451 Cyrmimperavit

308 1461 409 1500 Persis
425 1470 501 1493 ante
518 1467 647 1505 captam
657 1442 1048 1499 Babylonem&eveisam

308 1507 538 1547 Monarchiam
553 1503 761 1550 Assyriorum.
782 1499 883 1533 Hunc
895 1493 1049 1529 tamenin

305 1561 421 1595 Pererio
444 1551 733 1590 anachronismum
759 1559 831 1582 non
847 1545 990 1580 omnino
1000 1552 1049 1576 ta-

305 1600 691 1651 xantadversariiJesuitae
702 1598 816 1634 fratres
837 1609 846 1629 t
873 1599 905 1630 δε
926 1590 1005 1629 vero
1026 1587 1048 1623 fi

305 1659 370 1693 hoc
381 1654 567 1704 sphalmain
576 1663 618 1686 eo
632 1658 803 1698 praetereas
817 1671 827 1687 ‚
844 1645 987 1693 primam
998 1652 1050 1674 re-

306 1704 517 1755 sponsionem
547 1699 636 1736 ῐεᾶὲ
665 1705 843 1746 oppugnat
862 1718 871 1732 ,
892 1694 937 1727 air
960 1691 1049 1726 enim

308 1755 513 1802 Prophetam
538 1752 690 1786 ieremiam
717 1750 750 1782 δέ
769 1746 851 1780 alios
861 1738 962 1790 vulgo
972 1751 1051 1774 con-

310 1804 449 1839 fundere
473 1802 695 1848 captivitatem
722 1793 960 1839 Babylonicam
975 1800 1050 1823 cum

312 1851 512 1898 Babylonica
522 1848 739 1884 desolatione:
749 1847 782 1879 δε
791 1854 863 1890 quae
875 1842 967 1875 Deus
976 1838 1053 1874 facit

314 1901 432 1936 eadem
445 1911 512 1933 non
522 1895 582 1933 effe
593 1897 766 1930 hominum
778 1905 816 1926 ea
826 1892 982 1939 separare:
992 1886 1054 1921 ad-

317 1951 425 1985 dimus
434 1960 495 1983 nos
506 1947 561 1981 has
569 1946 667 1980 etiam
679 1944 833 1978 rationes.

364 1996 490 2033 Primo.
517 1995 722 2029 Distiffionis
745 1992 840 2036 hujus
857 1987 1056 2024 fundamen‘

314 2059 385 2082 tum
398 2046 520 2080 nullum
532 2043 592 2080 est,
612 2056 686 2078 cuin
703 2043 735 2076 in
751 2053 793 2075 eo
806 2049 947 2088 ponatur
962 2033 1056 2083 quod

316 2097 474 2132 zacharias
486 2092 652 2140 Propheta
669 2089 846 2126 secundum
861 2088 948 2123 Darii
959 2097 1058 2119 voca-

314 2147 398 2179 verit
408 2154 531 2176 annum
542 2138 834 2189 septuagesimum:
847 2135 1057 2183 supraautem

317 2192 496 2239 quaestione
516 2189 611 2225 tertia
638 2187 938 2224 demonstravimus
955 2183 1060 2218 mani-

318 2241 432 2277 festam
446 2238 528 2272 hanc
554 2236 614 2270 esse
626 2238 731 2270 Latini
747 2235 937 2279 Interpretis
948 2232 1061 2276 depta-

319 2291 488 2325 vationcm
519 2284 626 2321 textus
652 2283 808 2317 thraici
833 2299 842 2320 ς
880 2279 969 2327 quod
996 2288 1059 2310 tam

320 2340 456 2374 petavius
465 2334 563 2382 quam
574 2335 705 2368 Saliartus
716 2332 867 2366 videntur
877 2326 1067 2362 concedere.

320 2383 476 2421 Secundo
499 2409 509 2425 ‚
534 2383 631 2417 lectio
656 2380 721 2416 haec
734 2373 1066 2413 Latinanontantum

319 2434 427 2470 verbis
447 2431 634 2480 Prophetas,
650 2430 704 2465 sed
719 2431 816 2464 etiam
831 2426 933 2474 scopo
954 2423 1064 2458 advet-

319 2485 416 2520 satur:
430 2495 505 2515 nam
517 2480 655 2528 querelae
667 2479 787 2525 Angeli
798 2474 1064 2511 coramDomino

320 2536 459 2568 maxima
470 2531 602 2565 materia
611 2529 653 2563 est
665 2552 674 2568 ‚
686 2528 781 2574 quod
792 2528 945 2561 durarent
955 2523 1063 2557 adhuc

324 2581 437 2630 populi
450 2580 654 2615 calamitates
665 2601 673 2614 ‚
691 2576 867 2624 postquam
880 2574 1038 2608 terminus
1049 2568 1065 2604 a

323 2633 399 2665 Deo
411 2632 447 2664 iis
458 2628 578 2674 positus
601 2625 828 2672 (septuaginta
843 2619 1062 2663 anniteremiae)

326 2676 503 2714 effluxisset.
534 2675 633 2710 Nulla
645 2673 696 2707 hic
708 2671 846 2719 querelae
862 2672 999 2704 materia
1013 2693 1023 2709 ,
1042 2667 1062 2700 fi

330 2726 530 2775 septuaginta
547 2725 623 2757 anni
639 2734 711 2756 tum
732 2732 801 2754 non
824 2718 943 2752 fuerint
953 2727 1066 2764 praete-

330 2777 448 2815 riti,sed
459 2785 561 2809 annus
571 2774 603 2805 in
614 2783 682 2818 quo
694 2768 856 2818 Propheta
865 2769 1066 2813 loqueretur,

331 2824 404 2858 esset
416 2824 481 2872 ipse
497 2817 766 2870 septuagesimus,
782 2828 877 2864 prout
893 2813 978 2849 recte
990 2816 1066 2850 Cal-

332 2876 410 2908 vinus
425 2876 456 2906 in
475 2873 587 2905 locum
603 2895 613 2910 ‚
640 2873 674 2903 &
694 2867 765 2915 post
776 2878 848 2901 eum
864 2866 1015 2900 Gualterus
1030 2866 1065 2896 &

333 2930 514 2956 Antzotatores
543 2919 689 2971 Anglicani
713 2917 890 2963 nuperrimi
914 2910 1066 2947 observa-

335 2982 418 3003 runt.
453 2967 584 3008 Tettio,
608 2965 752 3000 fatentur
773 2961 899 3010 Jesuitae
916 2987 927 3003 ‚
960 2958 1066 2995 modo

336 3017 431 3049 verba
451 3017 514 3062 ipsa
535 3017 649 3051 Latina
663 3008 1067 3061 leganturinterrogative,

341 3071 382 3095 An
401 3066 442 3104 ilie
454 3066 660 3112 ftptuagefimus
681 3064 724 3098 eff
743 3066 758 3096 ,Ρ
793 3073 861 3096 tum
872 3071 994 3094 annum
1019 3057 1068 3092 se-

340 3111 572 3157 ptuagefimum
582 3125 650 3146 non
663 3110 848 3158 praesentem
862 3108 917 3144 sed
928 3107 1072 3156 praeteri-

343 3170 413 3191 tum
435 3159 514 3191 recte
532 3161 685 3206 intelligi.
721 3159 793 3206 Jam
816 3171 895 3194 vero
915 3157 1011 3192 verba
1027 3153 1072 3188 le-

342 3218 462 3254 guntur
474 3208 716 3254 interrogative,
730 3208 853 3243 fatente
864 3205 933 3255 ipso
946 3205 1073 3241 Cornelio

1082 895 1174 930 randi
1195 896 1281 927 viam
1293 891 1441 925 instituit.
1481 891 1569 923 Cum
1585 891 1708 924 caetetis
1727 899 1833 923 annos

1084 943 1298 980 desolationis
1315 939 1521 987 septuaginta
1538 937 1660 972 claudit
1677 940 1710 972 in
1723 938 1836 972 secun-

1085 994 1131 1029 do
1142 992 1246 1030 Darii,
1262 989 1315 1025 sed
1329 987 1413 1022 solus
1425 999 1485 1021 eos
1496 985 1629 1020 inchoat
1640 985 1655 1020 a
1665 985 1833 1034 trigesimo

1085 1054 1205 1091 quarto
1226 1039 1496 1076 Nebucbadnezaris
1514 1046 1584 1069 non
1596 1034 1615 1069 εὶ
1633 1036 1836 1071 decimono-

1088 1105 1144 1130 no,
1155 1089 1290 1139 quando
1304 1086 1382 1122 urbs
1393 1090 1426 1121 δι
1437 1086 1598 1132 templum
1611 1084 1739 1119 incensa
1748 1083 1835 1119 sunt.

1089 1142 1166 1177 Esto
1192 1142 1226 1174 in
1253 1132 1701 1182 Nebuchadnezaristrigefimo
1714 1143 1835 1182 quarto

1089 1189 1250 1226 debellata
1268 1186 1476 1232 fitAEgyptus
1497 1209 1505 1222 ‚
1531 1187 1565 1218 &
1589 1185 1744 1218 traduciae
1757 1194 1838 1217 tunc

1089 1240 1217 1286 aliquot
1243 1236 1432 1283 Judaeorum
1458 1234 1600 1279 reliquiae
1625 1245 1663 1266 cx
1691 1233 1837 1279 AEgypto

1091 1288 1307 1333 Babylonem,
1317 1294 1461 1318 attamen
1474 1281 1645 1316 nullatum
1657 1293 1742 1315 nova
1754 1281 1840 1315 facta

1090 1339 1134 1373 est
1151 1337 1273 1384 Judaeae
1299 1334 1349 1368 vel
1375 1331 1464 1367 urbis
1482 1330 1532 1365 vel
1555 1329 1669 1378 templi
1685 1330 1837 1370 vastatio,

1091 1399 1236 1435 quorum
1255 1385 1408 1418 omnium
1425 1391 1568 1415 extrema
1579 1379 1741 1415 desolatio
1754 1380 1842 1413 mul-

1094 1449 1145 1471 tos
1158 1446 1232 1470 ante
1244 1444 1346 1467 annos
1367 1431 1498 1479 peraGca
1514 1427 1588 1463 fuit.
1621 1429 1740 1476 Neque
1760 1427 1839 1462 vero

1095 1488 1190 1521 ullius
1216 1481 1426 1527 Chronologi
1452 1479 1595 1513 rationes
1614 1489 1689 1512 cum
1708 1480 1843 1512 Torniella

1094 1534 1300 1570 conveniunt
1316 1556 1327 1573 ‚
1355 1526 1458 1563 nama
1477 1524 1639 1561 tricesimo
1649 1536 1768 1572 quarto
1781 1532 1841 1560 Ne-

1095 1585 1321 1621 buchadnezaris
1338 1579 1378 1614 ad
1397 1574 1577 1612 secundum
1603 1578 1690 1610 Darii
1710 1573 1842 1625 Hystaspis

1097 1647 1165 1669 non
1181 1632 1314 1668 fuerunt
1333 1628 1426 1677 supra
1441 1626 1678 1674 quinquaginta
1691 1635 1845 1671 quinque

1094 1695 1200 1718 annos
1210 1705 1220 1721 ,
1237 1692 1324 1727 quos
1337 1675 1415 1713 veto
1425 1675 1489 1722 ipse
1501 1675 1590 1709 addit
1601 1674 1792 1720 quindecim
1804 1683 1844 1706 ex

1097 1731 1182 1767 male
1202 1729 1365 1765 calculatis
1385 1728 1517 1772 Regum
1540 1722 1776 1759 Chaldaeorum
1795 1724 1847 1756 vi·-

1097 1785 1149 1824 tis,
1161 1782 1193 1817 id
1204 1779 1266 1815 suis
1277 1776 1412 1812 somniis
1421 1799 1431 1815 ‚
1441 1774 1523 1809 nulli
1534 1772 1612 1809 vero
1624 1772 1771 1821 probato
1785 1782 1847 1806 au-

1100 1833 1184 1867 &oti
1195 1839 1368 1877 acceptum
1381 1823 1500 1860 referre
1509 1823 1621 1859 debet.

1147 1879 1313 1916 Sententia
1324 1873 1466 1911 secunda
1476 1873 1519 1908 est
1530 1872 1681 1919 scaligeri,
1690 1883 1761 1918 quae
1770 1870 1846 1903 lon·
1866 1870 1990 1902 Luth'erm

1099 1932 1168 1980 gius
1180 1924 1546 1977 prioridivertitavero.
1578 1923 1662 1955 Non
1672 1922 1794 1967 loquor
1807 1918 1849 1953 de
1867 1923 1901 1944 ‘⁹'
1918 1915 1978 1941 Μ’·

1101 1982 1215 2016 Lutheri
1238 1981 1272 2012 &
1300 1974 1509 2012 Melanclnonis
1526 1969 1735 2006 summorum
1763 1969 1850 2002 viro·
1868 1954 1988 2022 '‘Z'‘mm.

1101 2043 1172 2065 tuin
1189 2027 1343 2076 singulari
1360 2022 1412 2058 hic
1423 2021 1602 2070 sphalmatc
1612 2045 1622 2061 ,
1637 2019 1784 2067 quiAnnii
1799 2018 1850 2051 Vi.-
1864 2001 2001 2073 ᾗῶῗω

1101 2079 1240 2124 terbienfis
1257 2073 1448 2122 imposturis
1466 2070 1618 2105 nondum
1628 2080 1745 2103 eorum
1757 2078 1852 2101 :etate

1101 2129 1174 2164 satis
1194 2124 1329 2173 liquidis
1347 2121 1475 2156 seducti
1493 2145 1503 2160 ‚
1532 2130 1653 2152 annum
1673 2115 1855 2151 secundum

1104 2179 1190 2214 Darii
1212 2174 1394 2208 retulerunt
1412 2169 1455 2202 acl
1474 2176 1666 2202 Artaxerxem
1686 2166 1850 2215 Longima-

1104 2237 1172 2260 num
1192 2237 1202 2262 ;
1225 2218 1405 2255 novoshac
1419 2218 1545 2251 tatione
1557 2215 1717 2249 terminos
1728 2213 1858 2260 septua-

1106 2275 1197 2321 ginta
1208 2270 1300 2304 annis
1311 2267 1451 2302 Zecharia
1472 2263 1666 2300 tribuentes.
1703 2264 1763 2297 Sed
1777 2260 1855 2295 cum

1112 2319 1399 2355 dudumAnnianae
1408 2327 1499 2364 nugae
1510 2314 1550 2348 ab
1561 2311 1721 2347 omnibus
1731 2310 1856 2356 ubique

1107 2369 1169 2404 sint
1180 2365 1319 2416 explosae
1332 2390 1341 2405 ,
1360 2362 1446 2397 null'a
1457 2376 1507 2398 eas
1518 2363 1571 2397 hic
1588 2360 1789 2396 refutatione
1801 2359 1856 2393 di-

1109 2417 1296 2467 gnabimur.
1331 2413 1437 2460 Qod
1456 2414 1495 2448 ad
1506 2414 1678 2459 scaligerum
1697 2435 1708 2451 ‚
1730 2407 1854 2456 septua-
1872 2418 1990 2458 scaligeri

1108 2471 1197 2516 ginta
1217 2466 1357 2501 Zacharia
1383 2474 1488 2496 annos
1509 2459 1634 2495 claudit
1659 2462 1693 2493 in
1711 2456 1855 2492 secundo
1874 2470 1945 2488 error.

1109 2517 1276 2553 Dariinon
1288 2513 1423 2561 Hystaspis
1441 2511 1494 2545 led
1511 2512 1622 2549 Nothi,
1642 2507 1797 2552 adeoque
1809 2506 1857 2539 se-

1109 2567 1255 2601 cundum
1267 2563 1363 2610 ipfius
1386 2565 1419 2595 δε
1440 2560 1543 2594 Emmii
1553 2557 1695 2604 sequacis
1709 2555 1753 2589 sui
1766 2566 1860 2589 corn-

1109 2626 1228 2663 putum
1240 2624 1296 2646 eos
1309 2611 1450 2655 incipere
1466 2609 1597 2655 cogitur
1617 2607 1703 2641 Darii
1714 2605 1858 2654 Hystaspis

1114 2661 1287 2699 tricesimo,
1326 2658 1465 2693 calvinm
1477 2661 1510 2692 δε
1522 2658 1672 2691 Gualterm
1684 2652 1802 2688 acerbe
1814 2652 1861 2687 sa-

1112 2715 1153 2747 tis
1178 2712 1346 2757 accipiunt
1372 2707 1491 2753 prioris
1516 2705 1683 2739 seutentiae
1698 2703 1860 2740 auctores,

1112 2759 1204 2810 quod
1217 2758 1421 2806 septuaginta
1429 2756 1674 2789 annoszecharia
1683 2750 1862 2785 extendant

1113 2811 1152 2846 ad
1162 2808 1335 2844 secundum
1349 2806 1435 2841 Darii
1446 2805 1583 2853 Hystaspis
1597 2817 1608 2842 3
1634 2812 1702 2846 quo
1717 2811 1793 2846 ergo
1807 2811 1862 2833 ac-

1112 2856 1264 2907 cepissent
1289 2857 1403 2890 animo
1419 2854 1479 2886 hos
1500 2851 1715 2897 posteriores,
1740 2850 1797 2894 qui
1824 2847 1863 2881 ad

1112 2909 1197 2943 Darii
1222 2904 1322 2950 usque
1340 2902 1430 2937 Nothi
1445 2900 1644 2935 secundum,
1664 2909 1767 2931 annos
1787 2895 1863 2930 istos

1114 2954 1292 2990 differunt?
1318 2951 1389 2987 Nos
1409 2959 1522 2983 contra
1539 2960 1595 2982 eos
1615 2948 1725 2994 paucis
1741 2944 1780 2981 sic
1792 2947 1864 2992 agi-

1116 3016 1187 3039 mus
1199 3030 1206 3038 .

1164 3049 1286 3087 Primo.
1313 3049 1403 3081 Tota
1413 3046 1480 3080 haec
1489 3044 1644 3081 sententia
1654 3042 1795 3078 secunda
1808 3041 1862 3074 ni·
1880 3049 1971 3076 contra

1117 3103 1196 3136 titur
1216 3096 1295 3132 falso
1307 3095 1529 3132 fundamento
1543 3121 1552 3135 ,
1568 3095 1687 3129 scilicet
1704 3117 1712 3129 ‚
1735 3093 1860 3127 Darium
1880 3094 2008 3123 eumargu-

1117 3147 1208 3184 fuiss‘e
1220 3148 1348 3183 Nothnm
1362 3157 1428 3179 non
1438 3143 1571 3192 Hystaspis
1584 3170 1594 3185 ,
1612 3143 1668 3178 sub
1688 3153 1758 3188 quo
1779 3151 1862 3173 tem·
1881 3135 1970 3157 mm·
1992 3161 1993 3165 ,

1118 3200 1210 3249 plum
1221 3195 1456 3234 exaedificatum
1469 3194 1513 3228 est
1532 3208 1542 3233 3
1565 3193 1678 3229 dehoc
1690 3192 1864 3234 latisquae-

1761 3236 1866 3271 stione
