2048 3343
133 2642 242 2671 Dendari

132 2696 202 2713 erfor-

643 94 953 131 OPER18

279 168 407 205 mad-am
419 178 516 202 unam
529 167 627 201 morti
639 164 753 212 Meffiae
764 189 774 206 ,
803 168 835 200 &
847 163 1034 199 hebdoma-

278 219 391 253 darum
410 215 616 264 septuaginta
641 217 763 254 ultimae
786 214 871 249 recte
902 212 1035 248 ascribe·

278 267 360 302 bant
375 281 383 300 ε
411 266 463 301 scd
477 268 511 300 in
524 265 757 314 posterioribus
769 262 828 298 suis
837 263 1036 298 editionibus

280 318 380 352 ambo
393 320 482 365 pejus
499 315 660 355 consulti,
675 327 745 349 earn
758 326 855 348 unam
871 314 904 348 in
916 314 1038 347 Hiero-

279 366 482 412 solymorum
508 365 637 400 excidio
663 364 831 399 claudunt.
868 364 945 397 Hoc
973 361 1038 397 fine

281 420 333 459 (ut
345 418 428 463 prius
438 416 646 457 notavimus)
655 416 756 450 Iunius
765 412 966 447 necessarium
978 411 1037 446 fibi

280 467 406 514 putavit
424 464 554 501 Danielu
567 465 664 500 verba
677 465 709 501 in
719 463 833 498 futuro
842 460 970 506 Christus
981 475 1038 495 ex-

279 513 477 552 terminabitur
492 512 666 550 transferre
687 516 721 548 in
742 514 907 560 praeterito
929 507 1041 555 Meffid

273 564 387 612 fitblato
398 589 408 604 ‚
436 569 468 600 &
486 566 665 600 violentam
675 563 757 598 hanc
769 561 847 595 sacri
859 569 968 593 textus
983 557 1036 593 de-

279 617 506 664 pravationem
521 617 743 649 Annotatores
752 611 851 644 etiam
864 607 1038 655 Anglicani

280 663 396 700 diserte
410 663 552 711 probant
565 689 574 704 ‚
592 661 657 696 fine
669 660 741 694 ullo
754 658 890 692 rationis
903 669 1035 704 praetex-

280 726 327 751 tu.
355 713 428 750 Im&
448 712 523 749 vero
535 714 606 760 plus
624 707 724 757 quam
747 707 843 742 Iunius
860 707 911 742 isti
928 705 1038 742 arcet&

279 763 394 800 semita
416 771 591 797 excurrunt
605 782 615 798 ‚
641 769 717 792 nam
735 769 809 792 cum
827 757 881 790 ille
896 755 914 791 a
928 767 1036 791 morte

280 811 394 848 Chrifli
406 812 445 845 ad
461 810 549 845 urbis
568 808 729 843 excidium
748 807 885 853 triginta
902 804 953 840 sex
972 818 1038 848 nu-

279 873 382 897 meret
409 858 555 907 (quibus
571 858 739 906 pauciores
754 868 853 891 nemo
865 855 1039 903 quisquam

279 912 355 945 huic
375 909 549 944 intervallo
568 919 713 955 unquam
725 905 898 946 attribuit)
919 904 978 952 ipsi
991 915 1038 938 ta-

278 973 356 995 men
375 961 408 993 in
429 958 491 993 suis
510 958 550 992 ad
566 956 644 992 vers.
666 969 720 1002 27.
739 956 902 991 annotatis
915 980 925 995 ,
948 966 1038 989 novo

278 1009 408 1057 prorsus
421 1008 551 1043 calculo
564 1007 682 1055 viginti
698 1018 819 1040 novem
837 1003 966 1039 tantum
979 1016 1040 1038 nu-

279 1069 420 1097 merant,
437 1056 502 1105 quii
513 1058 641 1092 ratione
652 1066 771 1094 tacent,
782 1067 845 1089 nec
856 1067 918 1102 ego
930 1054 1040 1098 conji-

278 1121 352 1143 cete
370 1109 487 1147 valeo,
517 1106 575 1142 nifi
592 1105 678 1141 forte
690 1107 724 1139 in
735 1103 1039 1153 Typographorum

279 1157 449 1193 oscitantia
459 1156 565 1192 fabam
577 1157 661 1190 hanc
672 1157 794 1202 placeat
805 1153 934 1189 cudere.

330 1209 390 1242 Sed
403 1207 466 1242 hoc
477 1204 594 1241 omiffo
608 1229 617 1244 ,
640 1216 756 1240 contra
768 1205 912 1252 priorem
935 1200 1042 1238 versus

281 1257 424 1295 vicefimi
435 1256 564 1303 septimi
587 1266 709 1302 partem
722 1267 792 1302 quae
803 1252 846 1288 est
861 1266 922 1300 prae
934 1252 1040 1286 mani-

282 1309 358 1348 bus,
372 1307 480 1354 aperte
495 1306 594 1338 Iunius
608 1318 681 1339 cum
694 1303 755 1338 suis
771 1302 963 1351 sequacibus
974 1302 1041 1334 An-

280 1358 343 1405 glis
363 1365 498 1404 peccat:
525 1367 600 1389 nam
629 1355 663 1388 in
679 1351 714 1388 ea
738 1350 800 1387 unzi
832 1349 1041 1386 hebdomade

287 1410 504 1453 (quaecunque
515 1403 644 1438 tandem
659 1401 774 1444 fuerit)
788 1401 922 1450 insignis
932 1411 998 1435 erat
1009 1404 1040 1435 &

282 106 359 136 180

282 1455 533 1491 extraordinaria
548 1454 630 1500 pasti
642 1452 832 1500 Euangelici
849 1450 1050 1498 praedicatio,v

281 1509 315 1541 δε
331 1505 503 1552 Euangelii
531 1501 684 1538 succ-effus
710 1501 796 1550 apud
820 1503 946 1536 multos
972 1512 1041 1544 ma-

280 1567 447 1604 gnamque
467 1552 653 1602 Judaeorum
675 1555 707 1587 &
725 1550 876 1600 gentium
889 1550 1042 1585 multitu-

283 1605 415 1639 dinem:
441 1606 474 1638 in
497 1600 548 1636 illa
574 1600 652 1636 veto
674 1602 753 1635 Iunii
776 1599 951 1648 septimana
968 1609 1042 1634 ante

282 1654 373 1690 urbis
381 1653 555 1689 excidium,
565 1651 648 1686 nihil
657 1650 818 1697 ejusmodi
828 1650 987 1697 singulare
997 1649 1043 1683 le-

283 1706 393 1752 gimus
404 1701 493 1750 supra
502 1705 653 1749 tempora
665 1701 783 1748 priora,
796 1698 868 1734 imo
882 1711 939 1734 nec
951 1697 1043 1748 quod

284 1755 323 1789 ad
334 1766 480 1802 tempora
491 1753 597 1798 priora
605 1750 916 1799 potestcomparari.

333 1804 436 1844 Quod
449 1802 506 1850 ipsi
517 1800 666 1836 adferunt
675 1799 714 1835 de
727 1799 876 1834 bonitate
884 1797 1041 1836 Dei,mo-

285 1854 393 1887 nemis
410 1851 618 1888 Christianos
638 1860 713 1884 ante
730 1849 819 1884 urbis
836 1846 1042 1882 obsidionem

286 1913 323 1935 ut
333 1900 515 1937 secederent
526 1901 664 1938 Pellam,
675 1897 830 1946 quidhoc
844 1896 883 1932 ad
893 1895 1044 1944 praedica—

284 1953 414 1986 tionem
426 1950 595 1995 Euangelii
608 1973 618 1986 ‚
642 1952 676 1983 δε
687 1947 924 1983 confirmatum
937 1944 1044 1980 foedus

284 2013 359 2035 cum
371 1999 581 2035 multitudine
589 1999 822 2033 conversorum
835 2010 873 2032 cx
884 1996 1000 2044 Judaeis
1012 1998 1045 2029 &

284 2050 465 2098 gentibus?
492 2048 664 2095 Qiodque
682 2047 808 2082 addunt
824 2047 863 2081 de
875 2043 1048 2081 cessatione

284 2098 518 2134 sacrificiorum
539 2109 687 2145 tempore
708 2095 836 2132 obsess'ae
853 2096 943 2131 urbis
962 2095 1045 2142 ipsos

285 2162 357 2183 non
370 2150 501 2183 relevat.
537 2149 623 2182 Nam
644 2148 678 2181 in
699 2146 915 2181 hebdomadis
935 2145 1045 2180 medio

286 2197 431 2231 cassanda
440 2206 534 2230 erant
546 2194 709 2233 sacrificia,
720 2196 770 2230 sed
781 2195 840 2243 ipsi
850 2194 969 2231 volunt
980 2194 1046 2230 ces-

286 2244 362 2281 sssffe
379 2243 511 2280 tantum
530 2244 667 2287 biennio
686 2255 761 2277 ante
781 2244 869 2276 urbis
881 2244 1043 2277 excidium

315 2294 379 2330 uod
392 2294 455 2329 fuit
466 2306 535 2329 non
546 2295 579 2327 in
596 2291 703 2326 media
713 2316 723 2332 ‚
734 2291 830 2325 sedin
841 2300 994 2338 vergente
1005 2290 1044 2324 ad

289 2310 389 2379 gnem
401 2341 577 2391 septimana
585 2369 592 2381 ‚
606 2340 676 2376 imo
687 2339 765 2376 vero
776 2353 834 2374 nec
844 2339 923 2374 urbe
934 2337 1046 2374 obses-

288 2391 319 2428 ffi
328 2392 481 2430 cessarunt
493 2390 644 2427 sacrificia
656 2415 665 2428 ,
683 2402 760 2425 nam
771 2389 810 2425 ad
821 2390 973 2423 ultimum
982 2388 1043 2423 ob-

289 2443 420 2478 fidionis
434 2443 521 2477 diem
534 2439 777 2489 perseverabant
795 2438 974 2474 sacerdotes
990 2436 1043 2473 of-

288 2493 369 2528 ferre
395 2494 543 2527 vietimas
563 2517 573 2533 ‚
599 2488 698 2538 usque
713 2490 791 2525 dum
801 2486 1044 2523 Romaniferro

286 2539 486 2591 flammaque
510 2542 672 2588 templum
699 2545 730 2575 δι
750 2539 866 2574 urbem
891 2536 1046 2575 devastas-

286 2593 370 2629 sent.

336 2640 488 2678 Deodams
503 2637 613 2674 nescio
624 2652 664 2674 an
674 2637 760 2672 hisce
775 2636 957 2672 rationibus
973 2649 1046 2671 mo-

290 2705 340 2728 tus
353 2718 362 2733 ‚
382 2697 413 2727 ἃς
433 2702 506 2725 curn
526 2691 608 2723 Iunio
627 2692 658 2721 &
679 2688 805 2735 osdnglis
824 2685 1046 2719 hebdomadas

289 2741 372 2778 male
388 2740 515 2776 claudat
534 2740 566 2772 in
582 2737 670 2771 urbis
685 2735 813 2771 excidio
828 2758 837 2772 ‚
863 2738 895 2768 ἃ,
917 2744 1042 2768 textum

287 2806 363 2827 cum
375 2793 412 2826 iis
425 2791 539 2838 pariter
551 2795 739 2834 corrumpat
748 2809 757 2824 ‚
784 2790 804 2819 C
813 2782 930 2825 hrilium
940 2795 1045 2819 exter-

289 2845 450 2877 minatum
471 2839 587 2874 volens
612 2836 683 2882 post
717 2832 884 2882 sexaginta
911 2833 988 2868 duas
1013 2838 1044 2868 &

289 2905 363 2927 ante
377 2903 474 2925 unam
488 2884 922 2922 hebdomadam‚annotatis
934 2882 995 2917 suis
1011 2885 1044 2917 in

291 2944 365 2976 veri.
382 2946 436 2974 26.
446 2938 600 2973 tamenin
613 2947 669 2976 27.
682 2935 834 2969 concedit
846 2932 934 2968 illam
946 2945 1044 2967 unam

293 2989 512 3037 assignandam
531 2986 587 3021 etsi
604 2998 672 3020 non
693 2985 750 3018 ulli
769 2995 861 3019 certae
872 2997 909 3017 ex
923 2981 1046 3030 septua-

294 3042 403 3085 ginta,
429 3050 539 3072 tamen
562 3036 611 3071 isti
631 3037 664 3068 in
680 3037 771 3079 cujus
781 3035 898 3068 ultimo
909 3031 1047 3067 dimidio

296 3094 316 3120 L
327 3084 423 3131 lmftm
433 3082 853 3132 praedicavitEuangelium,
864 3087 894 3118 ὃς
906 3094 1049 3116 mortem

298 3136 332 3169 in
344 3147 436 3168 cruce
453 3136 546 3170 obiit.
576 3137 770 3171 Humanum
788 3133 832 3168 est
852 3145 955 3168 errare
968 3156 976 3169 ‚
999 3130 1050 3165 sed

299 3182 409 3219 minus
428 3183 599 3220 ferendum
620 3183 712 3232 quod
732 3185 791 3222 viri
802 3181 975 3220 doffiffimi
994 3179 1052 3217 sibi

1015 91 1491 132 H1sr0ch1

1084 163 1157 212 ipsis
1177 178 1245 199 non
1265 162 1460 200 consonent.
1491 166 1590 203 Certe
1607 171 1777 208 Deoniana,
1802 175 1837 207 δὲ

1085 215 1232 261 inprimis
1253 218 1453 250 Annotatores
1475 217 1640 266 Anglii-ani
1650 220 1812 256 novissimi
1825 246 1837 262 ,

1085 266 1185 298 etiam
1200 266 1233 299 in
1246 264 1320 300 curzi
1329 264 1379 299 sua
1390 265 1546 312 postremii
1556 279 1624 301 non
1637 270 1785 306 videntur
1798 271 1840 306 sr-

1087 313 1120 347 bi
1132 313 1203 360 ipfis
1214 315 1448 361 consequentia
1463 315 1515 349 hic
1527 315 1678 363 proferre.

1134 363 1354 410 Expectabam
1377 366 1410 399 in
1432 364 1481 401 his
1497 365 1654 414 angustiis
1676 366 1694 400 d
1714 367 1844 403 summo

1088 412 1245 465 ingeni0‚
1275 412 1457 456 literaturfi,
1483 419 1515 450 &
1538 415 1688 450 industria
1709 419 1847 468 Hugomls

1088 463 1182 513 Grata
1201 474 1354 510 magnam
1373 464 1481 500 lucem
1495 491 1504 505 ‚
1522 463 1573 500 sed
1594 475 1632 500 ut
1648 468 1761 511 ejusin
1775 471 1848 501 Da-

1088 509 1192 543 melem
1203 523 1360 547 annotata
1378 515 1412 548 in
1433 527 1550 549 manus
1567 514 1684 562 sumpfi
1697 540 1707 555 ‚
1737 516 1846 551 statim

1089 560 1198 595 omnis
1224 573 1260 594 ea
1284 560 1353 608 spes
1373 563 1501 610 prorsus
1525 564 1720 605 decollavit,
1738 569 1848 601 Com-

1075 610 1280 652 ,menmium
1293 611 1385 645 illum
1397 615 1508 646 inveni
1521 613 1718 654 tenuiorem,
1728 615 1849 649 aridio-

1088 672 1155 694 rem
1175 686 1185 700 ,
1220 658 1508 696 influetuofiorem
1543 664 1607 697 alio
1633 673 1845 711 quocunque.

1087 712 1304 757 Praeterquam
1324 712 1414 745 enim
1431 711 1521 759 quod
1541 712 1636 746 Grotii
1660 713 1698 747 de
1717 712 1850 758 hebdm

1087 759 1234 794 madibus
1245 757 1354 794 sensus
1361 773 1435 796 curn
1447 760 1589 812 Scaligen'
1600 766 1632 796 δε
1645 761 1725 797 Iunii
1733 764 1852 804 ‘erratis¹

1087 820 1124 844 ex
1134 806 1274 854 professo
1286 809 1443 845 consonet
1455 835 1466 850 ‚
1490 824 1599 847 earum
1613 813 1704 846 enim
1714 814 1852 857 initiunt

1074 857 1122 890 'in
1142 857 1233 891 Darii
1250 855 1353 891 Nothi
1369 858 1579 903 secundm&
1592 860 1692 896 finem
1706 864 1740 896 in
1759 853 1850 904 urbis

1074 906 1218 940 ‘excidio
1230 903 1372 940 collocat
1383 920 1393 940 :
1419 907 1517 951 habet
1529 913 1626 946 etiam
1647 911 1685 945 de
1703 911 1768 946 una
1785 900 1849 955 nm]

1087 953 1146 989 stra
1159 955 1395 1002 praeinanibus
1415 959 1588 1002 peculiaria
1603 960 1736 1000 *delitias
1766 962 1849 1000 Eam

1087 1004 1218 1053 quidem
1249 1003 1327 1038 facit
1348 1005 1497 1041 ultimam
1515 1019 1553 1042 ex
1581 1002 1850 1057 septuaginta'sess

1074 1064 1243 1102 ‘quentem
1255 1053 1421 1101 septem&
1433 1054 1597 1105 sexaginta
1612 1057 1690 1095 duas
1704 1083 1715 1098 ‚
1746 1058 1850 1094 Chri-

1089 1105 1240 1151 stumque
1256 1104 1362 1138 occidi
1374 1105 1472 1139 docet
1490 1106 1561 1153 post
1579 1105 1702 1156 septem
1718 1106 1853 1152 &sexa->

1089 1155 1181 1201 ginta
1198 1153 1275 1188 duas
1290 1177 1300 1193 ‚
1326 1153 1482 1190 haetenus
1503 1155 1590 1190 reete
1604 1163 1637 1198 δέ
1649 1156 1687 1193 ad
1701 1152 1855 1194 mentem.

1089 1202 1253 1244 nostram,
1279 1199 1333 1237 sed
1354 1203 1445 1249 quod
1465 1206 1498 1238 in
1520 1205 1599 1239 vers
1619 1218 1674 1249 27.
1694 1201 1852 1243 annotat.

1090 1265 1190 1286 unam
1214 1252 1354 1286 nostram
1375 1256 1406 1288 δι’
1426 1256 1492 1299 ejus
1511 1254 1684 1290 dimidium
1703 1257 1742 1291 ad
1761 1253 1849 1292 urbis

1089 1302 1254 1336 excidium
1264 1300 1415 1349 spectare,
1428 1316 1502 1338 cum
1517 1305 1680 1350 prioribus
1690 1320 1757 1343 non
1769 1319 1851 1346 cona

1090 1351 1177 1388 sistit.
1202 1351 1419 1388 Nemocerte
1439 1355 1608 1401 quisquam
1631 1359 1741 1398 Msszae
1759 1369 1849 1391 mor-

1090 1412 1157 1436 tem
1182 1414 1256 1435 cum
1284 1400 1372 1436 urbis
1398 1403 1528 1438 excidio
1556 1403 1617 1439 und
1635 1399 1850 1441 hebdomada

1088 1450 1257 1486 conclusit.
1280 1452 1315 1485 Id
1325 1452 1422 1485 etiarn
1440 1454 1476 1486 in
1495 1454 1589 1488 Grotii
1603 1457 1848 1490 commentario

1088 1499 1254 1547 displicet,
1276 1500 1365 1549 quod
1393 1500 1680 1538 confirmationem
1717 1503 1852 1548 foederis

1088 1563 1165 1585 cum
1188 1551 1302 1584 multis
1316 1550 1401 1584 nolit
1418 1550 1457 1585 de
1484 1549 1605 1586 foedere
1626 1549 1730 1598 Christi
1740 1548 1853 1590 Euan-2⁴

1087 1600 1194 1648 gelico
1205 1600 1367 1647 intelligi,
1385 1598 1437 1634 sed
1448 1599 1486 1635 de
1498 1601 1641 1636 amicitifi
1658 1602 1848 1649 perversiffi-

1090 1662 1222 1684 morum
1242 1649 1428 1698 Judaeorum
1448 1663 1524 1685 cum
1552 1651 1742 1700 praviffimis
1770 1653 1855 1692 Idus

1090 1700 1178 1733 maeis
1190 1723 1200 1739 ‚
1217 1696 1270 1744 sua
1286 1712 1374 1733 arma
1392 1697 1595 1737 sociantibus
1616 1701 1844 1750 intempestive

1090 1754 1121 1784 &
1144 1747 1320 1783 infeliciter
1335 1759 1448 1784 contra
1466 1750 1647 1787 Romanos.
1674 1750 1782 1795 Crassa
1793 1753 1848 1787 ni-

1090 1800 1150 1834 mis
1160 1798 1227 1834 haec
1238 1797 1283 1833 est
1292 1796 1483 1834 absurditas.
1772 1840 1773 1844 Ἰ
1941 1827 1945 1831 .

1134 1851 1187 1883 De
1205 1849 1307 1896 priori
1326 1849 1514 1897 quaestionis
1532 1861 1622 1897 parte
1642 1863 1711 1886 non
1730 1852 1822 1899 plura
1835 1844 2003 1901 '‘theb-

1091 1898 1129 1933 de
1143 1898 1336 1946 posteriori,
1358 1898 1438 1946 quid
1460 1899 1498 1934 fit
1514 1899 1729 1935 hebdomadae
1751 1900 1845 1934 dimi·
1864 1900 1969 1930 domadae

1092 1949 1182 1985 dium
1195 1949 1302 1996 aliqua
1313 1947 1455 1982 diximus
1470 1949 1508 1983 ad
1527 1949 1740 1997 quaestionem
1756 1949 1846 1984 deci-
1866 1941 1999 1971 dimidium.

1093 2011 1179 2034 mam
1199 2021 1208 2034 ‚
1234 1997 1355 2045 quibus
1374 2011 1460 2032 nunc
1473 1998 1531 2034 ista
1550 1999 1709 2033 addimus.
1735 1999 1849 2034 Primo

1091 2047 1351 2096 improbandum
1363 2047 1454 2096 quod
1465 2047 1592 2097 Scaliger
1602 2047 1654 2083 hic
1670 2047 1848 2096 imperiose.

1093 2099 1222 2143 premit,
1232 2097 1407 2133 dimidium
1419 2111 1487 2132 non
1496 2099 1702 2134 referendum
1716 2099 1754 2132 ad
1765 2097 1850 2131 heb-

1091 2147 1263 2184 domadam
1275 2160 1376 2181 unam
1388 2147 1543 2194 proxime
1554 2156 1782 2186 memoratam,
1794 2143 1849 2180 sed

1093 2197 1132 2232 ad
1142 2199 1284 2231 omnino
1296 2196 1464 2234 diversam,
1475 2195 1717 2230 hebdomadam
1728 2195 1851 2230 scilicet

1091 2257 1162 2277 eam
1180 2256 1251 2289 quae
1271 2254 1387 2276 omnes
1412 2242 1609 2291 septuaginta
1635 2242 1767 2292 sequuta
1793 2244 1851 2282 est.

1093 2293 1176 2325 Tam
1189 2292 1347 2337 paradoxa
1356 2291 1400 2325 est
1412 2293 1478 2329 haec
1490 2291 1656 2334 sententia,
1669 2305 1704 2329 ut
1716 2308 1754 2329 ex
1767 2298 1849 2330 Pro-

1092 2340 1285 2376 testantibus
1302 2342 1467 2376 neminem
1495 2344 1665 2390 Scriptura:
1691 2346 1851 2390 interpre-

1094 2402 1160 2425 tem
1172 2391 1380 2425 meminerim
1393 2390 1629 2440 quisequatt1r5
1642 2392 1850 2434 cerrelumm„

1094 2440 1247 2475 Deodatm
1260 2464 1269 2479 ,
1291 2443 1322 2473 δέ
1331 2442 1532 2476 Annotatores
1542 2441 1706 2492 Anglicani
1715 2442 1849 2478 novisti*

1093 2491 1160 2531 mi,
1177 2491 1232 2538 qui
1244 2500 1357 2524 caetera
1372 2490 1513 2543 &aligeri
1529 2487 1686 2539 paradoxa
1696 2494 1845 2540 pleraque
1865 2498 1985 2537 scaligeri

1093 2550 1226 2581 tenent,
1243 2537 1296 2574 hic
1314 2541 1510 2588 Magistrum
1527 2541 1687 2576 deserunt.
1715 2541 1849 2576 Nihilo-
1863 2549 1936 2567 ‘m'-

1093 2591 1199 2623 minus
1217 2601 1326 2624 tamen
1347 2591 1457 2636 (quod
1470 2592 1601 2638 mirere)
1617 2603 1654 2625 ex
1666 2590 1849 2627 Pontificiis

1093 2638 1237 2674 Pererius,
1249 2638 1421 2677 Torntellm,
1433 2639 1562 2673 Salianus
1575 2663 1583 2678 ‚
1605 2644 1638 2674 &
1658 2641 1711 2674 alii
1730 2644 1743 2684 (
1757 2642 1848 2689 quod

1092 2687 1178 2722 reete
1199 2685 1368 2722 subinnuit
1388 2690 1535 2723 chricm
1553 2687 1677 2736 Phihppi
1693 2690 1709 2731 )
1736 2693 1769 2724 in
1783 2690 1846 2725 hoc

1091 2799 1158 2821 non
1172 2786 1262 2830 quod
1282 2799 1355 2821 cum
1373 2801 1412 2821 eo
1428 2788 1690 2836 septuagesimam
1706 2790 1844 2835 primam
1864 2794 1987 2818 ruml’ro-

1091 2835 1333 2870 hebdomadam
1361 2837 1398 2871 ad
1421 2837 1510 2871 urbis
1544 2837 1703 2871 excidium
1731 2851 1845 2873 exten·
1863 2833 1977 2867 '‘stam“

1091 2885 1181 2925 dant,
1198 2884 1252 2920 sed
1265 2885 1352 2932 quod
1367 2886 1438 2932 post
1453 2886 1559 2919 finitas
1572 2887 1602 2918 in
1616 2883 1721 2935 Christi
1738 2899 1843 2923 morte
1863 2872 1979 2939 ‘jefanne

1091 2933 1295 2981 septuaginta
1315 2934 1532 2969 hebdomadas
1551 2947 1644 2970 nova:
1664 2935 1844 2973 hebdoma-
1877 2912 1996 2982 3:222st

1092 2983 1137 3018 dae
1155 2981 1329 3017 dimidium
1342 2982 1485 3029 fingant,
1509 2985 1599 3031 quod
1616 2985 1653 3018 ad
1667 2989 1788 3022 nullam
1803 2979 1845 3023 cit
1863 2965 1879 2993 q
1972 2974 1979 2981 ι

1094 3033 1300 3079 septuaginta
1311 3031 1445 3078 spectat,
1460 3046 1577 3068 novam
1592 3035 1638 3068 illi
1654 3036 1737 3071 certe
1749 3035 1846 3071 nobis

1096 3081 1221 3115 cudunt
1234 3080 1445 3127 septimanam
1459 3107 1467 3122 ,
1491 3085 1523 3117 in
1535 3087 1624 3128 cujus
1644 3085 1752 3121 medio
1764 3085 1847 3119 clm]

1096 3131 1148 3173 stus
1166 3141 1317 3165 mortuus
1339 3130 1381 3164 est
1401 3132 1484 3165 Dan.
1506 3149 1536 3175 9·
1556 3146 1584 3166 v.
1605 3147 1659 3179 27.
1680 3136 1729 3169 sed
1748 3136 1847 3169 talem

1098 3183 1188 3226 cuius
1199 3182 1285 3228 prius
1301 3181 1473 3216 dimidium
1489 3182 1612 3218 constet
1626 3197 1664 3219 ex
1680 3184 1850 3231 posteriori

1750 3231 1848 3265 dimi-

2026 1631 2029 1711 l

2025 1713 2029 1825 l

2024 1829 2031 1971 l

1091 2736 1233 2787 Scaligeri
1260 2749 1429 2784 parorama
1458 2737 1622 2773 manifeste
1643 2740 1845 2780 inciderunt,
1865 2750 1975 2788 scalige-
2019 2758 2021 2773 :
2046 2770 2048 2774 .
