2048 3343
142 1207 276 1235 chronolo-

138 1257 183 1282 gta
202 1253 235 1276 N.
250 1253 291 1275 Ίε»

133 1287 253 1322 stamentt
260 1289 292 1324 est

131 1327 237 1364 facilior

139 1366 221 1404 quam
238 1379 283 1396 ve-

138 1414 206 1437 tems.

123 2505 225 2542 Ecclesia
232 2510 277 2534 Ro.

124 2555 201 2573 mana
219 2557 274 2573 [072-

117 2585 191 2624 ftffus
198 2597 274 2615 error.

318 99 360 143 36
679 84 1081 125 OPER1sH

317 164 434 198 ruinam
443 160 683 209 quadringentos
691 160 826 208 triginta,
834 157 931 194 sextus
942 158 979 192 ad
993 158 1075 205 prin-

318 214 431 259 cipium
444 211 708 245 hebdomadarum
727 211 863 244 Dam‘elis
881 220 1007 243 centum
1021 209 1074 242 tri-

317 263 400 310 ginta
412 273 489 300 tres,
514 259 656 306 septimus
670 260 685 293 zi
697 261 849 307 principio
862 259 1073 293 hebdomada-

316 324 385 345 rum
401 312 437 344 ad
450 311 579 344 natalem
596 309 837 358 quadringentos
853 309 1073 356 quinquaginta

316 372 387 395 tres.
413 362 536 394 Omnes
547 360 579 394 hi
592 361 690 404 juncti
705 357 1070 393 cfficiunttermillenon-

315 420 426 458 gentos
435 411 630 458 quadraginta
638 411 791 456 quinque:
809 422 879 443 cum
888 409 944 443 hac
958 407 1073 441 summa

315 472 382 493 non
412 458 574 493 difficulter
604 459 812 493 celebriorum
841 457 905 492 fere
930 458 1071 492 omnium

316 509 601 556 Chronologorum
621 507 780 543 sententias
802 520 958 554 utcunque
975 506 1071 552 magis

314 559 453 593 minusve
473 570 606 592 remotas
633 557 774 593 facillime
795 555 1020 592 conciliaveris,
1050 553 1071 587 fi

313 621 381 656 quae
395 608 431 641 ad
445 607 558 655 septem
572 609 676 642 diffitos
690 607 831 641 articulos
846 605 952 652 singuli
966 603 1070 637 secun-

313 660 387 691 dum
398 659 477 692 varia
491 656 537 690 sua
549 658 694 704 principia
708 654 785 689 male
799 656 930 693 addunt,
954 653 1070 687 subtra-

312 707 377 741 has.
412 708 470 741 Sed
485 720 548 740 non
566 707 610 739 est
623 717 724 751 operae
737 704 870 750 pretium
882 703 956 738 huic
972 703 1071 737 labori

310 755 577 804 impraesentiarum
591 756 761 787 immorari.

495 842 794 882 QuAESTio
834 843 877 870 11.

308 915 412 961 Num
425 922 479 943 aera
488 910 603 943 Christi
614 907 633 941 d
645 909 735 947 mlle,
742 906 850 949 saltem
861 907 881 940 d
893 909 994 940 multis
1000 911 1070 956 jam

354 963 438 995 armis
446 959 534 1008 vusgb
547 958 688 1007 usitrpata
700 956 775 990 νεῖίὲ
787 958 1067 1006 σοηὲἶιιιιιιῑκνάρα-

346 1011 489 1057 sterion?
506 1012 574 1047 Seu,
589 1014 642 1040 An
653 1008 673 1040 a¹
686 1018 753 1040 nato
768 1007 887 1040 Chrzsto
899 1007 975 1040 νεὲἶὲ
986 1007 1070 1040 hodze

355 1072 543 1094 numeremm
563 1070 653 1091 annos
667 1059 746 1090 mille
755 1058 907 1101 sexcentos
919 1060 1069 1104 qninqua-

349 1114 440 1159 ginta
445 1109 565 1157 ftptem,
578 1121 634 1141 non
642 1109 741 1156 plures
752 1119 804 1140 nec
812 1110 989 1155 pauciores?

404 1199 516 1232 Iximus
524 1193 906 1242 deannoNatalirespetfim
914 1197 1066 1242 priorum,

307 1204 613 1293 Dcomparando
622 1250 656 1279 ad
665 1246 817 1280 intervalla
831 1247 937 1278 omnia
946 1257 1065 1279 antece-

308 1299 407 1331 dentia
418 1296 510 1344 usque
519 1297 554 1329 ad
563 1297 746 1342 principium
760 1294 883 1328 Mundi.
891 1296 943 1327 De
951 1297 1064 1328 eodem

305 1349 366 1392 jam
375 1349 539 1394 quaerimus
553 1345 689 1391 respcGtu
699 1344 920 1391 posteriorum.
929 1344 1065 1388 Anscz'lz-

306 1408 350 1430 cet
357 1398 477 1429 Natam
493 1397 567 1429 νεὲἳὲ
574 1406 762 1444 comparetur
769 1405 838 1426 cum
850 1394 1063 1440 anm'zfiquen-

305 1445 385 1479 tibus
392 1446 515 1479 adhunc
521 1456 687 1478 currentem
694 1450 710 1477 ἒ
718 1443 922 1489 Comparatio
929 1444 993 1477 haec
1000 1456 1064 1477 non

305 1506 368 1529 tam
383 1494 514 1529 difficilis
528 1493 573 1528 est
586 1519 594 1533 ‚
615 1507 673 1528 nec
688 1506 749 1528 tam
764 1491 958 1527 controversa
972 1494 1063 1541 quam

304 1545 408 1591 prior,
430 1545 476 1579 vel
490 1545 562 1592 quia
576 1543 772 1590 temporibus
785 1543 1063 1590 propinquioribus

302 1592 485 1641 scriptorum
499 1596 529 1626 in
543 1592 692 1632 historia,
715 1593 953 1641 Chronologia‚
972 1598 1003 1628 ὅ(
1016 1595 1062 1627 A-

301 1643 477 1679 stronomia
495 1642 662 1677 multitudo
681 1666 689 1679 ,
714 1643 820 1677 clarius
841 1646 872 1677 δι
893 1644 1009 1679 metitis
1024 1657 1060 1678 o-

300 1695 383 1728 mnia
396 1692 565 1740 descripsit,
579 1692 673 1740 quarn
687 1693 773 1739 pauci
786 1694 839 1740 qui
850 1691 1001 1740 supersunt
1009 1707 1061 1728 an-

299 1745 458 1790 tiquorum
472 1745 502 1777 in
516 1742 791 1790 longinquioribus
802 1747 832 1775 δι
847 1744 943 1791 magis
952 1743 1059 1778 distan-

298 1793 379 1827 tibus
390 1808 398 1833 ;
410 1796 455 1828 vel
465 1794 534 1841 quia
543 1794 766 1827 modernorum
776 1791 1061 1841 Chronologorum

297 1842 442 1877 industria
453 1856 518 1877 non
531 1854 592 1877 tam
600 1842 697 1876 adhuc
707 1841 858 1877 desudavit
866 1843 896 1876 in
904 1845 1060 1879 excutien-

298 1893 344 1926 dis
358 1894 566 1926 recentiorum
587 1891 757 1926 seculorum
771 1893 908 1927 minutiis
922 1894 1015 1941 quam
1029 1896 1059 1928 in

296 1943 436 1988 priorum
449 1955 457 1976 ε
480 1941 547 1975 fieri
568 1943 650 1974 enim
669 1941 787 1988 potest,
808 1941 829 1975 si
850 1942 1057 1989 posteriorum

296 2002 478 2038 temporum
492 1991 682 2025 charaeteres
697 2002 757 2025 tam
771 1994 945 2029 accurate&
959 1996 1056 2041 proli-

295 2040 334 2076 xe
348 2040 363 2074 a
377 2041 479 2075 doetis
492 2042 736 2075 exanimarentur
747 2055 840 2089 quam
851 2044 1009 2089 priorum,
1023 2056 1056 2079 ut

294 2102 359 2123 non
373 2091 534 2137 pauciores
548 2092 637 2123 millis
652 2090 744 2137 quam
761 2091 822 2125 istis
837 2094 1054 2129 controversiae

294 2140 511 2185 reperirentur.
538 2142 725 2186 Utcunque,
739 2140 809 2187 post
823 2143 963 2191 Scaltgert'
976 2155 1052 2178 tem-

293 2200 407 2235 porum
420 2189 670 2222 emendationem
684 2191 715 2222 in
730 2188 868 2224 confesso
882 2193 927 2226 est
940 2191 1004 2228 fere
1020 2208 1048 2228 a-

294 2237 356 2283 pud
369 2248 479 2269 omnes
497 2237 611 2270 doetos
622 2261 630 2273 ‚
662 2248 723 2270 tam
740 2239 946 2272 Protestantes
959 2242 1051 2285 quam

291 2284 487 2325 Pontificios,
496 2298 584 2319 aeram
594 2286 747 2333 vulgarem
756 2287 834 2322 male
842 2287 1051 2328 constitutam

292 2347 350 2368 nec
363 2332 487 2367 defendi
499 2334 584 2380 posse
597 2334 613 2367 εὶ
626 2347 700 2368 nato
714 2335 843 2370 Lhristo
856 2350 971 2370 annum
981 2351 1048 2372 cur-

291 2394 411 2418 rentem
426 2384 484 2417 esse
497 2384 567 2419 ver‘e
587 2383 781 2418 millesimum
801 2383 1051 2422 sexcentesimum

291 2432 578 2481 quinquagesimum
593 2431 768 2480 septimum.

340 2484 387 2516 Ex
413 2482 654 2517 Pontificiorum
673 2483 906 2519 indoftioribus
924 2486 1049 2533 quidam

291 2531 447 2566 mordiciis
460 2532 684 2568 adhaere'ntaerae
698 2534 829 2581 vulgari,
845 2536 978 2583 eoquod
988 2538 1046 2571 Ec-

290 2581 374 2615 clesia
389 2583 533 2615 Romana
546 2607 556 2622 ,
582 2596 649 2631 quae
668 2596 767 2617 errare
788 2596 852 2618 non
867 2585 989 2632 potest,
1017 2591 1047 2622 &

290 2630 396 2664 summi
410 2631 578 2665 Pontifices
590 2634 721 2667 veritatis
735 2631 931 2669 fundamenta
945 2649 979 2670 ac
995 2650 1047 2683 pe-

288 2692 341 2714 trae
353 2694 419 2714 eam
433 2680 607 2714 constanter
619 2680 780 2727 usurpem:
796 2683 855 2716 Sed
863 2683 1046 2730 Jesuitarum

288 2732 347 2773 jam
364 2731 450 2764 turba
465 2730 539 2764 nihil
554 2731 615 2764 hoc
623 2731 791 2765 ecclesiae&
801 2732 989 2768 Pontificum
998 2735 1045 2768 in-

288 2780 478 2814 errabilitatis
490 2780 663 2820 ωςμθλυκέιῳ
676 2781 779 2814 territa
788 2782 921 2817 admittit
931 2796 1044 2819 certam

289 2831 318 2862 ὅ(
333 2830 440 2862 claram
461 2830 567 2863 calculi
587 2827 757 2865 falsitatem:
773 2830 890 2866 tantum
907 2833 1045 2869 excusant

287 2878 454 2911 Pontifices
463 2884 492 2914 ὃ(
503 2879 667 2913 Ecclesiam
683 2880 844 2925 (utvidere
852 2881 981 2929 cstapud
988 2886 1041 2917 Pe-

287 2931 408 2959 tamum
427 2929 463 2961 de
487 2941 582 2976 temp.
601 2941 645 2964 12.
661 2943 726 2976 cap.
743 2932 804 2976 4.)
832 2931 966 2965 ridiculo*
980 2932 1041 2967 hoc

288 2988 486 3017 commento,
508 2978 590 3025 quasi
603 2992 711 3013 eorum
724 2978 839 3013 summa
854 2981 991 3025 majestas
1004 2983 1040 3016 ad

286 3034 461 3070 temporum
475 3029 593 3062 minuta
607 3028 792 3064 discutienda
805 3043 872 3064 non
886 3029 914 3065 se
927 3032 1038 3067 demit-

285 3083 363 3106 teret
376 3097 385 3111 ,
410 3073 458 3109 scd
477 3076 588 3124 absque
607 3080 746 3129 exa-mine
764 3080 845 3127 vulgi
858 3081 1008 3116 calculum
1024 3107 1034 3122 ,

284 3122 461 3178 quifurjque
474 3125 524 3164 fit,
538 3125 758 3174 usurparetsine
766 3129 923 3177 scrupulo:
938 3132 1039 3179 Aqui-

283 3171 318 3205 1ae
331 3172 442 3206 icilicet
453 3185 517 3208 non
530 3187 649 3222 captant
665 3177 780 3214 muscas
788 3204 797 3217 ‚
810 3193 868 3217 nec
879 3192 962 3219 vacat
973 3181 1037 3217 exi-

1110 96 1483 124 1⁵TOR1C1

1111 157 1177 205 guis
1191 157 1282 192 rebus
1295 157 1392 191 adesse
1400 157 1647 205 Jovi.Profetsto
1661 161 1866 209 dignissimum

1110 209 1173 241 hoc
1187 206 1231 241 est
1245 206 1409 243 Pontificia
1422 208 1533 254 patella
1546 211 1743 255 operculum,
1757 226 1814 247 nec
1823 213 1867 248 est

1109 259 1194 305 quod
1208 258 1356 292 miremur
1370 260 1492 291 Petam·
1504 258 1535 291 in
1548 257 1686 306 praesenti
1697 273 1867 307 paucorum

1108 320 1260 342 annorum
1286 306 1519 341 anachronismo
1543 307 1667 342 suorum
1699 310 1868 346 excusatio-

1107 370 1179 391 nem
1193 386 1203 401 ‚
1227 356 1298 391 cum
1319 357 1436 391 ibidem
1458 358 1570 392 codem
1589 364 1753 404 ›egrfflpvy‘rq
1766 363 1866 396 multo

1107 406 1279 440 crassiorem
1294 406 1482 441 Pontificum
1498 412 1529 442 &
1545 409 1686 443 Ecclesise
1694 408 1865 446 confessum

1107 467 1246 489 errorem
1258 456 1289 488 in
1303 457 1386 490 annis
1400 454 1483 504 supra
1497 455 1653 492 sexcentos
1666 460 1762 494 velare
1770 473 1867 495 cone-

1106 516 1165 538 tur.
1178 503 1415 552 FateturJesuita
1428 506 1513 554 quod
1522 519 1568 540 res
1577 507 1619 542 est
1627 521 1733 555 praeter
1741 508 1867 544 suorum

1107 567 1229 588 morem
1245 579 1255 594 ,
1278 555 1421 590 Ecclefiae
1444 558 1597 590 Romanae
1611 558 1626 591 a
1644 559 1747 593 multis
1762 559 1867 594 seculis

1106 603 1293 648 majestatem
1309 617 1373 638 non
1387 605 1414 638 se
1429 604 1576 639 demififfe
1586 607 1623 640 ad
1632 605 1866 644 solidumullum

1105 655 1136 687 in
1150 654 1346 700 temporibus
1360 667 1507 694 examen,
1521 655 1664 691 addidisse
1672 657 1796 699 debuit,
1809 671 1867 693 nec

1105 707 1136 736 in
1150 703 1383 751 quibuscunque
1391 705 1453 738 aliis
1462 706 1693 747 controversii53
1710 706 1868 755 quoscun-

1106 766 1165 800 que
1178 755 1260 787 enim
1274 755 1388 789 invenit
1400 755 1447 788 vel
1460 755 1491 788 in
1506 754 1614 789 scholis
1628 758 1710 790 velin
1719 759 1811 806 vulgo
1819 771 1867 792 ra-

1105 803 1221 836 dicatos
1235 816 1371 840 errores,
1386 817 1441 837 eos
1454 817 1563 839 omnes
1573 804 1867 843 suaimmensa&di-

1106 852 1175 886 vinxi
1194 853 1376 886 auetoritate
1399 852 1586 889 hauriendos
1613 858 1733 904 populo
1756 859 1867 906 propi-

1105 913 1197 936 nav1t.
1301 919 1306 923 ·

1153 950 1324 985 Honestius
1332 950 1376 984 est
1386 953 1476 985 Pauli
1484 952 1778 1004 Mddelburgenfis
1786 956 1801 991 a
1810 960 1866 990 Pe-

1103 1006 1188 1034 trzvt'o
1201 1011 1407 1034 memoratum
1418 1003 1537 1043 velum3
1551 1001 1662 1038 scilicet
1672 1029 1682 1044 ,
1696 1006 1864 1041 Pontifices

1103 1050 1134 1083 in
1150 1051 1238 1085 bullis
1253 1049 1309 1084 suis
1322 1051 1358 1084 ad
1374 1049 1499 1086 suorum
1513 1052 1754 1088 Pontificatuum
1765 1068 1863 1091 annos

1104 1102 1240 1134 Domini
1259 1101 1389 1134 natalem
1410 1114 1569 1149 nunquam
1589 1103 1732 1139 addidisse
1745 1129 1754 1141 ,
1780 1116 1863 1140 ante-

1103 1163 1195 1197 quam
1216 1151 1351 1183 ‘Blondm
1373 1152 1513 1186 Camerae
1526 1152 1698 1200 Pontificiae
1712 1167 1809 1201 nuper
1822 1155 1861 1190 ab

1102 1198 1241 1246 epistolis
1253 1223 1261 1235 ,
1289 1201 1405 1245 privata
1424 1198 1474 1237 sua
1492 1203 1675 1237 austoritate
1690 1205 1861 1240 novitatem

1102 1248 1178 1283 hanc
1197 1248 1436 1292 introduxiffet3
1466 1250 1572 1298 postea
1591 1253 1668 1287 vero
1688 1253 1724 1288 ad
1740 1254 1861 1301 irrepti-

1101 1300 1135 1332 tii
1153 1299 1244 1342 hujus
1258 1301 1397 1346 computi
1410 1314 1538 1335 examen
1555 1303 1723 1338 Pontifices
1737 1316 1801 1337 non
1815 1315 1859 1338 at-

1100 1348 1237 1383 tendisse.

1147 1398 1265 1433 Verum
1278 1397 1322 1432 est
1336 1422 1344 1433 ‚
1364 1398 1478 1433 doetos
1492 1400 1634 1434 omnium
1648 1401 1779 1448 partium
1792 1415 1857 1436 non

1100 1458 1203 1494 putare
1222 1450 1282 1492 jam
1295 1449 1501 1482 commodum
1523 1462 1649 1495 pravum
1667 1452 1748 1484 hunc
1767 1465 1857 1485 com-

1098 1509 1207 1543 putum
1227 1497 1398 1530 multorum
1416 1495 1588 1531 seculorum
1603 1498 1653 1531 usu
1670 1500 1760 1533 nimis
1777 1501 1857 1535 bene

1098 1546 1230 1593 positum
1250 1558 1431 1580 removere:
1457 1547 1566 1581 Nemo
1582 1558 1686 1582 tamen
1706 1548 1858 1597 ingenuus

1098 1609 1287 1644 quocunque
1307 1607 1453 1642 praetextu
1473 1596 1566 1630 debet
1590 1599 1727 1644 agnitum
1751 1596 1858 1634 falsum

1098 1660 1155 1693 pro
1168 1660 1244 1681 vero
1258 1646 1410 1680 venditare
1429 1657 1480 1680 aut
1493 1645 1628 1681 recusare
1643 1660 1708 1682 aerae
1726 1649 1805 1695 apud
1818 1662 1857 1684 o-

1097 1710 1183 1732 rnnes
1202 1695 1363 1743 scriptores
1383 1697 1514 1730 Latinos
1529 1695 1545 1730 a
1558 1697 1661 1732 multis
1674 1696 1780 1732 seculis
1793 1699 1857 1733 vul-

1097 1746 1171 1795 'gatae
1184 1747 1294 1781 addere
1304 1759 1362 1793 pro
1372 1743 1586 1794 supplemento
1594 1760 1690 1782 annos
1700 1759 1856 1796 quotcun-

1095 1810 1154 1845 que
1168 1797 1257 1831 certis
1270 1800 1300 1831 δέ
1315 1796 1401 1830 claris
1415 1797 1585 1831 rationibus
1596 1799 1664 1843 jure
1677 1798 1853 1841 addendos,

1094 1848 1172 1882 valet
1184 1845 1405 1881 demonstrare.

1141 1900 1217 1931 Sunt
1231 1896 1356 1945 quidam
1370 1897 1423 1944 qui
1437 1910 1501 1931 aerae
1517 1896 1590 1931 huic
1608 1897 1724 1945 vulgari
1739 1897 1854 1945 aliquid
1871 1901 2011 1966 ἶνὲξῖιέἶ

1867 1948 1876 1964 1
1951 1949 1972 1965 Η

1867 1978 1914 2005 ara*
1922 1989 1996 2006 error.

1091 1945 1329 1981 subtrahendum
1355 1957 1463 1993 putent
1477 1961 1485 1981 :
1518 1948 1706 1981 recentiores
1726 1947 1831 1982 Graeci
1844 1972 1853 1984 ‚

1093 1996 1292 2045 Theophanes,
1317 1999 1484 2030 Maximus
1500 1996 1691 2036 Monachus,
1712 2000 1854 2046 Georgius

1087 2049 1243 2094 SynceMus,
1263 2046 1423 2082 Cainnas,
1439 2050 1470 2081 &
1484 2047 1550 2085 alii,
1572 2042 1685 2092 septem
1699 2059 1850 2080 annorum

1087 2109 1137 2131 aut
1145 2109 1257 2131 novem
1266 2095 1505 2144 prochronismo
1514 2108 1639 2143 peccare
1647 2107 1848 2129 communem

1086 2147 1236 2180 calculum
1249 2144 1382 2180 censent.
1409 2148 1451 2179 Ita
1460 2146 1646 2179 Graecorum
1657 2145 1848 2177 numeratio-

1087 2208 1140 2228 nes
1155 2194 1314 2240 septennio
1329 2206 1379 2227 aut
1390 2194 1553 2226 'novennio
1562 2191 1679 2239 semper
1687 2206 1780 2239 quam
1789 2195 1848 2227 La-

1085 2245 1222 2275 tinorum
1236 2242 1394 2274 breviores
1407 2241 1525 2280 videas3
1541 2240 1691 2288 quantum
1704 2253 1806 2276 autem
1814 2242 1848 2276 hi

1085 2290 1204 2324 ratione
1216 2288 1415 2337 destituantur
1429 2303 1501 2323 mox
1516 2290 1689 2336 apparebit,
1704 2290 1757 2324 ubi
1772 2305 1848 2338 pro-

1085 2339 1190 2373 batum
1204 2339 1379 2372 dederimus
1394 2338 1512 2372 tantum
1526 2337 1624 2372 abesse
1637 2351 1670 2373 ut
1684 2340 1848 2387 vulgataae-

1085 2401 1115 2421 ra
1134 2387 1362 2436 prochronismi
1382 2399 1431 2422 aut
1450 2388 1651 2436 longitudinis
1676 2389 1845 2425 damnanda

1085 2437 1119 2472 sit
1132 2463 1142 2478 ,
1167 2449 1199 2472 ut
1213 2440 1315 2473 revera
1329 2441 1392 2482 ejus
1406 2438 1515 2473 vitium
1530 2439 1560 2471 in
1580 2438 1844 2474 metachronifino

1085 2492 1114 2523 δέ
1129 2488 1279 2522 brevitate
1291 2487 1395 2522 existat
1410 2492 1440 2522 δε
1454 2489 1570 2536 corrigi
1585 2488 1710 2528 debeat,
1727 2501 1780 2535 per
1788 2490 1843 2523 ad-

1084 2539 1237 2572 ditionem
1258 2541 1290 2572 &
1302 2535 1546 2584 supplementum
1563 2550 1673 2572 eorum
1688 2551 1756 2584 quae
1768 2538 1846 2573 defi-

1084 2588 1183 2622 ciunt:
1198 2589 1228 2621 in
1239 2586 1302 2621 hoc
1314 2587 1389 2621 vero
1405 2587 1448 2621 est
1461 2599 1526 2622 tota
1543 2585 1703 2621 difficultas
1719 2587 1841 2634 praecise

1082 2638 1284 2672 determinare
1298 2648 1376 2683 quot
1390 2638 1473 2670 annis
1487 2634 1620 2671 deficiat.
1644 2637 1841 2686 Spanhemius

1080 2687 1130 2721 hic
1142 2689 1263 2720 Petaviz'
1277 2686 1406 2720 nimium
1421 2685 1464 2720 est
1479 2684 1586 2734 sequax
1599 2711 1608 2725 ,
1636 2686 1739 2721 studio
1757 2687 1841 2720 enim

1080 2737 1169 2769 omni
1183 2736 1343 2771 contendit
1356 2747 1484 2783 uterque
1497 2748 1604 2770 contra
1618 2737 1839 2784 Scalzgerum&

1081 2787 1242 2832 Calvtfium
1256 2810 1265 2825 ,
1290 2783 1478 2820 additionem
1499 2785 1549 2819 hic
1569 2785 1655 2819 certo
1668 2789 1699 2819 &
1713 2782 1838 2830 praecise

1078 2835 1342 2869 determinabilem
1352 2848 1415 2870 non
1424 2833 1491 2870 esse.
1520 2837 1703 2879 Utcunque,
1717 2832 1837 2867 constat

1077 2884 1220 2933 Szgeberti
1228 2885 1407 2920 Mariani
1418 2887 1496 2917 Scoti
1508 2889 1536 2919 &
1548 2883 1767 2929 plerorumque
1782 2895 1837 2929 per

1076 2931 1276 2978 multaqsecula
1291 2935 1474 2967 Latinorum
1483 2932 1671 2965 additionem
1680 2944 1834 2966 annorum

1074 2982 1179 3030 viginti
1187 2981 1319 3016 duorum
1327 2980 1411 3015 fuisse
1427 2983 1443 3026 <
1452 2990 1483 3015 ut
1491 2980 1574 3015 reste*
1583 2992 1668 3015 notat
1675 2984 1832 3021 Petamus,

1074 3037 1104 3067 δι
1113 3046 1147 3066 ex
1156 3044 1196 3066 eo
1203 3030 1415 3080 Spanhemius)
1425 3029 1558 3064 omnino
1568 3030 1727 3065 barbaram
1736 3044 1745 3071 ;
1760 3043 1830 3065 nam

1073 3082 1093 3116 si
1107 3082 1181 3116 totis
1193 3081 1301 3129 viginti
1321 3080 1442 3114 duobus
1463 3079 1579 3114 Christi
1593 3081 1711 3115 Natalis
1726 3081 1829 3127 vulga-

1072 3145 1136 3167 rem
1150 3143 1238 3166 aeram
1251 3131 1459 3178 anticipaverit
1474 3155 1484 3170 ‚
1511 3130 1629 3164 necesse
1642 3129 1685 3164 est
1699 3140 1731 3164 ut
1745 3140 1831 3163 mors

1071 3180 1188 3218 Christi
1202 3180 1391 3217 antecesserit
1404 3179 1529 3216 obitum
1545 3180 1689 3229 Augusti,
1706 3178 1769 3213 hoc
1776 3190 1831 3210 au-

1765 3236 1829 3261 tem
