2048 3343
536 132 950 173 DrA'rnrnA
1034 133 1401 174 SsscuNnA.
1700 151 1747 191 115

200 203 314 240 Sedens
327 203 363 238 ad
376 202 511 239 dextram
524 205 660 245 virtutis,
678 205 762 239 idem
785 205 871 253 quod
884 203 956 238 alibi
987 228 1010 245 ‚,
1036 205 1122 239 aliud
1131 205 1292 253 cupioh'tas,
1305 202 1501 247 a'liua'eimor‚
1515 208 1602 242 aliud
1610 208 1743 253 tristitia,

198 254 235 288 ad
249 253 383 288 dextram
399 255 472 289 Dei.
487 253 809 302 Hujusmodiquoque
816 253 954 287 acciden-
986 277 1008 293 ‚,
1028 254 1116 287 aliud
1128 256 1242 290 latitia,
1256 255 1444 299 manifestum
1456 256 1492 300 est
1503 270 1560 290 non
1567 259 1737 307 fimplicem,

198 304 239 336 tia
251 300 360 337 fatetur
375 303 499 348 Vorsttus
516 303 671 350 praedicari
684 305 722 337 de
736 304 813 336 Deo
825 303 856 335 in
866 302 952 348 quid,
985 325 1007 342 ‚,
1043 303 1081 335 ed
1091 305 1288 351 multiplicem
1300 304 1348 347 effe
1362 308 1463 338 anime
1479 317 1630 340 naturam.
1654 311 1738 342 Deus

198 355 230 386 &
246 352 277 385 in
290 351 461 391 abstratSto,
474 365 532 386 nec
543 352 613 386 vere
623 351 681 385 esse
698 350 881 389 accidentia,
895 362 952 384 nec
984 373 1006 390 ‚,
1033 350 1104 384 verb
1121 354 1327 401 multipliciter
1342 365 1399 386 non
1412 352 1523 387 dicitur
1538 368 1677 404 magnus,
1685 358 1739 401 fiz-

198 401 290 436 ullam
304 402 336 434 in
351 403 428 435 Deo
439 399 702 447 compositionem
717 396 826 432 facere.
983 421 1007 438 ‚,
1031 401 1128 446 piens,
1142 399 1248 437 barim,
1262 400 1375 438 beatus,
1388 414 1491 438 verus,
1507 407 1544 442 (ῥ’
1558 406 1738 452 quicquida-
1759 422 1762 425 ¹

34 457 120 485 :ctiam
134 466 185 495 qua
255 450 342 484 Ultra
355 462 432 497 ergo
446 449 615 496 probemus
628 449 789 484 Minorem
800 448 838 482 de
850 448 886 482 iis
901 459 951 482 ac·
982 471 1005 488 ‚‚
1033 447 1100 480 liud
1108 460 1165 480 non
1187 449 1304 496 indigne
1323 450 1383 484 dici
1402 450 1545 485 videtur:
1566 454 1621 497 sed
1635 455 1738 489 eadem

34 496 159 563 2³:222:
199 498 369 532 cidentibus
388 511 455 546 quae
474 497 599 543 Vorstius
618 497 712 532 habet
725 510 784 545 pro
795 497 951 533 verissimis
982 521 1004 537 ‚‚
1030 496 1201 545 magnitudo
1213 499 1276 545 ejus
1288 500 1502 548 quastipientia
1517 505 1554 540 ὠ·
1571 501 1736 544 beatitudo,

161 548 177 564 a

34 575 162 604 liberrima
199 547 420 587 accidentibus,
439 548 585 582 nimirum
599 547 637 581 de
650 547 816 581 voluntatis
829 546 950 581 actibus
982 570 1008 586 „
1032 550 1070 586 ὠ·
1079 545 1179 579 eadem
1189 550 1303 581 veritas
1313 560 1374 594 que
1385 550 1435 581 illa
1447 554 1562 587 omnia,
1584 555 1622 590 ὠ·
1635 552 1735 597 nonest

198 609 269 644 erga
283 608 434 632 creaturas
445 622 455 637 ‚
476 597 513 632 de
528 597 697 631 dileffione
710 595 894 636 hominum,
913 596 950 630 de
982 619 1004 636 ‚,
1029 595 1073 629 ibi
1084 595 1169 629 aliud
1183 595 1304 630 beatum
1321 596 1389 641 effe,
1420 601 1458 636 ὠ·
1475 600 1560 632 aliud
1571 612 1714 649 magnum
1727 625 1735 637 ‚

197 645 341 681 charitate
354 647 418 680 Dei
429 659 499 694 erga
511 659 579 681 nos.
605 648 658 680 De
671 646 727 679 hac
740 646 808 680 vide
826 647 898 693 1Jo.
916 658 951 690 4.

198 701 244 729 16.
263 696 333 731 Nos
347 699 553 744 cognovimus
563 695 739 734 charitatem
752 707 843 741 quam
859 694 951 728 habet

197 746 288 779 Deus
303 747 334 779 in
343 748 437 780 nobis
452 770 462 785 ‚
482 747 572 779 Deus
586 745 710 778 charitas
724 743 778 778 est.
804 742 949 778 Omnino

197 794 284 828 locus
299 795 348 829 hic
361 807 426 828 non
439 793 539 841 potest
555 794 635 828 eludi
644 817 654 835 ,
667 794 805 841 loquitur
817 803 948 827 contex-

197 853 246 877 tus
254 843 410 891 perspicue
422 844 458 877 de
471 844 713 878 aetuvoluntatis
727 843 846 882 divinae‚
858 842 896 876 de
903 842 949 876 di-

196 893 351 933 ΙΕὲὶίοῃε,
370 906 462 941 quam
478 892 680 941 eAngustinus
692 892 724 925 in
739 892 843 926 locum
857 891 950 926 vehe—

196 943 386 977 mentiorem
398 943 588 977 voluntatem
608 942 746 989 appellat.
777 942 876 975 Astus
899 940 949 974 hic

197 993 242 1026 est
255 993 333 1034 circa
346 1003 506 1033 creaturas,
521 989 691 1037 cujusmodi
707 991 819 1026 Wrffio
831 989 876 1025 est
888 1001 949 1024 ma-

197 1042 280 1077 xime
293 1042 370 1076 liber
386 1046 416 1076 δι
431 1043 629 1089 contingens.

245 1091 276 1125 Si
290 1090 440 1139 effugium
452 1091 502 1125 hic
514 1099 663 1129 tentaret,
681 1090 769 1138 quod
783 1087 950 1124 antecesso-

197 1152 244 1174 res
258 1137 300 1174 sui
314 1141 447 1175 haeretici
461 1139 645 1187 arripiebant
660 1163 669 1178 ‚
700 1138 781 1186 quasi
794 1140 884 1173 Deus
900 1137 950 1171 hic

197 1189 324 1224 charitas
336 1188 619 1224 vocareturtantiim
627 1187 851 1234 metonymice,
864 1185 951 1234 quod

198 1238 333 1274 efficeret
345 1241 375 1273 in
388 1239 567 1273 hominibus
581 1237 755 1272 charitatem
771 1250 780 1276 3
806 1237 885 1269 nulla
899 1235 949 1269 hic

199 1287 308 1336 elapsui
320 1290 395 1322 rima
407 1288 493 1324 esset,
514 1287 535 1322 fi
549 1286 730 1335 oAugustino
743 1285 895 1319 credimus
912 1286 949 1318 de

198 1362 220 1379 ,‚
246 1339 339 1372 Trin.
353 1338 409 1372 lib.
421 1350 462 1384 ¹5·
475 1339 554 1383 Cap.
570 1349 610 1371 21.
635 1337 727 1369 Hunc
731 1333 850 1379 sensnm
854 1335 950 1380 facile

197 1411 221 1428 ‚,
245 1388 588 1435 refiitatScripturarum
595 1385 655 1433 ipsa
666 1386 787 1420 locutio,
802 1398 858 1418 non
871 1389 950 1418 enim

195 1460 220 1477 ,‚
242 1436 370 1472 diflam,
385 1439 534 1470 Dominus
547 1438 677 1468 charitas
689 1446 771 1470 mea,
780 1435 854 1477 ficut
866 1437 950 1468 Deus

196 1509 221 1526 ‚,
240 1485 303 1533 spes
315 1498 396 1521 mea,
416 1487 548 1534 potentia
559 1495 627 1517 mea
635 1507 643 1520 ‚
661 1483 715 1527 sed
724 1486 808 1516 Deus
820 1483 951 1519 charitas

197 1558 223 1575 ,‚
248 1533 299 1578 cst,
311 1535 387 1578 ficut
400 1537 483 1567 Deus
493 1533 614 1582 spiritus
631 1532 684 1576 ‘st3
698 1532 809 1579 hocqui
821 1546 878 1566 non
893 1533 948 1577 dist

197 1607 222 1624 ‚,
244 1588 337 1616 cernit
349 1581 689 1616 intellcffffumdDomi'no
704 1605 713 1618 ‚
734 1594 790 1615 non
803 1583 950 1631 expositio-

195 1657 222 1673 ,‚
249 1645 317 1666 nem
329 1643 437 1680 querat
448 1631 468 1666 a
485 1631 568 1665 nobis
578 1655 586 1667 ,
598 1643 656 1664 non
666 1634 744 1665 enim
756 1627 951 1680 apertiiispos-

197 1706 220 1722 ‚,
238 1682 345 1726 sumus
355 1686 518 1730 quicquam
529 1681 638 1717 dicere,
651 1681 744 1728 quam
757 1683 840 1715 Deus
852 1681 951 1716 chari-

197 1755 222 1772 „
247 1742 292 1765 tas
303 1733 358 1766 eff.
378 1735 447 1780 Ergo
460 1731 593 1764 charitas
602 1729 647 1775 est.

248 1781 350 1829 Qod
357 1782 393 1816 ad
408 1786 523 1820 Patres,
537 1777 778 1827 Disceptationis
786 1779 875 1815 initio
889 1779 952 1816 ele-¹

198 1831 244 1879 git
256 1833 432 1878 Opponens
445 1829 645 1879 Angustinum
657 1829 731 1864 loco
738 1830 879 1864 omnium
890 1844 899 1865 :
915 1843 950 1864 ex

199 1893 241 1915 eo
253 1881 348 1915 multa
361 1879 447 1927 supra
461 1880 620 1916 citavimus
632 1904 642 1920 ‚
666 1878 715 1913 sed
728 1889 809 1913 tanta
822 1877 952 1927 superest

198 1930 288 1977 copia
300 1955 311 1970 ‚
337 1941 370 1964 ut
382 1931 446 1965 duo
463 1929 522 1965 sive
539 1930 596 1964 tria
609 1928 751 1964 addidisse
764 1929 802 1963 ab
815 1942 856 1964 eo
867 1928 951 1964 testi-

197 1980 305 2014 monia
318 1992 420 2028 operae
430 1980 562 2026 pretium
575 1979 696 2013 ducam.
706 1979 826 2016 Primo,
841 1979 909 2014 vide
917 1979 950 2012 li-

198 2029 290 2063 brum
304 2042 330 2075 5.
347 2030 385 2063 de
398 2030 487 2063 Trin.
503 2042 567 2076 cap.
581 2041 606 2075 3.
621 2032 652 2063 δέ
666 2027 878 2076 sequentibus,
899 2028 952 2063 ubi

198 2079 350 2126 proponit
364 2102 375 2118 ‚
401 2082 432 2113 δι
450 2076 561 2113 refellit
579 2078 766 2112 Arianorum
788 2090 952 2126 argumen-

199 2139 266 2162 tum
287 2151 299 2168 ‚
324 2128 410 2175 quod
431 2127 654 2162 subtilissimum
672 2139 773 2163 vocat.
798 2128 952 2162 Haeretica

198 2175 334 2224 ipsorum
347 2177 505 2212 conclusio
519 2175 578 2211 fuit
588 2201 596 2213 ‚
624 2175 771 2212 diversam
785 2176 842 2211 effe
858 2177 952 2211 Patris

200 2229 231 2261 &
245 2225 300 2260 filii
315 2224 507 2261 substantiam
524 2226 678 2273 (ipsissima
685 2226 748 2261 haec
757 2226 859 2270 Vorstii
867 2238 953 2260 mens

200 2274 259 2310 est,
280 2288 372 2322 quam
389 2286 489 2310 tuetur
502 2276 705 2321 Opponens)
725 2274 812 2308 istam
825 2275 953 2308 conclu-

200 2323 319 2357 sionem
329 2323 492 2357 necessario
505 2322 616 2356 inferre
629 2323 657 2356 se
664 2323 819 2368 putabant,
834 2336 871 2357 ex
878 2323 954 2357 duo-

200 2373 258 2406 bus
276 2371 447 2406 Catholicae
460 2371 533 2405 fidei
549 2371 725 2417 principiis;
745 2371 827 2416 prius
840 2393 849 2409 ,
869 2370 956 2416 quod

200 2421 277 2456 nihil
289 2421 326 2455 de
339 2422 415 2455 Deo
429 2419 626 2454 affirmaretur
634 2417 797 2453 secundum
805 2419 957 2460 accidens3

202 2471 347 2510 alterum,
360 2470 507 2518 quicquid
514 2470 550 2503 de
558 2470 635 2503 Deo
648 2469 775 2508 dicitur,
792 2466 956 2502 secundum

204 2519 397 2554 substantiam
417 2520 485 2553 dici.
512 2520 560 2553 Ex
574 2517 621 2553 his
636 2518 790 2566 praemissis
805 2517 957 2552 certiffimi

204 2580 288 2604 erant
301 2569 504 2604 concludendi
517 2568 599 2602 suam
610 2567 745 2602 haeresin.
767 2566 958 2614 Responsio-

203 2631 278 2654 nem
289 2619 416 2667 applicat
429 2617 611 2667 Augustinus
623 2618 660 2652 ad
673 2617 836 2652 secundum
844 2616 958 2663 princi-

204 2669 307 2715 pium,
326 2673 358 2703 &
371 2667 620 2702 diliinfflonibus
633 2667 762 2715 explicat
777 2681 784 2700 :
811 2664 860 2701 sed
873 2667 958 2714 prin-

204 2719 319 2764 cipium
332 2718 465 2765 primum
474 2742 482 2754 ‚
500 2717 587 2765 quod
599 2718 714 2752 nullum
726 2716 761 2751 sit
773 2717 912 2752 accidens
927 2716 958 2749 in

203 2769 282 2802 Deo
296 2792 305 2807 ,
331 2767 472 2814 nihilque
485 2767 522 2801 de
536 2768 612 2800 Deo
631 2765 795 2801 secundum
818 2766 959 2801 accidens

203 2817 337 2856 dicatur,
355 2816 513 2853 concedit,
532 2816 658 2862 repetit,
677 2819 708 2851 δε
722 2815 834 2862 probat
846 2814 973 2862 absque,

204 2868 265 2902 ulla
276 2867 470 2900 limitatione.
492 2865 618 2899 Deinde
632 2864 686 2899 lib.
695 2869 726 2899 6.
733 2877 798 2911 cap.
811 2869 842 2898 6.
855 2862 960 2898 osten-

205 2918 239 2950 sa
251 2916 446 2951 multitudine
458 2919 489 2950 &
499 2913 684 2954 diversitate,
697 2927 766 2962 quae
778 2911 961 2948 interessen-

205 2966 296 3004 tiam‚
309 2969 340 3000 δι
356 2966 434 2999 inter
447 2964 630 3004 accidentia,
644 2964 736 2998 etiam
750 2964 829 2997 inter
843 2961 903 3010 ipsa
911 2975 961 2997 ac-

206 3014 338 3049 cidentia
351 3015 382 3047 in
395 3015 541 3048 omnibus
554 3014 714 3053 creaturis,
733 3023 796 3047 tam
808 3010 961 3059 spiritibus

208 3076 302 3112 quarn
314 3063 498 3110 corporibus
512 3074 649 3111 apparet,
665 3063 779 3097 nullam
793 3062 824 3095 in
837 3063 914 3095 Deo
923 3061 959 3095 si-

209 3138 232 3155 „
257 3112 363 3147 milem
375 3111 574 3147 diversitatem
587 3112 712 3159 reperiri
723 3110 868 3145 affirmat:
883 3108 960 3144 Cicm

209 3187 232 3204 „
258 3165 290 3196 in
301 3160 406 3194 animai
417 3161 501 3194 aliud
507 3162 541 3206 fit
552 3161 742 3206 artificiosum
749 3160 796 3205 effe
805 3184 813 3197 ,
824 3159 959 3193 aliudin-

210 3236 233 3254 ,‚
257 3222 348 3246 errem
361 3210 422 3257 effi,
439 3210 525 3245 aliud
532 3221 656 3245 acutum
664 3234 673 3249 ,
684 3212 769 3245 aliud
781 3222 956 3250 memorem,

981 668 1002 681 ‚,
1029 645 1250 693 autsttpientem
1258 670 1267 683 ,
1278 657 1334 680 aut
1346 659 1455 680 verum
1464 670 1473 684 ‚
1487 659 1541 682 aut
1551 647 1659 683 bonum
1672 650 1734 696 effi,

982 718 1004 734 ‚,
1029 705 1084 727 aut
1095 697 1211 728 omnino
1223 695 1322 744 ipfhm
1334 695 1393 740 esse.

1030 744 1129 793 Qod
1143 755 1245 779 autem
1259 744 1421 780 universale
1439 744 1503 780 hoc
1524 746 1693 795 [quicquid
1701 747 1736 781 de

981 794 1053 826 ‘Deo
1066 800 1122 827 non
1137 793 1254 842 indigne
1264 794 1406 843 dicitur]
1430 795 1579 843 intelligat
1591 796 1736 843 Augusti-

980 855 1035 876 nus
1047 853 1109 876 tam
1121 842 1159 878 de
1173 843 1278 877 liberis
1293 844 1401 879 divinae
1415 845 1529 878 mentis
1542 850 1574 880 &
1593 848 1735 881 volunta-

981 892 1019 925 tis
1034 891 1169 928 actibus,
1187 892 1280 940 quim
1292 893 1329 927 de
1341 894 1489 941 quopiam
1498 894 1558 928 alio
1566 895 1735 932 attributo,

982 951 1091 988 praeter
1102 940 1219 975 multos
1232 942 1310 976 alios
1325 942 1413 977 locos
1431 943 1499 978 vide
1518 944 1556 978 de
1574 945 1666 979 Trin.
1680 945 1736 978 lib.

982 1001 1008 1036 5.
1022 1002 1087 1037 cap.
1101 1003 1138 1036 13.
1158 990 1212 1025 ubi
1226 991 1439 1025 demonstrans
1451 1002 1558 1038 praeter
1574 994 1644 1027 alias
1656 995 1737 1028 inter

983 1039 1121 1074 divinum
1141 1043 1174 1075 &
1196 1039 1339 1075 nostrum
1355 1041 1546 1075 intellectum
1567 1040 1737 1089 discrepan-

982 1089 1052 1128 tias,
1068 1089 1146 1123 hanc
1159 1090 1341 1137 praecipuam
1351 1090 1471 1124 adducit
1483 1114 1491 1126 ‚
1504 1090 1591 1138 quod
1601 1093 1688 1126 Deus
1697 1092 1736 1126 ab

981 1148 1095 1172 aeterno
1102 1136 1269 1186 cognoscat
1282 1139 1387 1173 omnia
1394 1163 1403 1176 ‚
1418 1140 1512 1174 etiam
1520 1140 1651 1175 maxime
1659 1153 1737 1175 con-

980 1187 1142 1234 tingentia‚
1155 1200 1220 1221 non
1233 1189 1426 1224 alitercreata
1433 1189 1525 1235 quzim
1534 1191 1673 1226 creanda,
1689 1190 1738 1224 id-

980 1248 1040 1282 que
1053 1248 1116 1270 uno
1131 1235 1259 1283 simplici
1272 1241 1303 1273 &
1316 1236 1457 1285 singulari
1467 1238 1641 1272 intellectus
1654 1239 1736 1273 adiu.

979 1309 1001 1324 ‚,
1029 1287 1143 1319 Omnia
1152 1287 1248 1331 fimul
1267 1286 1368 1323 videt,
1387 1299 1444 1320 non
1456 1288 1508 1320 vel
1523 1298 1558 1320 ut
1575 1289 1737 1322 alternante

980 1358 1003 1373 ‚,
1028 1335 1176 1383 conspefiu
1184 1358 1192 1371 ‚
1205 1334 1264 1368 huc
1276 1337 1346 1369 illuc
1356 1360 1364 1372 ‚
1377 1339 1415 1375 ὠ
1423 1335 1491 1369 inde
1499 1336 1557 1369 huc
1565 1361 1573 1373 ‚
1588 1341 1625 1376 ὠ·
1636 1337 1738 1382 rursus

979 1407 1002 1423 ,‚
1025 1384 1093 1417 inde
1106 1385 1157 1417 vel
1166 1383 1234 1417 inde
1252 1388 1285 1418 in
1295 1385 1382 1418 aliud
1393 1396 1482 1432 atque
1494 1386 1594 1422 aliud,
1610 1385 1679 1430 sed,
1703 1397 1738 1420 ut

979 1456 1002 1472 ‚,
1031 1433 1111 1469 dixi,
1117 1434 1318 1477 fimnlomnia·
1331 1434 1430 1473 videt,
1446 1447 1573 1480 quorum
1579 1435 1739 1481 nullumest

979 1505 1004 1521 ‚‚
1028 1482 1107 1530 qnod
1116 1496 1174 1517 non
1182 1482 1297 1532 semper
1306 1482 1399 1517 videt.
1423 1484 1555 1533 Hujusce
1567 1483 1668 1518 divini
1673 1488 1740 1534 pri-

980 1554 1002 1570 „
1027 1533 1130 1581 vilegii
1141 1532 1194 1565 hoc
1207 1535 1258 1581 ipfi
1262 1532 1498 1576 fundamentum
1510 1534 1557 1578 est.
1573 1537 1662 1585 Qa
1672 1535 1739 1579 (in-

981 1604 1003 1620 ‚,
1029 1583 1113 1629 quit)
1127 1594 1187 1628 quae
1198 1585 1260 1617 Dei
1265 1582 1407 1627 scientia,
1421 1584 1474 1631 ipsi
1484 1582 1685 1632 &stipientia‚
1700 1588 1739 1623 ὠ·

982 1653 1004 1670 ‚,
1029 1644 1089 1678 quiz
1105 1632 1252 1680 sapientia
1270 1632 1331 1680 ipfit
1347 1630 1461 1675 effintia
1475 1633 1539 1676 sive
1551 1631 1717 1677 substantia
1728 1655 1739 1669 ,

981 1703 1005 1720 ‚,
1029 1680 1120 1725 nciffir,
1149 1685 1186 1721 (9²⁴
1206 1681 1255 1726 effe
1273 1682 1318 1714 illi
1330 1693 1426 1714 unum
1438 1680 1500 1726 est3
1524 1685 1596 1729 quia
1613 1685 1646 1715 in
1662 1683 1741 1715 illius

982 1753 1005 1770 ‚,
1030 1741 1140 1765 namra
1145 1732 1332 1780 fimplicitate
1343 1729 1478 1765 mirabili
1489 1743 1545 1764 non
1552 1730 1588 1775 est
1599 1731 1742 1775 aliudsa-

982 1803 1005 1820 ,‚
1029 1791 1096 1829 pere
1102 1779 1195 1827 qua'm
1208 1780 1264 1825 effe,
1272 1780 1324 1825 sed
1331 1780 1411 1828 quod
1417 1779 1453 1826 est
1461 1780 1563 1830 stipere
1574 1780 1627 1816 hoc
1639 1780 1741 1826 estesse,

983 1853 1006 1869 ‚,
1028 1842 1062 1863 nt
1074 1834 1106 1863 in
1111 1828 1312 1879 fhperioribus
1323 1829 1407 1864 libris
1413 1828 1483 1878 [ἐμὲ
1487 1835 1558 1878 jam
1571 1830 1718 1864 diximus.

1033 1880 1133 1928 Qod
1147 1889 1248 1914 autem
1266 1879 1304 1914 ad
1320 1879 1498 1915 charitatem
1512 1880 1635 1918 attinet,
1650 1880 1743 1914 liber-

983 1951 1006 1967 „
1031 1931 1125 1964 rimus
1137 1928 1180 1964 est
1196 1929 1359 1965 voluntatis
1373 1930 1468 1964 aetus.
1478 1930 1564 1964 Nam
1576 1929 1652 1977 quid
1658 1927 1744 1963 aliud
1757 1940 1852 1972 [Mau
1860 1947 1909 1978 pu-

984 2000 1007 2017 „
1034 1981 1049 2025 (
1058 1979 1180 2027 inquit)
1201 1977 1237 2024 est
1249 1978 1379 2012 charitas
1392 1978 1486 2026 qua‘m
1501 1980 1651 2016 voluntas,
1669 1980 1740 2013 cha·
1758 1992 1786 2010 ro
1807 1991 1856 2026 non
1877 1979 1911 2017 est

1757 2029 1871 2060 POtentlffl

1756 2061 1862 2100 passiva.

984 2050 1007 2066 „
1033 2031 1108 2062 ritas
1126 2032 1164 2068 ὠ·
1177 2028 1290 2062 Αίίεὲἶίο
1302 2032 1392 2062 unius
1405 2032 1449 2062 rei
1460 2028 1497 2073 est
1514 2039 1677 2076 utrumque
1688 2041 1740 2062 no—

982 2099 1006 2116 „
1029 2091 1107 2112 men.
1131 2081 1181 2111 De
1194 2075 1250 2111 haic
1262 2078 1408 2111 charitate
1420 2081 1464 2110 ita
1477 2080 1608 2125 loquitur
1620 2091 1687 2125 cap.
1695 2091 1739 2124 17.

985 2150 1008 2165 ‚‚
1033 2131 1068 2161 In
1079 2126 1131 2161 illd
1142 2128 1300 2161 Trinitatis
1306 2128 1433 2176 simplici
1431 2127 1611 2174 summaque
1616 2127 1741 2166 naturai,

986 2199 1009 2215 ‚‚
1032 2189 1089 2211 non
1103 2176 1139 2224 est
1148 2177 1234 2211 aliud
1237 2176 1404 2222 substantia
1409 2201 1420 2216 ‚
1435 2177 1521 2210 aliud
1533 2177 1664 2210 charitas
1675 2201 1683 2214 ‚
1690 2176 1745 2221 fi’d

985 2248 1008 2264 ,‚
1027 2225 1192 2270 fiaebstantia
1204 2226 1265 2275 ipsa
1278 2226 1314 2270 est
1325 2227 1473 2265 charitas,
1487 2230 1525 2265 ὠ*
1539 2226 1669 2259 charitas
1682 2226 1743 2274 ipfia

987 2296 1010 2312 ‚‚
1035 2274 1242 2318 estsiibstantia
1248 2299 1258 2315 ,
1269 2277 1337 2319 five
1348 2278 1381 2308 in
1392 2277 1507 2315 Patre,
1523 2276 1586 2319 sive
1598 2278 1631 2308 in
1643 2277 1717 2308 Filio
1731 2298 1740 2312 ,

988 2344 1011 2360 ,‚
1027 2323 1095 2367 five
1106 2326 1139 2356 in
1152 2326 1271 2372 Spiritu
1282 2327 1313 2358 S.

1039 2373 1150 2406 Praeter
1165 2371 1344 2406 testimonia
1362 2372 1465 2405 multae
1484 2374 1617 2406 rationes
1636 2371 1744 2420 suppe-

990 2429 1068 2452 tunt.
1094 2419 1259 2454 Primaesit.
1284 2421 1392 2454 Omne
1410 2418 1582 2464 subjeffihrm
1601 2423 1747 2456 acciden-

990 2468 1068 2502 tium
1081 2467 1166 2503 estin
1186 2468 1325 2516 potentiii
1343 2468 1380 2502 ad
1399 2469 1610 2515 recipiendum
1631 2471 1746 2517 aliquid

991 2517 1078 2565 quod
1090 2517 1174 2552 deest
1189 2532 1197 2552 ι
1220 2529 1291 2552 nam
1305 2519 1412 2552 omnia
1431 2516 1485 2552 ista
1500 2520 1666 2553 accidentia
1679 2518 1746 2554 sunt

992 2566 1163 2613 posteriora
1175 2564 1315 2611 subjecto
1331 2592 1342 2607 ‚
1367 2566 1434 2601 imo
1447 2580 1463 2600 a
1475 2565 1615 2612 subjecto
1630 2566 1746 2615 separa-

992 2617 1066 2651 bilia
1083 2631 1093 2657 ς
1106 2617 1179 2651 dum
1192 2616 1299 2651 absunt
1311 2640 1320 2653 ‚
1344 2614 1515 2661 subjeetum
1529 2617 1572 2651 est.
1585 2619 1616 2651 in
1631 2629 1748 2664 poten-

992 2667 1034 2700 tia
1049 2666 1097 2700 illa
1111 2666 1297 2714 recipiendi,
1313 2669 1344 2700 δε
1357 2666 1430 2700 dum
1445 2665 1564 2706 adsunt,
1590 2667 1639 2700 illa
1657 2668 1750 2702 amit-

993 2715 1078 2750 tendi
1090 2730 1099 2756 ;
1116 2716 1215 2764 Atqui
1230 2717 1319 2750 Deus
1332 2728 1396 2749 non
1409 2714 1452 2749 est
1466 2717 1496 2749 in
1509 2717 1648 2763 potentia
1657 2718 1694 2751 ad
1701 2730 1751 2752 re-

994 2765 1170 2812 cipiendum
1183 2766 1348 2813 quicquam
1357 2789 1365 2802 ‚
1379 2777 1449 2798 nam
1463 2763 1626 2799 secundum
1640 2778 1751 2801 omnes

995 2816 1087 2849 Deus
1099 2815 1144 2849 est
1156 2815 1327 2862 purissimus
1341 2815 1441 2850 aetus,
1457 2827 1527 2848 cum
1535 2828 1600 2861 quo
1613 2817 1752 2862 potentia

995 2865 1146 2911 receptiva
1158 2877 1225 2899 non
1243 2863 1394 2900 consistit,
1409 2864 1510 2898 multo
1523 2863 1623 2898 minus
1640 2877 1753 2911 poten-

995 2914 1036 2947 tia
1050 2914 1219 2960 recipiendi
1232 2914 1324 2948 ullam
1336 2910 1489 2947 absentem
1505 2911 1752 2960 perfectionem:

995 2961 1049 2996 ista
1070 2964 1154 2998 enim
1175 2962 1310 2998 efficeret
1327 2964 1438 2997 Deum
1459 2962 1677 3009 imperfeffitum
1686 2988 1695 3004 ,
1718 2977 1751 2998 a-

995 3012 1118 3059 deoque
1132 3025 1197 3046 non
1211 3014 1328 3047 Deum.
1341 3013 1411 3058 Jam
1423 3012 1495 3046 vero
1508 3013 1672 3047 accidentia
1683 3015 1753 3061 qui-

995 3061 1051 3096 bus
1064 3063 1174 3096 Deum
1195 3061 1319 3106 Wrstms
1338 3059 1472 3105 subjicit,
1496 3065 1527 3096 &
1542 3059 1614 3096 facit
1633 3073 1665 3096 ut
1678 3061 1752 3111 saepe

995 3109 1068 3144 sitin
1075 3112 1214 3157 potentia
1222 3111 1257 3144 ad
1266 3112 1314 3144 illa
1320 3110 1508 3156 recipienda,
1526 3108 1591 3145 sunt
1598 3124 1674 3146 verae
1682 3125 1752 3160 per—

995 3157 1148 3206 feffiones
1162 3184 1172 3199 ,
1205 3160 1292 3194 afizus
1305 3159 1416 3193 scilicet
1427 3160 1590 3195 voluntatis
1603 3158 1748 3196 facultate

994 3207 1044 3244 sua'i
1052 3222 1145 3258 quam
1153 3209 1276 3245 astuant
1284 3234 1294 3251 ,
1308 3208 1491 3244 nobiliores.

1329 3260 1393 3307 ‘Pp
1417 3270 1434 3292 z
1634 3260 1747 3295 Iterum
