2048 3343
628 92 1424 136 OPER15H1STOR1CI

238 179 281 210 msss
295 176 352 208 vita
364 184 427 207 tam
439 170 562 219 placuit,
576 179 609 203 ut
621 169 668 204 vix
677 168 716 202 ab
730 170 794 212 ejus
808 167 936 201 nomine
949 162 990 198 as-

238 224 384 259 sumendo
400 220 578 256 abstinuerit
592 233 600 253 :
621 219 660 253 eo
673 220 788 267 gratior
801 227 864 251 erat
877 219 992 250 Praeto-

237 120 276 143 17.

1030 178 1212 214 quacunque
1219 164 1362 204 vadebat,
1370 163 1671 213 sanguine&rapinis
1684 166 1791 201 omnia
1806 168 1911 205 nescivit
1920 179 1959 197 re-

1030 216 1210 263 complevit.
1241 215 1368 249 Intravit
1380 215 1490 248 urbem
1504 216 1647 250 Vitellius
1660 229 1731 251 cum
1747 215 1792 251 se-
1801 218 1905 246 gnaro.

77 435 170 461 Contra
189 436 225 459 O-

76 472 175 499 thi‘ncm
192 474 226 497 [ἱ-

75 513 156 539 ισᾶιιις
177 522 208 538 cx

78 556 215 578 Germania

76 600 186 619 movca.

78 1652 202 1681 othonem

76 1695 217 1726 impruden-

78 1742 115 1761 tia
137 1735 224 1772 perdit.

238 275 325 308 rianis
338 273 466 307 &vilior
479 268 771 317 plebeculae,quibus
784 266 828 299 ob
839 265 992 304 convivia,

237 324 425 370 largitiones),
439 325 469 355 &
482 318 650 366 speetacula
662 319 743 352 Nero
757 316 808 350 diu
822 314 891 363 post
904 326 993 348 mor-

239 384 303 407 tem
317 370 574 414 desideratiffimus
587 380 650 402 erat
663 368 816 413 Princeps,

287 423 347 456 Vix
361 418 506 468 Ingressus
523 418 566 452 est
581 417 673 452 Otho
687 416 841 462 palatium,
857 427 928 449 cum
942 427 994 448 ru-

242 483 312 506 mor
331 470 369 504 de
387 470 522 516 Imperio
540 467 657 502 Vitellii
677 465 861 513 percrebuit.
893 464 995 498 Vitel—

242 522 297 555 lius
310 521 428 565 juvenis
442 529 504 552 erat
516 530 579 551 non
595 515 694 549 minsis
703 513 895 561 quamOtho
908 512 995 559 ssagi-

241 568 390 605 tiosorum
404 580 545 606 morum,
564 566 642 599 filius
656 567 748 597 Lucii
761 563 935 600 adulatoris,
948 561 996 595 vi-

243 622 269 654 ri
282 631 383 652 tamen
396 616 597 654 strenuissimi,
611 614 663 661 qui
677 611 729 646 sub
745 611 867 645 Tiberio
880 615 911 645 δε
925 614 995 658 Ccijo

241 672 360 718 Syriam
372 666 599 701 administravit.
631 662 726 696 Galba
739 665 882 707 juvenem
894 660 996 695 Vitel-

241 720 318 752 lium
336 718 372 751 ad
391 717 549 762 Belgicum
562 713 727 747 exercitum
747 712 880 758 legatum
894 709 994 744 misit:

242 767 292 801 hic
305 767 404 800 statim
416 764 611 799 centuriones
624 765 655 796 &
668 762 823 808 gregarios
836 761 927 794 etiam
939 759 997 793 mi-

243 818 310 850 lites
323 817 358 849 iis
373 814 505 861 partibus
517 812 642 846 adortus
656 810 710 849 est,
725 821 758 844 ut
773 822 843 845 eum
856 810 996 857 legiones

241 869 461 911 Imperatorem
486 874 561 896 mox
594 861 779 908 optaverint.
822 858 995 907 Superioris

242 913 417 948 Germaniae
431 912 579 946 exercitus
592 923 650 958 pro
663 911 781 943 Nerone
794 921 902 943 contra
915 912 994 942 Vin-

239 964 332 996 dicem
345 964 375 996 in
393 960 492 996 Gallia?
503 961 606 996 vitffor
621 958 716 993 Galba
729 971 794 992 non
808 956 926 994 favebat
939 972 947 992 z
961 957 994 991 hi

239 1026 309 1048 cuni
328 1013 465 1059 Belgicis
484 1009 660 1058 legionibus
679 1006 768 1043 facile
787 1006 994 1055 conspirantes

238 1074 346 1097 contra
358 1061 525 1097 Othonem
539 1059 696 1094 Vitellium
711 1062 934 1105 Imperatorem
947 1057 993 1091 di-

238 1122 359 1146 xerunt.
387 1111 530 1146 Vitellius
543 1110 613 1143 luxu
626 1107 801 1147 dissolutus,
815 1109 845 1141 in
858 1106 991 1141 consiliis

240 1163 340 1196 lentus
367 1171 430 1194 erat
446 1174 453 1194 :
479 1157 529 1193 sed
548 1159 697 1193 exercitus
724 1158 835 1192 ardore
854 1157 996 1191 incitatus

242 1214 404 1244 Caecinnam
418 1211 448 1243 in
462 1210 581 1242 ltaliam
594 1221 647 1255 per
660 1209 829 1243 Helvetios,
848 1211 878 1241 &
893 1208 997 1240 Wzlen-

241 1272 301 1294 tem
313 1261 360 1293 via
374 1257 567 1306 Lugdunensi
582 1257 733 1303 praemisit,
747 1257 828 1290 hunc
838 1270 907 1291 cum
921 1269 996 1304 qua-

241 1309 421 1356 draginta,ill
427 1308 606 1354 uintrigiuta
614 1307 748 1340 millibus
761 1304 997 1340 fortiffimorum

240 1360 389 1394 militum,
408 1357 468 1404 ipse
482 1370 551 1391 cuin
565 1356 680 1390 caeteris
696 1357 795 1403 copiis
810 1354 997 1403 sequuturus.

242 1410 384 1454 Uterque
402 1418 464 1441 tam
487 1409 617 1439 Caecimm
635 1405 728 1453 quarn
748 1407 851 1439 biilcns
876 1417 1000 1453 magnas

244 1459 277 1491 in
287 1457 334 1491 vi&
348 1457 474 1503 rapinas,
489 1456 678 1502 multamque
686 1454 817 1502 stragem
831 1455 1000 1489 ediderunt.

242 1504 372 1550 (kanna
384 1519 454 1539 cum
466 1503 524 1538 suis
537 1505 622 1552 prior
635 1506 665 1538 iii
678 1506 799 1538 Italiam
814 1503 1000 1553 Transpada-

242 1567 313 1589 nam
327 1555 456 1598 trajecit,
468 1568 561 1602 quam
575 1554 756 1588 Germanici
771 1555 919 1588 exercitus
935 1567 999 1589 me-

241 1615 288 1638 tus
301 1615 369 1638 ante
381 1607 445 1649 ejus
458 1605 619 1639 adventum
627 1603 759 1638 Vitellio
772 1604 997 1639 conciliaverat.

294 1653 388 1688 Otho
405 1666 475 1688 cuni
489 1653 605 1688 urbana
626 1653 714 1686 omni
728 1653 837 1689 militia
854 1651 998 1701 variisque

243 1703 428 1751 legionibus,
437 1702 578 1751 inprimis
590 1703 779 1737 Praetoriano
791 1703 900 1742 milite,
913 1700 998 1737 sena-

240 1753 362 1788 toribus
380 1754 529 1801 plerisque
546 1751 767 1788 comitantibus
786 1754 817 1787 in
836 1751 997 1788 occursum

240 1803 412 1837 Vitellianis
425 1802 588 1851 processit:
611 1802 767 1850 prioribus
780 1803 900 1850 aliquot
912 1815 997 1851 proe-

240 1853 288 1886 liis
301 1854 332 1886 in
344 1866 415 1887 eum
428 1853 553 1892 belli,ut
565 1863 688 1892 vocant,
697 1849 820 1888 fortuna
832 1853 999 1889 inclinavit.

245 1905 377 1936 Caecinna
394 1902 432 1936 ab
451 1901 613 1935 obsidione
625 1903 786 1937 Placentiae
798 1903 908 1950 magnai
927 1916 999 1937 cum

243 1950 366 1985 suornm
380 1950 478 1998 strage
490 1948 623 1997 repulsus
635 1950 680 1985 est
693 1966 701 1986 ε
727 1951 776 1987 scd
788 1966 859 1987 cum
873 1954 999 1987 Valentis

242 2001 342 2046 copiae
367 2004 495 2034 Caecinnae
511 2003 710 2047 jungerentur
719 2026 730 2042 ‚
756 2014 877 2037 mutatae
898 2001 999 2037 statim

242 2047 310 2083 sunt
328 2062 429 2083 rerum
444 2050 532 2083 vices.
570 2049 736 2086 Othonem
750 2052 814 2086 duo
827 2051 905 2086 male
918 2065 998 2087 con-

1029 267 1150 314 xaginta
1162 264 1298 299 millibus
1311 264 1447 299 militum
1469 269 1501 301 δι
1515 265 1647 299 totidem
1661 267 1727 301 lixis
1744 280 1794 301 ca-

1029 316 1232 363 lonibusque:
1255 315 1384 349 istorum
1398 315 1558 362 rapacitate
1571 317 1703 362 populus
1715 329 1795 363 pro-

1030 366 1068 413 pe
1083 365 1251 400 devastatus
1265 364 1320 399 est.
1353 361 1482 409 Caect'miae
1494 368 1525 399 &
1540 366 1655 398 Valenti
1669 367 1794 412 Imperii

1031 428 1111 449 onus
1123 415 1339 451 incumbebat,
1365 415 1508 449 Vitellius
1522 415 1590 463 plus
1603 414 1696 462 quam
1710 416 1793 449 Nero

1032 462 1289 511 sumptuosissimis
1310 464 1452 512 quotidie
1471 465 1621 500 conviviis
1645 464 1770 500 vacabat
1783 488 1792 501 ‚

1032 514 1106 547 nulli
1119 512 1252 559 sumptus
1265 515 1330 558 ejus
1349 514 1433 548 luxui
1449 512 1637 548 sufficiebant
1649 539 1660 554 ,
1686 514 1793 548 omnia

1031 562 1324 611 ingluvie&incutia¹i
1331 563 1446 609 pessum
1460 564 1553 598 ibant.
1580 565 1670 598 Dum
1685 567 1791 598 Caecz'n-

1031 626 1071 646 mz
1092 617 1123 648 &
1142 614 1243 647 VZzlens
1262 612 1368 647 mutu&
1380 613 1575 648 aemulatione
1587 618 1620 648 &
1632 611 1790 647 discordiis

1031 664 1147 711 reliqua
1167 662 1330 710 perderent
1342 686 1352 702 ,
1384 664 1511 697 Senatus
1530 665 1593 708 jam
1610 662 1662 697 diu
1681 660 1790 697 servire

1031 713 1154 753 doetus,
1163 712 1407 747 omniaVitellio
1421 712 1512 747 dabat
1525 723 1558 747 ut
1569 712 1654 747 alteri
1662 716 1791 760 eAugu-

1022 763 1067 806 sto
1082 775 1140 810 pto
1155 759 1209 796 suo
1222 772 1313 796 more
1325 786 1335 802 ,
1354 761 1522 797 abhorrere
1535 773 1638 796 tamen
1652 763 1760 796 animis
1773 761 1791 796 εἴ

1031 813 1089 845 viri
1102 812 1235 858 imperio
1249 815 1282 846 &
1294 810 1525 859 circumspicere
1539 823 1720 859 optareque‚
1736 811 1803 859 qui*

1030 859 1128 908 ipsum
1147 859 1296 908 ipsiusque
1315 861 1483 896 exercitum
1508 862 1736 896 Germanicum
1754 873 1791 896 ex

1029 911 1106 945 urbe
1118 921 1209 958 atque
1222 911 1313 942 ltalia
1327 910 1462 955 ejiceret.

1076 958 1258 1007 Praepositus
1270 958 1413 994 aNerone
1423 957 1482 994 fuit
1495 960 1586 994 Judaeae
1597 961 1716 995 Flavius
1723 963 1790 997 Ve-
1805 962 1927 1000 Vespafia-

1030 1009 1173 1058 spasianus
1190 1021 1262 1043 cum
1274 1008 1372 1043 tribus
1390 1009 1568 1057 legionibus
1583 1023 1591 1044 :
1616 1022 1726 1044 omnes
1738 1010 1790 1045 hic
1803 1002 1878 1070 ZZZ
1886 1003 1959 1071 [ἕέῘο-

1805 1084 1882 1111 daicis
1896 1083 1960 1110 dici-

1807 1132 1849 1151 tur
1859 1127 1895 1150 lm
1911 1134 1937 1150 e-

1030 1158 1266 1207 provincialibus
1280 1168 1381 1205 gratus
1396 1173 1404 1193 ε
1419 1157 1512 1193 frater
1524 1170 1596 1193 natu
1609 1161 1709 1206 major
1722 1160 1792 1193 Fla-
1807 1172 1883 1192 rator.
1894 1131 1917 1167 p*

1029 1061 1143 1094 militiae
1157 1059 1266 1107 gradus
1286 1071 1357 1093 cum
1369 1058 1457 1093 laude
1470 1057 1659 1094 fortitudinis
1672 1063 1704 1095 &
1716 1072 1788 1107 pru-

1029 1110 1138 1144 dentiae
1158 1108 1311 1143 transierat
1323 1132 1335 1148 ‚
1359 1108 1510 1143 militibus
1525 1106 1644 1156 semper
1662 1122 1747 1144 carus
1760 1112 1792 1144 δε

1031 1212 1101 1243 vius
1113 1209 1239 1241 Sabinus
1254 1208 1269 1242 a
1285 1210 1405 1242 Nerone
1416 1206 1577 1255 praefetffhis
1590 1221 1653 1244 erat
1667 1209 1748 1249 urbi,
1763 1209 1796 1243 in

1033 1271 1097 1304 quo
1118 1269 1244 1291 munere
1261 1258 1456 1304 temporibus
1473 1257 1661 1293 difficillimis
1675 1258 1795 1298 Galba,

1035 1307 1175 1347 Othona,
1195 1311 1226 1341 &
1241 1309 1354 1340 Vitellii
1366 1305 1586 1353 perseverabat.
1611 1308 1796 1355 Vespasiano

1035 1357 1098 1391 duo
1111 1367 1195 1391 erant
1210 1355 1277 1396 filii,
1295 1358 1418 1391 Tum&
1429 1359 1646 1392 Domitianus.-
1673 1359 1722 1392 ille
1730 1370 1797 1392 ma-

1034 1406 1115 1441 ximz'i
1133 1407 1245 1441 virtute
1261 1406 1381 1450 juvenis
1396 1430 1406 1446 ,
1438 1407 1474 1441 ea
1493 1408 1524 1440 in
1537 1407 1737 1442 conciliandis
1757 1420 1798 1440 o-

1034 1457 1153 1491 mnium
1167 1456 1275 1489 animis
1295 1456 1476 1490 dexteritate
1488 1457 1626 1503 pollens,
1653 1467 1686 1490 ut
1698 1456 1794 1504 vulgo

1033 1506 1147 1541 deliciae
1165 1504 1291 1539 humani
1317 1505 1437 1552 generis
1461 1505 1624 1539 diceretur.
1664 1509 1796 1539 Praeerat

1032 1566 1097 1590 tum
1111 1557 1195 1603 Syria
1208 1566 1280 1587 cum
1292 1564 1425 1601 quatuor
1438 1553 1617 1602 legionibus
1631 1555 1795 1590 mucta-

1032 1617 1087 1638 nus
1099 1605 1142 1638 vir
1156 1603 1260 1650 magni
1272 1603 1365 1637 animi
1378 1613 1469 1650 atque
1482 1603 1653 1645 industriae;
1665 1603 1715 1638 hic
1731 1604 1797 1636 Titi

1033 1655 1170 1701 inprimis
1189 1665 1296 1687 amore
1315 1651 1530 1700 Vespasianum
1544 1654 1576 1687 in
1594 1654 1718 1688 honore
1737 1652 1796 1686 ha-

1033 1704 1137 1739 bebat.
1161 1705 1343 1752 eAEgyptum
1356 1703 1586 1738 administrabat
1600 1702 1736 1737 Tiberius
1744 1705 1794 1736 A-

1032 1753 1174 1788 lexander
1190 1766 1226 1787 ex
1235 1752 1347 1800 Judaeo
1358 1753 1488 1788 Graecus
1502 1753 1730 1788 eAlexandrini
1742 1754 1794 1785 A-

1033 1803 1173 1838 labarchae
1186 1802 1267 1837 filius
1280 1827 1290 1842 ‚
1314 1802 1365 1837 hic
1378 1804 1469 1838 etium
1483 1803 1623 1838 studebat
1635 1801 1793 1850 Vespasia-

1033 1868 1088 1889 no.
1097 1853 1254 1902 Legiones
1267 1852 1371 1900 Myfiae
1385 1856 1416 1888 ἃ
1429 1853 1546 1901 ubique
1556 1866 1623 1901 pars
1631 1853 1795 1888 Othonia-

1034 1918 1071 1939 na
1084 1902 1256 1951 Vespasiani
1269 1900 1381 1936 famam
1395 1904 1500 1950 pronis
1514 1903 1638 1937 auribus
1652 1902 1768 1948 accepit
1782 1915 1792 1935 ε

1033 1954 1157 1989 tandem
1170 1953 1310 2000 legiones
1323 1952 1454 2000 Judaicae
1462 1977 1472 1992 ,
1486 1953 1671 2001 AEgyptiacae
1689 1963 1724 1986 ac
1737 1953 1795 1997 Sy-

1034 2006 1119 2039 riacae
1132 2002 1229 2051 ipsum
1241 2003 1381 2038 dixerunt
1393 2004 1626 2049 Imperatorem.

1085 2057 1205 2088 Interea
1217 2052 1430 2100 implicabatur
1442 2052 1527 2087 bello
1535 2052 1685 2100 Judaico,
1707 2049 1792 2098 quic·
1805 2055 1934 2099 Amnius
1950 2093 1960 2102 ss

1034 2104 1109 2151 quid
1122 2114 1205 2138 extra
1218 2100 1514 2149 Hierosolymorum
1528 2114 1634 2136 muros
1652 2099 1709 2133 fuit
1723 2099 1790 2132 sub·
1801 2103 1897 2138 primm
1909 2094 1960 2139 [Μ

1032 2156 1188 2200 jugaverat
1200 2177 1210 2192 ,
1235 2151 1432 2186 obsidionem
1446 2152 1530 2186 urbis
1550 2152 1585 2183 T
1581 2155 1622 2183 ito
1639 2148 1705 2184 filio
1719 2147 1789 2181 reli-
1803 2144 1879 2200 ἵιῖζμ
1886 2144 1960 2200 {2²5-

1034 2204 1100 2249 quit
1110 2227 1118 2239 ,
1144 2201 1246 2247 ipsein
1260 2204 1441 2248 eAigypmm
1453 2199 1627 2246 properavit
1640 2208 1672 2231 ut
1685 2197 1716 2231 in
1728 2199 1790 2229 Ita-
1803 2214 1881 2240 [mm
1895 2212 1952 2239 ubi-

1033 2253 1107 2283 liam
1125 2259 1244 2294 pararet
1262 2259 1429 2281 exercitum
1443 2271 1453 2287 ,
1480 2248 1702 2283 Mucianum
1720 2259 1792 2280 cum
1804 2264 1852 2292 qne
1871 2252 1960 2290 fregit.

243 2097 314 2132 sulta
326 2099 523 2146 perdiderunt
537 2113 544 2133 ε
570 2100 682 2134 ducum
701 2101 922 2148 prudentissimi
935 2100 999 2136 sua-

243 2147 357 2181 debant
373 2161 482 2195 pugnae
499 2148 698 2189 dilationem,
724 2151 896 2185 Vitellianis
913 2153 999 2186 enim

243 2209 354 2230 omnes
367 2195 423 2230 suae
436 2210 511 2242 opes
525 2198 655 2235 aderant,
668 2199 794 2233 Othoni
807 2201 881 2235 vero
894 2201 933 2235 ab
947 2202 998 2235 O-

244 2245 340 2278 riente
350 2249 379 2279 &
388 2245 425 2278 ab
434 2245 531 2292 Iliyrid
544 2258 652 2293 magna
665 2248 867 2282 adventabant
880 2250 999 2282 auxilia.

84 3109 190 3135 mallius

246 2294 348 2340 Qiod
368 2295 398 2328 in
416 2292 506 2327 Itala?
517 2294 664 2329 tenebant
677 2296 834 2330 Vitelliani
853 2296 1000 2331 vastatum

243 2354 323 2381 erat,
348 2343 449 2377 media
462 2347 493 2377 δε
508 2340 603 2377 fames
617 2354 697 2378 trans
711 2345 807 2391 Alpes
821 2344 906 2378 brevi
918 2356 996 2378 tem-

242 2404 320 2439 pore
339 2390 419 2439 ipsos
438 2392 649 2438 compulisset,
675 2392 724 2427 sed
746 2393 839 2427 nimia
858 2393 999 2428 Othonis

244 2442 433 2489 impatientia
450 2442 564 2474 nullam
584 2455 695 2489 pugnae
713 2455 836 2477 moram
856 2443 998 2477 admitte-

243 2491 305 2525 bat.
335 2491 428 2526 Aliud
442 2501 572 2525 erratum
585 2488 659 2531 fuit,
676 2492 763 2539 quod
778 2491 838 2539 ipse
851 2492 866 2527 a
879 2493 999 2539 pericu-

244 2542 280 2573 lis
293 2553 401 2588 pugnae
414 2543 562 2573 ‘Brixiam
580 2539 725 2588 sepositus
739 2539 810 2576 esset
822 2566 831 2578 ‚
850 2555 921 2576 cum
935 2545 999 2587 ejus

245 2591 331 2623 miles
347 2590 385 2624 ab
399 2602 438 2625 eo
453 2601 537 2624 totus
544 2591 701 2637 penderet,
714 2592 788 2625 nulli
800 2592 931 2626 aliorum
944 2593 1001 2626 du-

245 2652 315 2672 cum
329 2637 431 2674 favens
445 2650 496 2673 aut
507 2639 679 2675 confidens.
692 2641 776 2675 Male
784 2640 999 2676 consultorum

246 2687 355 2722 similes
369 2690 465 2723 exitus
477 2688 615 2723 fuerunt:
630 2687 769 2724 conserta
782 2691 882 2738 pugnfi
890 2691 999 2725 Otho-

246 2737 329 2770 niani
348 2739 376 2771 vi
396 2743 428 2773 &
446 2738 559 2772 artibus
580 2739 818 2773 Vitellianorum
838 2740 915 2773 vieti
933 2738 999 2774 sunt

247 2786 362 2833 ingenti
379 2801 450 2822 curn
463 2787 571 2836 strage.
619 2788 695 2821 Satis
713 2788 839 2823 Othoni
852 2787 1000 2835 superfuit

247 2836 357 2869 virium
378 2837 413 2871 ad
434 2837 641 2873 renovandum
661 2836 794 2878 bellum,
818 2836 868 2872 sed
881 2851 920 2872 ne
933 2839 999 2886 plus

246 2881 420 2920 funderetur
438 2887 576 2921 Romani
595 2885 743 2934 sanguinis
758 2912 767 2927 ‚
793 2889 925 2923 multum
944 2889 998 2923 de-

248 2946 386 2976 precante
399 2937 495 2969 milite
514 2935 569 2969 sibi
588 2949 694 2970 manus
707 2938 822 2977 intulit,
848 2939 997 2972 exercitus

248 2982 345 3063 vifflp
372 2985 408 3019 ad
430 2986 582 3021 vitflmrem
604 2985 742 3022 honestis
764 2986 1000 3022 conditionibus

251 3039 315 3063 tran
330 3044 371 3066 iit.

298 3081 448 3122 Vitellius,
463 3088 585 3132 accepta
598 3085 721 3120 suorum
733 3086 875 3127 νίἂοτίἒι,
889 3098 1002 3135 prope-

1034 2296 1119 2331 classe
1134 2296 1331 2342 praemittens.
1356 2297 1514 2331 Antonius
1527 2299 1643 2344 primus
1654 2296 1795 2344 legiones

1035 2346 1225 2380 Pannonicas
1243 2346 1275 2378 in
1294 2347 1450 2394 Wspafiani
1468 2357 1566 2392 partes
1580 2344 1630 2381 sua
1643 2345 1796 2392 eloquen-

1034 2396 1076 2431 tia
1090 2399 1120 2430 δι
1131 2393 1278 2430 industria
1289 2405 1438 2436 traxerat3
1458 2395 1509 2430 hic
1522 2396 1674 2441 adjunEtis
1686 2391 1743 2429 fibi
1754 2394 1795 2428 11-

1034 2445 1134 2491 lyricis
1147 2445 1327 2480 &saciant
1342 2446 1506 2480 adventum
1525 2446 1672 2494 praevenit
1689 2448 1722 2480 δι
1739 2456 1794 2492 per

1033 2496 1159 2528 Istriam
1172 2495 1203 2528 in
1216 2496 1339 2528 Italiam
1352 2496 1525 2530 contendit.

1083 2545 1290 2579 Germanicus
1297 2545 1415 2580 Vitellii
1428 2546 1577 2580 exercitus
1589 2546 1704 2579 Rornae
1716 2542 1793 2578 deli-

1034 2594 1088 2628 ciis
1102 2593 1262 2629 diffluebat
1268 2618 1278 2633 ,
1303 2592 1365 2640 ipse
1378 2595 1521 2629 Vitellius
1534 2607 1607 2629 unas
1624 2593 1726 2641 epulas
1739 2605 1794 2627 cu-

1034 2656 1101 2678 rans
1113 2644 1150 2678 ad
1163 2644 1320 2692 Vespafiani
1331 2655 1448 2677 nomen
1462 2643 1650 2692 trepidabat3
1664 2652 1792 2690 accepto

1034 2705 1137 2728 tamen
1151 2693 1311 2728 Flavianos
1324 2705 1359 2726 ex
1372 2692 1528 2727 Pannonia?
1540 2694 1571 2728 in
1582 2696 1703 2728 ltaliam
1712 2693 1792 2726 irru-

1034 2741 1106 2790 pisse
1120 2766 1129 2779 ‚
1155 2739 1316 2787 (kannam
1335 2755 1406 2776 cum
1426 2744 1544 2791 aliquot
1563 2742 1739 2791 legionibus
1757 2739 1790 2772 in

1033 2790 1193 2827 occursum
1206 2791 1303 2832 misit,
1323 2792 1397 2827 dum
1411 2794 1512 2827 Valens
1524 2805 1595 2827 curn
1609 2790 1722 2826 caeteris
1735 2800 1792 2823 co-

1034 2842 1092 2889 piis
1105 2839 1335 2890 subsequeretur
1343 2856 1352 2883 ;
1367 2855 1512 2890 arrogans
1525 2852 1586 2875 erat
1599 2842 1728 2874 Caecinnae
1742 2838 1790 2871 in-

1033 2891 1158 2939 genium
1166 2895 1198 2926 &
1206 2894 1358 2936 majorem
1372 2890 1422 2926 sua
1435 2891 1560 2925 Valenti}
1571 2889 1697 2936 gratiam
1711 2886 1791 2934 apud

1033 2941 1196 2975 Vitellium
1208 2941 1422 2987 indIgnabatur
1435 2953 1444 2974 ε
1468 2939 1560 2973 etiam
1571 2939 1708 2974 Lucilius
1719 2936 1792 2980 Bas-

1025 2989 1077 3034 sus
1089 2987 1167 3023 classi
1178 2988 1215 3023 ad
1222 2990 1400 3023 Ravennam
1413 2987 1589 3035 praepositus
1601 2988 1672 3022 altas
1685 2987 1791 3021 animo

1035 3039 1092 3073 iras
1110 3038 1269 3086 premebat
1281 3062 1291 3077 ,
1315 3038 1404 3085 quod
1422 3035 1470 3085 spe
1483 3036 1533 3074 suf:
1551 3038 1591 3073 de
1611 3034 1792 3085 praefec’turfi

1034 3088 1178 3124 Praetorii
1191 3086 1344 3122 excidisset
1357 3102 1365 3121 ε
1389 3098 1517 3135 uterque
1530 3087 1744 3135 proditionem
1759 3088 1792 3120 &

84 3148 155 3174 hamo
163 3146 231 3182 dysse—
253 3128 326 3183 ravit
344 3129 375 3162 in
398 3134 516 3165 ltaliam
531 3149 540 3166 :
564 3136 683 3183 ubique
702 3137 734 3170 in
752 3148 879 3171 omnem
897 3137 1002 3171 luxum
1035 3137 1190 3172 transitum
1203 3137 1239 3172 ad
1251 3137 1403 3172 Flavianas
1416 3148 1514 3185 partes
1526 3137 1746 3175 meditabatur,
1759 3138 1792 3169 &

84 3187 215 3224 luitffimm
254 3176 410 3214 dissolutus
429 3182 516 3216 miles
535 3183 572 3219 ad
593 3186 789 3233 Imperatoris
803 3186 978 3235 exemplum
990 3209 1002 3227 ‚
1037 3186 1135 3233 Baffus
1147 3187 1273 3236 quidem
1291 3185 1410 3225 classem
1421 3187 1553 3224 tradidit.
1588 3186 1649 3223 Sed
1662 3183 1791 3232 Caecinna

1719 3245 1790 3268 cum
