2048 3343
143 154 275 186 Iudaeorum

141 199 261 226 lamenta-

140 240 198 267 luli5
204 238 270 276 ffl-

143 283 198 309 [lm.

230 2026 233 2027 ⁷
277 2027 389 2074 ptibus
409 2028 545 2064 edebat,
579 2040 718 2075 tamque
737 2033 834 2066 vilem
853 2032 882 2066 se
900 2033 1034 2068 scurram

123 2340 230 2368 ,Matra-

121 2381 189 2409 tlu'u
200 2390 240 2406 ar-

123 2431 164 2449 ma
171 2423 242 2449 corri-

117 2464 167 2500 pit.

303 91 383 125 226
644 84 972 122 opertis

303 153 413 188 decem
435 150 536 188 millia
549 150 685 192 occidit,
708 153 915 202 totidemque
934 154 990 189 sub
1004 153 1070 188 lia--

301 200 346 237 sta
359 202 523 238 vendidit:
541 201 596 236 sed
609 202 785 238 secundum
798 204 949 239 Graecum
965 205 1061 238 Mac-

299 251 483 287 cabaeorum
505 251 557 285 seu
575 252 788 297 interpretem
807 251 858 287 seu
874 253 1040 288 auctorem
1052 275 1062 289 5

297 301 505 349 quadraginta
520 302 622 335 millia
635 300 971 348 Hierosolymitarum
981 305 1057 338 An-

296 348 406 385 tiochus
419 361 487 383 tum
503 349 635 389 occidit,
648 355 679 384 ἃ
693 351 832 385 totidem
846 349 986 386 servituti
999 352 1057 386 ad-

296 400 389 434 dixit.
419 399 716 434 verumenimvero
750 400 928 434 secundum
962 403 1055 435 Lati-

294 461 377 483 num
389 451 614 496 Interpretem,
628 460 662 484 ut
673 446 743 483 vult
755 448 905 486 Salanus,
915 450 1055 484 ducenta

295 498 480 545 Judaeorum
498 499 601 533 millia
621 498 682 546 qua
701 499 811 546 gladio
831 497 894 543 qua
904 499 1054 533 servitute

295 559 368 582 tum
389 549 544 594 temporis
567 549 718 595 perdidit.
746 551 896 582 Ducente
910 545 1055 581 Menelao

296 598 458 644 templum
469 599 598 632 intravit
609 623 617 635 ‚
630 600 730 632 etiam
743 597 898 630 Sanctum
916 597 1054 630 §aneto-

294 659 367 681 rum
387 659 394 679 :
422 645 587 681 thesauros
600 650 634 680 &
648 644 715 679 vasa
725 656 820 677 aurea
830 654 925 692 atque
935 658 1052 693 argeti*

295 706 346 730 tea
359 697 462 743 rapuit
479 695 517 730 ad
532 697 619 730 mille
633 695 824 739 octingenta
835 695 964 728 talenta.
989 696 1052 728 Di-

293 745 423 779 scedens
435 744 649 791 Antiochiam
660 755 733 776 cum
747 743 870 789 ingenti
881 743 940 777 hac
950 743 1053 790 pra‘dzi

294 796 356 829 eA
368 794 499 827 ollonium
510 791 627 837 Judaeae
637 790 780 838 praefecit
792 805 800 825 :
814 791 865 826 hic
877 793 947 838 post
959 792 1051 826 bien-

294 856 329 877 ni
357 855 387 875 m
400 839 561 877 eAntiochi
572 841 726 875 mandato
735 853 808 875 cum
821 843 962 876 exercitu
973 843 1053 876 Hie-

291 892 488 936 rosolymam
511 892 640 938 agmine
664 901 781 937 pacato
797 891 948 937 ingressus
963 915 971 928 ,
1000 892 1051 926 die

291 939 451 975 Sabbathi
477 939 694 987 promiscuam
722 938 897 974 obviorum
928 939 1049 976 caedem

288 990 389 1025 edidit
401 989 439 1024 ad
451 990 551 1023 multa
565 988 685 1029 millia,
710 989 912 1037 reliquorum
927 991 1050 1036 pleros-

290 1052 354 1085 que
367 1039 565 1074 venundedit
576 1062 585 1078 ,
598 1037 713 1072 urbem
727 1039 889 1078 incendit,
907 1040 1047 1074 muros&

288 1088 513 1123 fundamentis
524 1090 638 1123 evertit
650 1113 659 1128 ,
678 1101 783 1122 arcem
804 1090 837 1123 in
850 1089 949 1124 Sione
965 1089 1048 1124 stru—

289 1140 339 1173 xit
354 1162 363 1175 ,
381 1138 437 1172 ubi
459 1139 652 1172 Graecorum
663 1137 839 1185 prasidium
853 1140 1029 1173 collocavit
1040 1163 1050 1176 ,

288 1189 393 1233 quiin
406 1187 594 1222 accedentes
611 1187 649 1221 ad
668 1188 829 1234 templum
847 1188 1048 1223 involabant.

292 1236 442 1284 Qoquc
458 1238 560 1284 magis
581 1235 598 1271 ὂ.
618 1236 745 1284 temp'lo
769 1236 979 1272 abhorrerent
991 1239 1048 1286 Ju-

287 1286 347 1320 daei
369 1285 459 1332 super
480 1287 570 1320 altari
591 1287 773 1327 *collocavit
802 1289 881 1320 Iovis
908 1286 1051 1333 Olympici

288 1334 448 1374 statuam,
467 1335 579 1383 illique
598 1334 670 1369 suos
693 1339 725 1369 &
748 1336 874 1383 impura
897 1338 1049 1371 animalia

288 1384 507 1418 immolabat:
535 1385 616 1431 legis
638 1383 786 1420 Mosaicae
807 1396 887 1433 quot
907 1387 1048 1433 reperie*

288 1433 406 1468 bantur
415 1435 607 1480 exemplaria
622 1430 766 1468 flammis
783 1433 1021 1471 mandabantur
1037 1451 1046 1472 :

289 1482 447 1518 omnibus
469 1483 586 1531 Judaeis
605 1482 828 1529 imperabatur
854 1484 910 1519 sub
936 1488 1048 1533 capitis

285 1545 386 1579 poena
398 1534 539 1579 plenaria
551 1532 568 1566 d
583 1536 669 1578 fliose
680 1532 1047 1584 defeetio‚tranfiriisque

283 1582 324 1616 ad
337 1583 555 1617 Idololatriam
569 1585 767 1618 Graecoruin.
788 1587 939 1619 Permulti
952 1588 1047 1634 regiis

284 1632 447 1667 mandatis
465 1631 758 1677 obsecundarunt„
781 1637 885 1669 caetcri
905 1648 940 1669 ex
955 1637 1040 1670 urbi-

281 1680 344 1715 bus
355 1683 393 1717 ad
404 1692 533 1717 montes
542 1680 751 1730 diffugientes
771 1685 804 1718 in
817 1684 975 1732 speluncis
987 1686 1037 1720 in—

281 1740 331 1765 ter
341 1729 421 1767 feras
438 1731 679 1767 delitescebant.
707 1733 835 1768 Interea
853 1734 1039 1770 Antiochiae

279 1779 444 1828 Epiphanes
454 1781 687 1823 deliciabatur,
712 1782 750 1817 ad
772 1785 888 1818 multas
902 1785 1037 1820 Graeco-

281 1842 397 1865 corum
418 1832 562 1866 civitates
582 1843 649 1866 tam
667 1833 712 1866 cis
734 1832 833 1880 quam
853 1834 936 1867 ultra
951 1847 1038 1869 mare

279 1879 424 1927 ingentia
439 1881 588 1916 mittebat
607 1883 741 1916 donaria
752 1909 761 1922 ‚
778 1884 810 1916 in
822 1884 969 1917 Deorum
981 1884 1035 1918 de-

277 1930 381 1963 lubris
393 1930 585 1965 collocanda
602 1943 611 1965 :
637 1933 788 1965 convivia
801 1930 1036 1980 sumptuoliffi-

277 1990 331 2012 ma
343 1978 543 2019 instituebat,
555 1979 706 2027 publicos
716 1981 813 2015 ludos
824 1983 940 2016 insanis
951 1981 1036 2017 sum-

278 2078 434 2111 omnibus
448 2076 576 2123 publice
586 2078 760 2114 exhibebat
777 2084 895 2129 (prout
914 2082 1037 2128 prolixe

279 2138 385 2160 narrat
400 2125 578 2169 Atheniens)
591 2139 622 2162 ut
635 2130 745 2163 multis
757 2129 863 2165 furere
875 2136 906 2167 &
917 2133 1036 2176 ἴθὴμαί-

277 2178 348 2217 νεοῗῑς
370 2175 549 2215 videretur5
577 2177 660 2210 unde
676 2191 907 2226 cognomento
922 2184 1036 2227 paulu-

276 2223 345 2257 lurn
373 2224 546 2257 immutato
572 2227 745 2272 Epimanem
769 2230 789 2261 i.
800 2242 825 2262 e.
846 2229 1035 2274 fitribtmdum

277 2283 375 2308 vocat
389 2275 412 2306 F
414 2270 530 2319 oisybius.
732 2320 736 2322 λ

327 2325 414 2356 Inter
433 2323 493 2356 hos
514 2321 567 2370 qui
585 2321 822 2370 Hierosolymis
848 2323 885 2358 ad
903 2335 1036 2361 montes

280 2370 447 2417 fugerunt,
459 2371 612 2405 Sacerdos
624 2370 804 2407 Minathias
815 2371 932 2413 fuit‚ex
944 2375 1034 2409 Ioari-

279 2420 307 2455 bc
319 2423 388 2454 vice
399 2423 413 2463 (
425 2433 494 2467 quae
506 2432 543 2454 ex
553 2422 672 2468 viginti
683 2434 823 2468 quatuor
832 2434 898 2458 erat
910 2426 1033 2471 prima)

278 2472 445 2518 Aftmonaei
463 2481 566 2518 nepos
592 2482 667 2504 curn
695 2473 839 2520 quinque
860 2473 921 2507 suis
945 2473 1035 2512 filiis.

277 2519 474 2568 Aliquandiu
485 2521 517 2553 in
531 2519 599 2553 solo
610 2521 698 2554 laetu
711 2525 742 2555 &
754 2521 898 2556 tenebris
906 2526 1032 2558 Azitta-

276 2569 433 2604 tln‘asscum
444 2568 505 2602 suis
518 2568 745 2604 secontinuit:
769 2569 819 2605 sed
831 2583 906 2605 cnm
927 2574 1032 2608 inim-

276 2620 424 2653 menium
439 2616 588 2653 Antiochi
600 2618 690 2654 furor
700 2619 894 2655 excresceret
909 2646 919 2661 ‚
946 2626 978 2656 &
997 2625 1030 2657 in

278 2668 435 2702 omnibns
449 2680 503 2715 per
524 2678 629 2701 totam
646 2669 754 2702 Aliam
773 2671 961 2704 civitatibus
979 2685 1030 2705 ex-

278 2729 378 2752 trema
390 2719 473 2751 mala
484 2717 598 2764 Judaeis
609 2717 832 2764 infligerentur
843 2741 851 2753 ,
863 2731 896 2752 ac
910 2721 1030 2754 Antio·

276 2766 353 2800 chiae
372 2769 404 2801 in
431 2766 527 2814 ipsius
547 2767 650 2814 Regis
671 2764 848 2813 conl'pec‘tu
873 2768 1032 2805 Eleazarus

275 2814 394 2855 scriba,
418 2820 451 2850 &
473 2817 569 2850 vidua
590 2828 665 2849 cum
681 2813 800 2862 septem
822 2814 895 2851 filiis
911 2819 1030 2853 crudeli

275 2867 430 2912 martyrio
451 2866 488 2899 ad
518 2876 662 2900 mortem
689 2875 953 2912 torquerentur,
986 2869 1031 2903 ob

276 2926 374 2948 unam
390 2917 420 2948 in
433 2913 506 2950 verli
518 2917 637 2961 pietate
649 2914 877 2953 constantiam.
902 2918 944 2951 Et
956 2916 1031 2952 vero

277 2964 310 2994 iu
327 2963 403 2997 urbe
414 2964 543 3001 Morini,
554 2964 611 2998 ubi
624 2965 893 3000 commorabatur
904 2971 1031 3001 stlatta—

276 3007 350 3044 tln'u
365 3035 371 3046 ‚
389 3014 498 3046 altaria
508 3013 605 3047 Idolis
615 3016 818 3062 erigerentur
832 3039 842 3055 ‚
868 3016 1032 3064 Judseique

275 3060 420 3094 volentes
437 3061 679 3104 adducerentur,
692 3074 747 3098 aut
764 3065 912 3099 nolentes
924 3066 1032 3114 adige—

277 3119 389 3143 rentur
402 3109 439 3141 ad
455 3111 698 3147 sacrificandum
709 3138 718 3150 ‚
749 3123 819 3146 tum
832 3114 964 3149 demum
982 3117 1030 3150 di-

278 3159 370 3193 vinus
380 3158 467 3192 zelus
482 3159 682 3197 Mattashmm
693 3164 858 3211 corripuit,
869 3168 900 3200 ὃς
912 3167 946 3200 in
957 3163 1032 3201 foro

1035 82 1512 127 HrsT0R1c1

1103 153 1254 200 Judaeum
1268 157 1367 196 >Idolo
1381 157 1609 199 sacrificantem
1626 167 1746 203 occidit
1761 168 1801 203 ad
1815 168 1861 203 al·

1102 214 1168 239 tare
1177 231 1187 246 ,
1210 207 1370 254 fimulque
1380 212 1503 258 regium
1515 213 1702 250 Praefectum
1714 242 1723 257 ,
1734 220 1788 265 qui
1798 232 1858 265 po-

1102 256 1216 299 pulum
1231 259 1405 292 tormentis
1422 259 1458 294 ad
1471 260 1592 296 nefaria
1603 262 1749 301 sacrificia
1761 280 1859 313 coge⁴

1103 302 1168 338 bat.
1196 306 1274 340 Hoc
1284 304 1372 341 fatuo
1384 310 1546 357 principio
1559 324 1632 345 cum
1645 311 1718 348 finis
1729 319 1756 349 a
1767 306 1856 354 mill-

1099 354 1141 386 tis
1151 351 1340 400 sequacibus
1349 370 1436 392 arma
1445 359 1577 406 publice
1589 361 1686 396 sumit
1696 387 1705 402 ‚
1724 367 1755 397 ἃ
1768 365 1856 400 divi-

1099 400 1137 434 nfi
1157 402 1312 449 aspirante
1334 403 1582 448 beiiediftione,
1603 413 1767 458 integrum
1789 413 1856 449 fere

1098 461 1222 484 annum
1245 453 1463 499 persecutores
1490 458 1624 494 cohibet
1651 461 1752 496 multli
1772 462 1858 510 ipso-

1097 511 1168 533 rum
1180 512 1255 534 cum
1268 501 1587 543 caedeMoribundus
1597 507 1692 544 senex
1704 509 1790 546 filios
1802 525 1857 547 ve-

1097 547 1266 584 hementer
1277 550 1425 589 hortatur
1437 582 1446 596 ‚
1459 568 1494 590 ut
1508 559 1540 591 in
1550 560 1662 605 populi
1677 573 1775 606 quam
1790 559 1854 609 ipse

1097 595 1276 646 susceperat
1288 601 1389 636 tutela
1401 628 1410 644 ‚
1428 604 1559 640 fortiter
1571 607 1819 652 perseverarent.

1144 649 1314 685 Exercitus
1327 652 1398 698 post
1413 654 1613 690 Mattathiam
1632 656 1748 692 ducem
1772 659 1852 694 dixit
1869 656 1935 685 'ud‘

1084 697 1191 742 ipsius
1206 697 1311 733 filium
1326 702 1425 736 [tedam
1443 718 1454 738 :
1481 718 1673 753 cognomen
1693 708 1855 744 Maccahaei
1871 698 2013 729 Mat-cabo·

1095 747 1141 780 im
1155 748 1297 783 inditum
1311 749 1356 784 est
1374 776 1384 791 ›
1408 755 1497 799 quod
1519 759 1553 790 in
1574 757 1855 795 militaribusinli—
1870 740 1988 770 mmm*

1095 795 1215 840 gnibus
1227 802 1258 832 δε
1270 801 1480 837 orationibus
1492 803 1678 853 frequenter
1688 808 1855 855 usurparet

1096 845 1202 878 Exodi
1218 857 1269 891 15.
1283 846 1475 885 vctficulum
1490 866 1503 887 r
1515 866 1540 888 1.
1557 856 1740 903 Quisstmilis
1750 859 1853 893 tuiin-

1094 904 1139 926 ter
1147 894 1236 926 Deos
1253 892 1366 929 lehova
1380 901 1394 930 ?
1414 908 1464 936 ³1⁷¹}
1478 900 1566 939 0'115232,
1578 910 1650 942 ³323*
1665 915 1688 939 ’ξι
1713 919 1750 941 ex
1768 921 1854 942 oua-

1096 953 1174 977 tuor
1184 943 1299 978 harum
1312 958 1431 980 vocum
1446 947 1549 982 literis
1559 952 1738 995 initialibus
1747 944 1852 999 aiem,

1096 990 1201 1039 Caph,
1220 991 1296 1028 Beth
1308 1018 1317 1035 ,
1337 997 1393 1029 Jod
1407 994 1446 1030 fit
1458 1008 1583 1033 nomen
1603 1001 1737 1037 Macabi.
1766 1009 1853 1042 Iuda

1095 1040 1145 1075 hic
1156 1042 1337 1077 Maccabaem
1350 1044 1444 1080 heros
1462 1044 1651 1084 fortiffimus
1664 1057 1694 1086 δι
1707 1051 1855 1089 feliciffi-

1095 1089 1205 1127 mus‚?1
1216 1094 1276 1126 Dei
1290 1095 1407 1140 Spiritu
1421 1108 1554 1131 ornatus
1569 1098 1664 1135 donis
1680 1103 1852 1146 omnibus,

1093 1152 1163 1187 quae
1181 1141 1354 1178 miserrimi
1378 1147 1488 1192 populi
1516 1147 1670 1185 liberatio
1688 1152 1730 1186 ab
1747 1165 1858 1189 extre-

1093 1190 1154 1223 mis
1166 1191 1258 1225 malis
1271 1194 1566 1242 requirebat‚parv3
1576 1197 1656 1246 saepe
1667 1214 1767 1238 manu
1784 1217 1855 1239 ma-

1092 1252 1178 1286 gnos
1195 1239 1359 1277 eAnu'ocln'
1375 1247 1536 1280 exercitus
1555 1247 1753 1299 profligavit.
1791 1257 1855 1287 Va-

1094 1288 1288 1334 riosJudaeae
1309 1293 1381 1326 imo
1400 1298 1430 1329 δι
1444 1297 1856 1346 Syriaetotiuspraelidesin

1094 1340 1206 1381 praelio
1220 1343 1345 1376 necavit
1355 1367 1365 1383 ‚
1379 1356 1496 1378 omnes
1509 1351 1588 1392 pene
1598 1346 1720 1393 Judaeae
1732 1353 1849 1387 civita-

1092 1397 1141 1422 tes
1150 1393 1370 1436 recuperavit,
1389 1396 1552 1441 templum
1573 1397 1851 1447 Hierosolymita-

1091 1450 1170 1473 num
1183 1439 1287 1474 tribus
1301 1453 1415 1488 praeter
1437 1455 1569 1490 propter
1584 1450 1675 1482 annis
1693 1450 1764 1496 post
1781 1454 1852 1494 ejus

1090 1487 1354 1536 profanationem
1375 1496 1578 1538 repurgavit,
1601 1500 1632 1529 &
1645 1508 1721 1531 cum
1740 1501 1852 1533 Sionis

1069 1551 1192 1572 ⁴arcem
1220 1538 1345 1573 Graecis
1369 1553 1560 1589 eXtorquere
1579 1557 1649 1579 non
1677 1545 1850 1593 potuiffet‚

1088 1589 1205 1633 templi
1224 1589 1301 1622 atria
1313 1601 1408 1625 muro
1429 1595 1458 1624 ἃ
1473 1591 1576 1627 firmis
1591 1599 1850 1644 propugnaculis

1087 1638 1356 1674 circumvallavit.
1402 1640 1565 1676 Idumaeos
1579 1666 1588 1679 ‚
1614 1645 1824 1682 Ammonitas
1839 1672 1851 1687 ‚

1088 1685 1274 1727 Philistaeos,
1287 1689 1424 1726 Arabas,
1436 1694 1466 1724 8<
1478 1705 1595 1727 omnes
1605 1695 1640 1729 in
1657 1696 1776 1732 vicini&
1786 1696 1851 1732 ho-

1086 1736 1146 1770 stes
1159 1736 1288 1782 pessime
1300 1741 1492 1775 mulctavit:
1517 1742 1641 1788 Lysiam
1656 1748 1756 1780 totius
1770 1748 1850 1783 Afiae

1083 1788 1128 1820 cis
1141 1786 1335 1833 Euphratem
1350 1787 1538 1826 Praescetum
1549 1817 1559 1834 ‚
1572 1795 1604 1828 in
1617 1793 1762 1840 Judaeam
1773 1809 1848 1833 cum

1083 1834 1245 1883 sexaginta
1261 1838 1408 1873 millibus
1424 1840 1583 1887 peditum,
1597 1846 1631 1877 δε
1644 1847 1789 1894 quinque
1807 1861 1846 1882 e-

1083 1887 1212 1934 quitum
1225 1888 1400 1923 irruentem
1413 1892 1545 1937 repulit.

1129 1933 1298 1972 Antiochus
1313 1937 1480 1973 thesauros
1497 1939 1570 1974 suos
1584 1941 1758 1977 vanissimis
1773 1942 1842 1990 spe·
1862 1943 1971 1975 fimi&

1289 1988 1424 2036 Judaico
1444 1988 1536 2023 bello
1556 1990 1724 2026 exhaustos
1743 1996 1840 2027 relar-
1858 1985 1974 2034 charmi:
1999 2030 2001 2033 .
2036 1996 2048 2018 '¹

1851 2027 2000 2069 semmepef

1081 1984 1211 2021 &aculis
1233 1991 1268 2021 &

1080 2044 1183 2074 turus,
1200 2038 1233 2071 in
1245 2037 1381 2072 Perfiam
1395 2038 1562 2084 profectus
1580 2042 1645 2081 est;
1671 2055 1730 2077 nec
1742 2043 1838 2089 patris

1080 2096 1189 2120 morte
1210 2086 1379 2122 deterritus
1393 2089 1596 2136 Elymaidem
1615 2089 1669 2125 scu
1686 2091 1841 2138 Persepo—

1080 2135 1127 2169 lin
1138 2137 1245 2170 Diana
1256 2138 1421 2185 ternplum
1434 2137 1608 2185 spoliatum
1620 2140 1701 2178 ibat,
1714 2139 1770 2173 ubi
1782 2143 1841 2175 A·

1079 2184 1221 2218 laeander
1228 2198 1382 2232 magnam
1393 2189 1458 2220 auri
1469 2187 1594 2232 copiam
1607 2186 1781 2234 reposuisse
1792 2189 1842 2224 fc-

1080 2234 1215 2265 rebatur.
1241 2234 1330 2267 Cum
1351 2232 1490 2267 intrziffet
1509 2235 1608 2268 aedem
1622 2260 1632 2277 ‚
1660 2237 1842 2273 sacerdotes

1081 2280 1227 2313 comites
1239 2283 1305 2325 ejus
1324 2294 1442 2316 omnes
1463 2285 1743 2332 necantes.ipsum
1755 2288 1842 2335 lapi-

1080 2327 1175 2363 dibus
1203 2328 1284 2376 pene
1313 2330 1502 2366 obruerunt.
1542 2333 1632 2369 Hinc
1650 2347 1768 2370 vacuus
1791 2350 1841 2372 te-

1080 2377 1171 2412 diens
1191 2377 1376 2418 Ecbatana,
1397 2382 1435 2415 de
1456 2383 1599 2417 vffiioriis
1611 2384 1771 2419 ll‘laccabaei
1785 2399 1841 2422 au-

1079 2427 1171 2461 diens
1183 2452 1192 2467 ‚
1215 2429 1327 2462 animo
1345 2428 1480 2465 efferato
1499 2431 1699 2479 Babylonem
1718 2437 1840 2470 iteriu-

1078 2475 1193 2517 ststuir,
1206 2477 1435 2514 crudelissimas
1454 2483 1486 2516 in
1498 2482 1624 2530 Judaros
1635 2486 1739 2518 minas
1756 2498 1837 2519 evo-

1079 2538 1189 2561 mens.-
1212 2528 1335 2563 interea
1355 2530 1465 2577 arripit
1486 2531 1602 2566 viscera
1618 2532 1764 2567 summus
1776 2534 1839 2569 do-

1077 2577 1128 2610 lor
1142 2601 1151 2616 ‚
1175 2579 1280 2624 pergit
1299 2589 1409 2613 tamen
1433 2582 1466 2614 in
1489 2581 1602 2615 itinere
1615 2605 1623 2617 ,
1643 2584 1668 2616 is
1686 2581 1763 2616 dum
1785 2585 1839 2619 ni·

1077 2624 1181 2660 mium
1199 2625 1325 2660 festinat
1345 2640 1438 2662 curru
1451 2630 1588 2669 excidit,
1611 2644 1678 2679 quo
1699 2632 1769 2667 casu
1789 2635 1834 2668 ita

1075 2675 1187 2708 omnia
1203 2676 1490 2712 contundebantur
1502 2680 1649 2716 membra
1661 2693 1712 2723 ‚ut
1723 2684 1832 2716 Deiin

1075 2722 1106 2757 se
1117 2736 1249 2757 manum
1261 2723 1449 2770 Judaeorum
1467 2730 1596 2774 injurias
1610 2731 1833 2766 vindicantem

1075 2773 1275 2819 agnolceret.
1303 2775 1413 2810 Multa
1439 2776 1495 2812 hic
1521 2778 1608 2813 dona
1635 2781 1834 2826 pollicetur,

1074 2822 1445 2871 Judoeumquefuturuni
1459 2827 1490 2861 se
1504 2839 1618 2863 vovet,
1633 2828 1736 2863 niodo
1749 2827 1835 2863 sani-

1076 2883 1174 2906 tatem
1187 2885 1386 2920 recuperaret
1396 2901 1405 2914 ,
1421 2875 1473 2910 sed
1483 2875 1709 2923 impiissimum
1722 2878 1835 2914 homi·

1077 2933 1152 2954 nem
1175 2923 1282 2955 noluit
1301 2923 1408 2957 audire
1426 2926 1610 2959 Dominus:
1633 2927 1665 2961 in
1683 2930 1835 2962 maximis

1077 2982 1156 3018 ergo
1170 2970 1341 3004 doloribus
1352 2974 1651 3019 appropinquantes
1663 2990 1789 3015 omnes,
1799 2981 1835 3012 86

1078 3019 1106 3052 se
1130 3018 1232 3065 ipsum
1257 3022 1424 3055 teterrimo
1448 3022 1562 3057 ulceris
1587 3037 1704 3070 putore
1724 3025 1836 3061 offen-

1077 3070 1174 3107 dens,
1189 3068 1353 3114 phthiriali
1367 3071 1491 3106 interiit
1504 3074 1536 3106 in
1548 3073 1656 3111 Persiae
1670 3081 1701 3111 δι
1716 3076 1834 3111 Mediae

1078 3115 1246 3161 confiniis.

1124 3168 1216 3203 Dum
1235 3165 1385 3204 miserum
1407 3168 1541 3206 cadaver
1550 3170 1761 3209 Antiochiam
1780 3172 1835 3207 de-

1738 3221 1834 3257 ferret

1855 2075 1901 2098 rt?-
