2048 3343
465 154 531 181 ET
592 145 1246 183 Cnnouozocrm

352 265 654 303 QuAEstto
696 262 758 303 iv.

203 339 284 388 Qid
292 339 324 374 tle
333 339 424 373 ‹liebm
432 338 470 371 bis
477 338 551 370 mille
558 338 686 369 trecentis
694 334 797 369 Dan.8
804 358 812 367 .
818 343 846 368 v.
854 344 867 366 1
873 342 905 378 4.

452 385 631 431 fintiendum
643 388 659 418 ἒ

180 466 343 530 MUlto
356 468 463 510 major
484 466 517 499 in
534 465 594 498 hac
605 464 784 511 quaestione
794 461 933 499 facilitas

257 518 302 551 est
313 515 409 563 quam
423 517 454 549 in
467 516 576 562 priori.
587 515 732 560 ideoque
743 515 848 547 multo
862 512 930 546 brc-

179 566 388 602 vioribushic
401 564 497 599 nobis
509 562 569 598 effe
580 563 663 597 licet.
689 565 772 597 Tres
784 563 934 610 inprimis

176 616 238 651 hac
248 617 288 652 dc
298 628 328 650 re
341 617 512 650 sententias
522 615 672 647 invenio.
707 613 815 647 Prima
831 624 930 646 com-

177 669 286 700 munis
297 666 339 701 est
352 677 418 699 tam
428 662 680 699 pontificiorum
699 661 797 710 quam
818 665 934 695 Prote-

177 717 331 750 stantium
348 740 357 756 ‚
387 713 478 761 loqui
492 714 638 748 Danielem
658 711 700 746 de
722 712 856 746 Antiocho
869 712 933 757 Epi-

176 767 281 813 phane,
294 763 425 812 diesque
437 775 523 810 quos
535 763 682 795 nominat
694 762 839 808 Angelus
851 785 860 800 ,
877 771 935 793 na—

181 815 297 848 turales
312 811 382 849 esse.
419 811 570 846 Secunda
585 810 629 844 est
644 810 835 859 Judaeorum
850 834 860 849 ,
879 809 935 856 qui

181 863 252 898 dies
264 864 381 897 volunt
394 862 623 908 propheticos,
634 872 740 893 annos
753 858 874 893 scilicet
887 857 937 891 bis

181 912 270 947 mille
281 923 460 947 trecentos,
470 909 592 956 quibus
604 907 802 943 exeuntibus
814 919 936 955 purga-

182 964 310 996 tionem
329 961 443 1008 templi
460 971 516 1008 per
536 960 713 994 adveutum
727 960 828 1007 Messtae
841 969 938 1002 expe-

140 1040 144 1046 „
184 1013 288 1046 crant.
326 1004 936 1055 TertiaestJudaizantiumnimisho-

26 1312 138 1338 Commun
143 1309 159 1337 ’ἃ

18 1351 143 1387 finienti-¹

28 1402 99 1421 vera.

36 2385 160 2425 Defindi-

14 2465 15 2472 ἵ
35 2436 75 2456 eur
83 2429 167 2456 Cal-ai-

14 2474 15 2509 i
35 2480 90 2498 nm.

14 2513 16 2526 l

14 2533 15 2554 i

183 1063 376 1096 dictrictum
415 1057 645 1095 chiliastarum
669 1081 679 1096 ,
709 1057 767 1103 qui
787 1056 857 1089 dies
883 1055 937 1087 iti-

184 1111 263 1144 dem
276 1113 392 1146 volunt
406 1107 624 1154 Prophsticos
635 1130 645 1145 ‚
663 1117 767 1138 annos
778 1106 935 1138 nimirum

183 1159 235 1194 bis
253 1159 342 1193 mille
363 1168 548 1193 trecentos:
568 1153 622 1188 sed
637 1153 736 1201 eiquo
754 1177 762 1190 ,
790 1156 822 1187 in
833 1164 934 1199 quern

184 1209 361 1243 terminum
394 1206 535 1240 fluentes
553 1215 623 1238 non
652 1202 715 1238 sese
730 1202 817 1245 *satis
837 1213 936 1249 expe-

183 1259 292 1293 diunt.

233 1309 268 1340 In
279 1303 458 1352 primanos
468 1300 724 1350 acquiescimus,
753 1299 810 1335 etsi
826 1299 934 1334 diver-

182 1353 309 1390 simode
332 1355 350 1388 al
366 1355 460 1389 variis
480 1354 666 1400 explicetur.
705 1352 936 1399 Calvinusmoss

181 1404 264 1440 dest&
276 1408 310 1439 &
324 1405 478 1450 graviter,
490 1414 525 1437 ut
536 1401 629 1442 solet,
645 1399 715 1434 dies
728 1398 824 1434 hosce
837 1397 936 1432 resol-

179 1457 226 1490 vit
239 1456 271 1488 in
283 1465 386 1487 annos
400 1451 470 1492 sex,
498 1449 621 1486 menses
633 1462 698 1484 tres
715 1453 750 1484 &
769 1447 836 1483 fere
854 1460 936 1496 qua-

181 1515 271 1538 tuot.
296 1504 418 1536 Eurum
434 1502 534 1535 finem
558 1502 651 1548 ponit
671 1500 703 1532 in
719 1511 806 1532 anno
831 1498 937 1545 Regni

184 1556 380 1588 Graecorum
390 1549 572 1585 centesimo
583 1546 833 1597 quadragesimo
843 1548 935 1581 oeta-

179 1615 225 1638 vo
240 1627 249 1642 ‚
279 1599 395 1635 mensis
418 1601 496 1633 noni
508 1597 669 1644 Cafleudie
686 1596 936 1644 vicesimoquin—

183 1663 222 1686 to
235 1676 245 1692 ‚
266 1661 369 1699 prout
387 1647 524 1682 habetur
541 1647 684 1696 expresse
709 1660 719 1681 1
739 1648 887 1682 Maccab.
902 1661 936 1690 4.

182 1700 215 1735 'v.
230 1712 243 1747 5
257 1715 285 1736 z.
311 1711 429 1732 eorum
443 1697 518 1732 vero
533 1698 728 1745 principium
741 1694 937 1742 generaliter·

184 1751 218 1784 in
239 1747 343 1796 primii
361 1747 556 1794 Judaeorurn
576 1745 618 1780 ab
640 1748 771 1780 Antiochi
788 1744 935 1793 persecu·

182 1802 290 1834 tione.
319 1796 545 1833 Particularisss
561 1808 626 1830 non
638 1807 720 1844 opus
732 1794 792 1830 fuit
806 1794 935 1829 descen-

180 1849 257 1885 dere
271 1876 278 1888 ,
305 1860 380 1881 nam
397 1845 416 1880 fi
432 1847 704 1894 retrogradiendo
725 1845 937 1879 numeremus

180 1897 222 1933 ab
235 1909 322 1931 anno
334 1895 513 1931 centesimo
525 1898 646 1930 ostivo
657 1922 666 1935 ‚
675 1896 809 1941 ejusque
820 1892 937 1928 meniis

181 1949 263 1981 noni
276 1945 573 1993 vicesimoquinto,
587 1944 820 1979 Arithmeticus
830 1956 934 1977 anno-

178 2008 252 2030 rum
268 2008 450 2043 paucorum
466 1995 608 2030 calculus
619 2007 683 2028 non
696 1995 800 2042 potest
811 2005 937 2027 errare:

180 2047 332 2092 inprimis
354 2044 375 2079 si
391 2047 517 2080 rectum
536 2046 656 2080 calvini
680 2042 936 2078 fundamentum

179 2094 429 2142 supponamus,
454 2093 674 2130 differentiam
701 2105 836 2127 omnem
857 2095 938 2126 inter

180 2156 289 2178 annos
307 2145 465 2190 antiquos
491 2143 683 2190 Judaeorum
704 2147 737 2177 δε
757 2143 939 2176 hodiernos

181 2194 313 2228 nostros
323 2192 470 2240 Julianos
481 2219 490 2233 ‚
505 2204 560 2226 aut
572 2194 652 2226 alios
662 2194 760 2225 etiam
772 2191 940 2238 quoscun-

183 2255 247 2290 que
260 2246 402 2278 Lunares
417 2247 450 2278 &
471 2243 598 2278 Solares
615 2267 624 2282 ‚
650 2242 941 2287 pet-intercalatio-

186 2304 262 2326 nem
283 2295 409 2326 incerto
426 2292 599 2326 intervallo
609 2289 740 2325 solitam
762 2293 844 2324 olim
860 2300 940 2324 con-

189 2340 300 2376 ciliati,
312 2341 473 2388 hodieque
486 2340 578 2373 facile
590 2342 707 2385 :equari
719 2337 819 2386 posse.

241 2390 303 2434 Q
313 2388 348 2421 id
359 2401 468 2422 autem
483 2391 619 2423 Calvinus
628 2391 660 2421 in
673 2388 783 2421 locum
795 2398 859 2434 prae
871 2399 943 2420 rna-

191 2436 288 2471 nibus
305 2462 313 2478 ‚
336 2436 411 2472 Velit
429 2438 592 2485 pollutum
611 2441 645 2471 &
663 2447 838 2484 purgatum
859 2447 946 2469 tem-

191 2486 283 2532 plum
315 2487 409 2520 annis
443 2497 575 2520 centum
609 2486 848 2533 quinquaginta
874 2485 944 2531 post

193 2547 338 2570 mortem
358 2537 517 2570 Alexandri
538 2561 546 2573 ,
572 2538 603 2568 &
627 2546 737 2568 tamen
767 2534 947 2568 centesimo

193 2585 447 2632 quadragesimo
463 2586 583 2618 ociavo
609 2585 714 2631 Regni
728 2583 922 2616 Graecorum
935 2608 945 2620 ‚

193 2636 387 2675 ἐναντιςφεινὲς
404 2636 447 2668 est
465 2631 576 2668 solutu
589 2631 696 2668 facile.
727 2632 814 2666 Nam
825 2630 949 2680 primo,

191 2685 582 2732 pra-lectionesCalviniin
592 2683 740 2718 Danielem
750 2681 789 2715 ab
799 2681 864 2729 ipso
877 2694 949 2714 non

193 2732 266 2767 sunt
279 2733 374 2766 editae
384 2758 393 2774 ,
413 2732 464 2768 sed
477 2738 528 2775 (ut
539 2732 663 2767 diversa
675 2735 741 2776 ejus
751 2732 827 2773 alia)
838 2731 879 2764 ab
890 2743 948 2765 ore

193 2784 347 2816 distantis
359 2794 500 2830 acceptae
516 2807 523 2821 ‚
546 2781 612 2816 sine
632 2779 727 2827 ipsius
755 2780 944 2814 recensione

195 2834 351 2879 evulgatae
369 2832 441 2865 sunt
457 2858 465 2872 ‚
494 2829 668 2878 profitetur
688 2828 775 2863 certe
798 2828 949 2863 hocloco

199 2879 315 2914 diserte
329 2881 422 2927 loqui
437 2879 466 2915 se
483 2882 524 2914 de
537 2879 658 2914 summ&
670 2877 798 2912 tautum
819 2889 948 2924 tempo-

199 2941 271 2963 tum
284 2926 430 2973 ’παχὺλιῖς
442 2935 471 2964 ὃ(
491 2929 667 2976 igni-efflauit
678 2954 687 2969 ‚
716 2939 783 2961 non
799 2925 949 2960 accurate

201 2981 234 3011 δε
256 2980 493 3021 ῑιετοειῐῃεῑίεὲ,
520 2977 667 3026 praeterczi
681 2975 817 3025 Epocha
839 2977 950 3023 Regni

202 3026 397 3060 Graecorum
412 3030 442 3061 in
466 3028 661 3063 Maccabaeis
674 3038 867 3065 memorata,
881 3037 949 3059 non

201 3075 323 3120 incepit
335 3078 465 3122 nequer}
476 3079 608 3123 Regno.
619 3090 727 3123 neque
738 3075 753 3110 a
765 3086 870 3109 morte
884 3078 949 3109 Ale-

201 3126 317 3164 xandri,
331 3127 466 3168 proutin
485 3125 613 3159 histonii
632 3128 791 3161 diximus,
823 3124 874 3158 scd
894 3123 951 3158 ali-

203 3174 352 3219 quandiu
380 3175 453 3223 post
479 3174 495 3209 ὲ
518 3174 723 3222 Babylonico
751 3177 859 3212 Seleuci
885 3176 949 3208 Rc-

204 3235 284 3271 gno.

1304 143 1481 184 L1n.1.
1653 157 1728 191 253

1032 217 1125 251 [tinius
1141 218 1202 258 (ut
1220 215 1253 248 in
1274 214 1458 262 plerisque)
1482 216 1603 252 vultad
1625 220 1733 253 miuu-

984 264 1099 298 tissima
1109 264 1299 300 descendere
1310 290 1318 302 ,
1337 276 1372 298 ut
1386 265 1484 300 linem
1498 267 1590 313 hujus
1604 269 1730 316 periodi

981 315 1115 358 ponirin
1127 326 1218 349 anno
1233 315 1438 349 Seleucidarnm
1455 316 1631 351 centesimo
1643 330 1730 364 qua-

980 361 1315 409 dragesimoostavm
1342 362 1459 397 mensis
1480 367 1557 398 noni
1576 367 1731 401 vice-fimo

981 412 1100 457 quinto
1113 433 1123 452 ,
1143 412 1395 460 itapriucipium
1408 413 1439 446 in
1452 425 1537 447 anno
1546 418 1733 451 eorundem

981 459 1161 495 centesimo
1204 460 1457 509 quadragesimo
1487 464 1598 510 primo
1618 490 1625 502 ,
1658 466 1734 500 εὰιῃ

984 513 1125 545 Menelaus
1153 509 1306 545 Pontifex
1328 512 1367 545 ad
1386 512 1500 547 Centil
1516 511 1620 546 smum
1647 515 1738 549 defe-

983 562 1039 593 cit.
1085 561 1221 595 l-luncce
1234 558 1395 593 calculum
1417 561 1538 606 probat
1558 574 1595 595 ex
1613 575 1622 596 1
1640 563 1740 596 Mac..

984 608 1060 643 cab.
1078 620 1108 643 1.
1129 610 1209 644 vers.
1232 621 1282 643 ιζ.
1305 609 1374 644 dies
1387 622 1495 645 autem
1511 609 1560 646 bis
1574 613 1660 646 mille
1673 623 1740 647 tre-

984 669 1102 692 centos
1125 660 1250 693 reducit
1268 658 1309 692 ad
1337 671 1442 693 annos
1462 658 1512 694 sex
1534 673 1609 694 cum
1634 661 1740 697 tribus

986 705 1151 741 mensibus
1163 711 1196 742 &
1210 707 1323 741 diebus
1334 710 1524 744 octodecim
1540 735 1548 750 ,
1564 708 1743 758 supponit-

984 758 1096 804 quein
1118 769 1325 805 unoquoque
1342 756 1494 792 sexennio
1514 761 1741 808 geminamin-

985 803 1247 846 tercalaxionem,
1261 805 1312 841 scu
1325 806 1410 842 duos
1424 807 1614 843 Februarios
1626 808 1741 844 bissex-

986 857 1058 891 tiles
1079 868 1086 889 :
1107 854 1157 889 sex
1174 856 1262 888 enim
1276 855 1361 890 horae
1373 857 1493 903 quibus
1504 861 1596 892 annis
1606 857 1742 904 singulis

986 905 1096 938 cursus
1114 905 1202 938 Solis
1224 906 1352 953 excedit
1374 907 1443 940 dics
1463 917 1633 943 trecentos
1652 907 1744 942 sexa-

985 954 1078 1001 ginta
1087 954 1250 1000 quinque,
1260 954 1292 985 in
1306 965 1514 1002 unoquoque
1523 970 1642 1003 quarto
1653 970 1743 992 anno

986 1000 1133 1036 efficiunt
1153 1003 1315 1050 integrum
1345 1002 1433 1037 diem
1461 1006 1580 1052 viginti
1605 1019 1746 1053 quatuor

986 1050 1152 1087 horarum.

1035 1101 1147 1136 lunium
1157 1099 1300 1147 sequitur
1313 1103 1484 1141 nouorum
1494 1101 1628 1144 solct‚de
1642 1102 1744 1137 verbo

984 1151 1018 1183 in
1030 1148 1183 1190 verbum,
1192 1151 1290 1184 etiam
1302 1152 1586 1190 Deodatus,Polanus
1597 1165 1748 1199 quoque,

985 1197 1039 1234 sed
1054 1199 1121 1233 hoc
1136 1199 1284 1239 addens,
1300 1199 1472 1247 praecisum
1485 1203 1664 1237 terminum
1683 1203 1746 1235 ini-

984 1250 1097 1284 tialem
1119 1249 1265 1296 Epochae
1287 1249 1451 1296 praesentis
1471 1252 1586 1286 cadere
1609 1253 1643 1284 in
1665 1253 1745 1285 anni

983 1296 1152 1333 centesimi
1173 1298 1414 1345 quadragesimi
1438 1296 1576 1336 secundi
1595 1300 1741 1335 mensem

983 1347 1110 1382 sextum
1121 1349 1171 1382 die
1185 1347 1287 1382 sexto.

1034 1400 1070 1431 In
1092 1397 1152 1431 hac
1168 1399 1243 1432 lunii
1261 1396 1413 1432 sementi&
1433 1397 1667 1446 improbamus
1685 1411 1740 1434 re-

984 1446 1183 1481 ductionem
1196 1446 1326 1481 dierum
1336 1447 1378 1481 ad
1388 1460 1494 1483 annos
1506 1448 1636 1489 sexltrcs
1649 1461 1743 1483 men-

986 1493 1044 1538 ses,
1055 1509 1128 1531 curu
1141 1494 1257 1530 diebus
1269 1498 1471 1538 ostodecirm
1484 1496 1581 1544 suppo
1589 1496 1742 1532 fitficnim

986 1546 1138 1594 praedicffi
1158 1548 1410 1581 intercalatione
1428 1573 1438 1587 ,
1466 1546 1610 1581 calculus
1630 1547 1682 1581 hic
1700 1547 1745 1583 ad

984 1592 1131 1630 amussim
1145 1595 1393 1630 Arithmeticam
1404 1596 1593 1642 quadrabit.
1624 1596 1688 1631 Sed
1707 1598 1744 1632 id

986 1646 1077 1694 qnod
1099 1644 1319 1680 desideramus
1331 1644 1444 1678 Primo
1462 1645 1506 1679 est
1519 1671 1526 1684 ‚
1545 1646 1637 1693 quod
1649 1648 1744 1682 Iunius

986 1697 1081 1741 liujus
1102 1696 1231 1729 numeri
1253 1695 1452 1742 principium
1474 1706 1576 1742 ponat
1596 1697 1628 1730 in
1655 1708 1745 1730 anno

987 1743 1169 1780 centesimo
1194 1743 1450 1791 quadragesimo
1461 1747 1570 1792 primo
1583 1769 1591 1785 ,
1610 1747 1743 1794 integro

985 1807 1073 1829 anno
1085 1791 1245 1828 maturius
1257 1792 1373 1827 debito
1391 1808 1398 1827 :
1420 1795 1513 1840 quod
1526 1792 1645 1828 metito
1657 1798 1746 1829 Pola-

984 1857 1046 1893 nus,
1056 1847 1131 1879 licet
1141 1841 1263 1889 absque
1275 1843 1517 1891 redargutione,
1528 1842 1744 1892 corrigit,etsi

985 1895 1039 1928 alii
1056 1894 1275 1941 incogitantes
1287 1904 1434 1926 errorem
1447 1892 1533 1927 hunc
1545 1893 1746 1936 dd'omfm'g-we

985 1942 1169 1990 sequantur.
1197 1940 1361 1976 Secundo.
1379 1942 1444 1975 Pro
1456 1943 1679 1986 calculihujus
1690 1956 1746 1976 ca-

985 1995 1052 2040 pite
1070 1994 1182 2026 luniani
1201 2003 1319 2025 omnes
1330 2015 1340 2028 ‚
1356 1993 1457 2025 etiam
1468 1990 1533 2037 ipse
1546 1994 1683 2030 Polanns,
1695 1993 1744 2025 ci-

986 2053 1057 2076 tant
1083 2054 1093 2073 ι
1113 2040 1268 2075 Maccab.
1285 2052 1313 2074 1.
1335 2052 1365 2075 v.
1380 2052 1436 2074 12.
1453 2039 1532 2073 nihil
1553 2051 1664 2074 tamen
1678 2039 1744 2074 illic

986 2090 1233 2138 appareqquod
1246 2088 1320 2123 huic
1331 2089 1555 2123 numerationi
1567 2088 1671 2123 ullum
1684 2102 1748 2124 co-

986 2142 1091 2175 lorem
1123 2139 1247 2188 praebet
1267 2153 1278 2182 3
1320 2138 1367 2172 ibi
1400 2139 1539 2185 legimus
1574 2141 1746 2174 Antiochum

989 2193 1162 2237 Epiphanem
1196 2186 1368 2235 occupssss'e
1391 2189 1548 2236 Regnum
1573 2200 1661 2222 anno
1695 2196 1747 2223 Se-

985 2241 1163 2274 leucidarum
1190 2236 1370 2272 centesimo
1399 2236 1562 2270 tricesimo
1589 2237 1746 2285 septimo,

987 2288 1038 2323 sed
1054 2289 1188 2335 quando
1202 2286 1334 2335 Judaeos
1358 2298 1473 2321 vexare
1501 2289 1638 2333 coeperit
1653 2312 1663 2328 ,
1693 2290 1746 2323 vel

989 2351 1056 2385 quo
1084 2339 1244 2384 temporis
1267 2337 1406 2371 articulo
1433 2339 1579 2370 Menelaus
1607 2334 1746 2381 Aposta-

990 2400 1022 2421 ta
1040 2385 1083 2420 ad
1104 2399 1180 2420 eum
1198 2385 1228 2420 se
1241 2385 1441 2425 contulerit,
1463 2384 1590 2418 nullum
1608 2384 1654 2416 ibi
1672 2396 1748 2428 ver:

990 2435 1085 2471 bum.

1039 2487 1264 2519 Annotatores
1285 2482 1455 2529 Anglicani
1475 2481 1572 2529 primi
1586 2479 1657 2514 dies
1682 2491 1746 2514 no-

993 2535 1074 2567 stros
1087 2534 1264 2575 conjiciunt
1282 2534 1315 2563 in
1327 2543 1433 2563 annos
1445 2530 1493 2564 sex
1503 2555 1512 2570 ,
1531 2541 1595 2564 tres
1608 2528 1744 2567 menses,

994 2586 1028 2616 &
1048 2581 1235 2615 dimidium.
1270 2578 1358 2612 Male
1373 2578 1457 2618 hoc,
1476 2582 1506 2612 &
1525 2578 1744 2613 contras'uum

994 2633 1167 2665 auctorem
1192 2630 1366 2665 Calvinum,
1394 2629 1452 2674 qui
1478 2626 1580 2661 habet
1605 2627 1749 2675 expresse.

995 2679 1164 2727 plusquam
1183 2678 1356 2711 dimidium
1368 2705 1377 2717 ‚
1403 2677 1548 2712 Secundi
1564 2679 1748 2724 primorum

994 2741 1139 2763 errorem
1160 2738 1317 2775 repetunt
1331 2728 1513 2761 examinare
1527 2725 1744 2775 negligentes,

995 2780 1101 2813 Tertii
1123 2780 1222 2811 etiam
1246 2779 1389 2811 eundem
1409 2787 1562 2821 repetunt
1583 2775 1647 2810 sine
1668 2780 1750 2821 reje-

997 2829 1121 2867 ctione,
1133 2827 1256 2861 addunt
1273 2838 1382 2860 tamen
1397 2828 1521 2859 redium
1534 2827 1632 2860 Polani
1645 2828 1751 2861 calcu-

996 2879 1061 2911 lum
1083 2888 1151 2909 non
1169 2877 1341 2908 nominato
1361 2878 1498 2909 auctore
1520 2899 1530 2914 ‚
1560 2874 1614 2910 sed
1633 2876 1665 2908 in
1684 2875 1750 2909 hoc

997 2926 1236 2959 deterioratum
1251 2924 1369 2971 „quod
1384 2924 1574 2958 oftodecim
1592 2925 1658 2958 dies
1675 2927 1750 2960 red-

997 2975 1077 3008 dant
1103 2974 1283 3021 aliquando
1313 2976 1382 3007 dies
1402 2974 1634 3007 novemdecim
1653 2999 1663 3015 ,
1690 2973 1751 3008 ali-

997 3024 1133 3070 quando
1155 3036 1218 3057 tres
1232 3023 1456 3057 hebdomadas
1468 3036 1537 3066 qua:
1549 3024 1671 3058 faciunt
1682 3024 1750 3058 dies

997 3072 1379 3120 vigintiunum,sed,qui
1393 3070 1641 3114 multomnjoris
1654 3072 1753 3105 abol-

997 3123 1033 3155 loe
1055 3120 1159 3168 lapsus
1178 3123 1221 3155 est
1245 3146 1252 3157 ‚
1278 3120 1463 3167 ipsiilimum
1483 3122 1532 3155 hic
1551 3120 1749 3168 Jesuitarum

997 3173 1157 3205 calculum
1176 3171 1355 3214 subjiciunt
1367 3196 1375 3209 ,
1393 3172 1448 3218 qui
1465 3182 1641 3218 utrumque
1654 3172 1751 3214 hujus

999 3221 1138 3268 Epochre
1156 3224 1333 3255 terminum
1355 3219 1397 3253 de
1415 3222 1508 3255 reClo
1521 3220 1599 3256 loco
1610 3221 1752 3255 submo-

1342 3270 1377 3302 li
1402 3284 1419 3316 3
1688 3278 1752 3308 vet,

1753 212 1879 253 Improba-

1751 260 1888 285 turlunn'n.

1766 2491 1897 2518 «sanotae

1766 2538 1826 2558 tores
1834 2534 1905 2560 ⁸fin-

1760 2572 1858 2608 glirani

1766 2620 1888 2643 notantur.
