2048 3343
0 495 3 518 l
29 504 35 510 ·
41 490 142 522 Herodis

0 535 3 559 l
41 533 167 568 miserrima

41 585 110 602 mors.

39 1213 147 1251 Iofipbus

39 1253 136 1282 Herodi

41 1295 98 1330 afiri
102 1295 136 1321 hit

40 1334 164 1374 impoffibi-

440 61 504 89 ΕΤ
562 52 1244 91 CHR0N0L0c1c1

1306 56 1489 94 L1n.1.
1667 63 1745 101 307

197 126 360 160 delitatcrn
374 125 472 173 longe
494 125 621 174 latbque
639 126 671 158 in
692 123 950 172 quamplurimos
987 127 1168 171 gitionibus
1179 124 1259 173 pen&
1271 136 1373 160 totam
1389 138 1506 162 ten-am
1522 126 1697 164 Chaman,
1713 137 1749 158 a-

198 175 310 209 cffudit
322 202 329 214 ‚
350 176 430 222 pene}
445 177 525 209 nulli
539 178 586 210 vel
601 186 655 222 per
667 174 841 206 maximam
861 170 946 203 calu-

197 226 318 258 mniam
330 225 435 258 delato
457 237 598 272 parcens.
626 221 684 255 Ob
697 221 779 254 hanc
792 220 824 251 in
838 217 946 250 homi·

197 286 254 307 nes
266 275 424 307 malitiam
440 296 449 308 ,
485 278 516 307 &
538 273 640 305 multa
661 278 775 303 contra
794 266 945 311 pietatem

196 323 357 356 Romanis
377 322 473 355 Idolis
498 321 601 355 creffta
622 317 764 362 templa,
792 312 946 361 gravibus

198 370 324 405 morbis
347 367 476 404 coelitus
499 366 657 415 percussus
676 365 719 399 est
737 377 744 397 ε
776 364 809 396 in
828 363 947 408 quibus

201 420 322 454 doloris
335 421 377 453 im
384 417 534 465 patienti&
544 417 646 452 victus
656 413 695 449 ab
705 411 877 447 inferendis
889 411 946 446 fibi

199 469 347 503 manibus
369 469 420 502 vix
441 468 551 515 potuit
567 467 664 500 etiam
676 464 707 498 vi
725 462 877 496 coerceri.
910 463 947 494 In

197 519 350 552 extremis
371 529 467 565 agens
486 518 561 551 Deo
588 510 842 558 hominibusque
866 522 946 544 exo-

198 567 266 602 sum
287 566 314 601 se
333 565 488 605 sentiens,
510 564 693 613 Judaeorum
712 562 868 608 primores
889 557 949 593 sub

194 629 292 664 poena
303 616 417 650 mortis
428 615 465 649 ad
476 612 507 649 se
519 625 654 648 vocatos
664 612 791 645 theatro
802 608 928 643 inclusit
938 631 949 648 ‚

194 670 225 700 &
239 664 338 700 sorori
354 663 468 698 Salome
487 662 597 698 multis
617 660 777 709 precibus,
793 658 947 691 ultimum

196 714 260 749 hoc
275 713 365 748 suum
377 713 550 748 vehemens
562 722 677 745 votum
690 706 949 746 commendavit,

197 775 357 798 utornnes
374 763 448 797 illos
465 759 615 797 immissis
630 757 790 793 militibus
804 756 947 803 jugulari

196 823 343 856 curaret3
410 823 485 846 uam
507 812 649 859 primurn
660 806 725 854 ipse
741 806 884 840 animam
899 803 948 839 ef-

195 861 312 896 flasset:
343 872 379 896 ut
391 872 461 895 tota
474 860 580 907 Judaea
589 859 698 905 lugere
711 853 888 889 domestica
898 853 948 888 sua

195 913 279 946 mala
295 921 467 958 cogeretur
478 934 488 950 ‚
511 913 543 944 &
562 907 602 942 ab
613 904 833 952 omnigaudio
850 904 884 936 in
895 900 948 936 sua

195 972 305 995 morte
316 960 448 1006 privatis
465 955 709 993 calamitatibus.
729 952 950 1000 depelleretur.

196 1010 307 1045 salome
316 1010 391 1043 licet
402 1006 526 1042 facinus
539 1006 627 1042 fratri
640 1006 671 1038 in
683 1013 865 1038 extremum
879 1004 948 1046 ejus

193 1061 341 1095 solatium
355 1055 563 1105 promisisset,
581 1066 648 1088 non
664 1052 798 1099 patravit
816 1061 922 1084 tamen
936 1073 945 1089 ,

194 1111 248 1145 sed
265 1123 303 1144 eo
317 1118 450 1142 mortuo
467 1102 639 1141 conclusos
656 1113 772 1135 omnes
784 1097 949 1134 dimifirli-

195 1160 301 1194 beros.

243 1210 327 1251 Quae
343 1205 381 1240 de
393 1203 541 1239 urbibus,
553 1199 690 1238 arcibus,
700 1196 844 1244 templis,
853 1194 946 1229 thea-

197 1258 250 1291 tris
263 1281 272 1296 ,
283 1254 442 1302 portubus
451 1278 461 1293 ,
476 1251 610 1297 aliisque
626 1244 779 1295 operibus
791 1244 929 1292 publicis
939 1268 947 1283 ‚

198 1306 346 1353 inprimis
365 1303 491 1349 templo
525 1297 760 1344 Hierosolymis
793 1293 950 1328 Solomonis

199 1353 305 1389 multo
325 1350 619 1401 magnificentiori,
637 1342 767 1395 Iofi‘phus
779 1353 951 1382 memorat,

198 1416 286 1439 tanta
295 1403 370 1438 sunt
380 1407 412 1437 &
423 1414 489 1436 tarn
503 1398 658 1435 immania
670 1406 723 1438 ‚ut
732 1407 806 1429 curn
819 1391 951 1432 Saliano,

198 1454 330 1501 aliisque
342 1477 351 1491 ,
367 1454 400 1486 in
417 1451 555 1484 dubium
574 1444 786 1485 revocandam
803 1441 855 1477 hle
871 1454 951 1477 cen-

201 1502 285 1538 seam
296 1499 404 1549 Ioftphi
415 1499 530 1534 fidem.

249 1553 372 1587 Verum
383 1550 427 1586 est
444 1548 510 1585 suis
522 1544 686 1584 blanditiis
699 1547 731 1579 &
742 1538 879 1591 profusis
889 1539 952 1574 lar-

993 174 1164 231 liquotque
1180 177 1277 209 ctiam
1297 177 1416 209 vicinas
1430 178 1576 223 regiones
1594 174 1611 209 ὲ
1623 177 1747 209 Roma—

993 234 1042 256 ηις
1052 234 1287 271 impetraverat,
1301 235 1514 270 magnamque
1526 226 1667 271 pecuniae
1678 224 1745 258 vim

993 273 1158 316 tyrannice
1186 273 1363 320 quotannis
1390 272 1601 320 undecunque
1633 282 1745 307 extor-

994 320 1115 367 quebat
1128 333 1137 359 3
1149 334 1264 354 omncs
1275 332 1382 355 tamen
1394 323 1462 364 ejus
1472 322 1610 356 ditiones
1621 346 1630 361 ‚
1640 333 1744 369 quan-

994 370 1114 403 tumvis
1130 369 1299 406 crudeliter
1318 371 1478 404 emuncstae
1490 392 1499 408 ,
1516 369 1646 404 decima:
1657 370 1744 404 sum-

995 427 1110 464 ptuum
1129 415 1144 450 ἓι
1160 415 1272 465 Iofipho
1293 429 1549 453 memoratorum
1568 420 1649 464 parti
1674 431 1742 452 non

995 467 1146 502 videntur
1157 465 1343 502 suffthurae.

1042 517 1091 550 Ex
1103 516 1254 551 undecim
1268 514 1422 550 uxoribus
1433 514 1555 548 multos
1568 511 1693 548 sustulit
1703 515 1747 548 li·-

996 565 1089 600 beros
1100 590 1110 603 ‚
1130 567 1215 600 inter
1228 577 1311 613 quos
1327 563 1414 599 bonfi
1424 576 1497 597 cum
1512 564 1628 609 Caefim‘s
1647 561 1748 611 gratia

992 616 1115 662 amplas
1124 614 1193 648 suas
1202 615 1343 648 ditiones
1355 612 1470 652 divifit,
1486 610 1646 648 Archelao,
1659 610 1747 646 ‘Phi—

992 662 1066 711 lippo
1075 687 1084 703 ,
1098 664 1215 698 Herodi
1225 663 1375 711 «Antipae,
1389 660 1519 709 aliisque
1528 660 1604 696 filiis
1614 686 1624 702 ‚
1637 673 1744 708 nepo-

996 713 1095 750 tibus,
1103 726 1138 747 ac
1150 713 1397 760 consanguineis
1410 726 1419 752 3
1440 712 1554 759 Regna
1565 714 1598 745 &
1609 711 1745 745 Tetrar-

996 762 1081 798 chias
1096 775 1154 809 pro
1165 762 1223 797 suo
1235 763 1369 796 arbitrio
1386 760 1598 797 distribuens:
1626 759 1678 794 sed
1692 760 1744 793 in-

996 824 1043 847 tra
1061 824 1164 845 unum
1185 811 1330 846 seculum
1352 823 1469 844 omnes
1486 809 1531 844 11ae
1551 807 1634 843 mal&
1650 819 1744 856 partae

994 859 1197 909 pofl’effiones
1212 859 1252 894 ad
1272 860 1444 893 Romanos
1461 858 1646 898 redierunt,
1674 855 1746 892 tot&

995 908 1119 945 Herodis
1130 906 1273 956 prosapiei
1284 907 1393 942 divini}
1412 919 1511 942 manu
1528 908 1679 942 radicitus
1690 920 1745 941 cx-

996 957 1123 1007 tirpatzi.

1172 1077 1410 1111 cApuT
1459 1078 1561 1112 XIV.

1076 1186 1146 1222 Um
1159 1186 1192 1220 in
1203 1181 1334 1232 septimz'i
1351 1181 1410 1218 hz'ic
1421 1183 1555 1232 Epocha
1573 1184 1743 1220 authenti-

1077 1248 1120 1271 cae
1131 1235 1302 1281 Scripturae
1314 1233 1436 1274 sileant,
1446 1235 1525 1281 quin
1536 1237 1634 1269 etiam
1645 1233 1662 1269 ὲ
1674 1235 1742 1269 die-

995 1286 1056 1322 bus
1068 1281 1227 1321 Malachiae
1239 1283 1278 1318 ad
1295 1294 1441 1330 tempora
1462 1280 1579 1318 Chriffl
1596 1285 1744 1319 nullaeli-

994 1348 1067 1371 terae
1076 1334 1164 1370 sacrae
1181 1333 1301 1381 scriptae
1312 1332 1372 1366 {int
1384 1331 1421 1375 (fi
1432 1333 1461 1366 A
1466 1332 1646 1380 pocryphas
1656 1334 1746 1369 exci-

994 1388 1070 1433 pias,
1081 1396 1158 1433 quas
1168 1395 1228 1417 nos
1237 1394 1295 1430 pro
1305 1381 1397 1416 sacris
1407 1394 1475 1416 non
1487 1381 1658 1425 habemus)
1673 1383 1747 1417 nul-

996 1438 1039 1472 las
1055 1432 1263 1483 quaestiones,
1279 1429 1367 1466 nulla
1383 1430 1482 1466 dubia
1496 1431 1746 1479 Chronologica

996 1485 1093 1533 capiti
1103 1482 1294 1531 praecedenti
1306 1479 1505 1525 subjicimus,
1516 1479 1568 1516 sed
1578 1479 1664 1517 κεᾶῖι
1673 1493 1746 1529 per-

993 1538 1102 1585 gimus
1112 1532 1151 1569 ad
1160 1532 1297 1569 Novum
1304 1530 1569 1568 Testamentum.

822 2205 856 2300 „munillllllt

1726 2760 1898 2823 Operis
