2048 3343
54 1661 99 1688 An
113 1657 208 1686 PrInci-

50 1707 126 1737 patus
134 1702 208 1726 Mac-

53 1738 188 1766 cabaormn

48 1779 130 1817 fuerit
152 1779 210 1816 legi-

53 1828 131 1847 rimus
140 1825 151 1846 ?

438 103 516 129 ετ
580 89 1217 141 Cnnorxozocrcr

218 165 258 199 ba
269 176 337 212 quae
349 162 386 197 ad
399 162 515 197 tribum
526 162 615 211 Judae
628 163 705 197 nihil
717 162 852 210 spe&ant
862 185 873 202 ,
903 162 976 195 licet

214 215 264 248 illa
277 211 480 247 Lovanienses
487 214 600 247 Latino
608 213 737 260 margini
745 211 901 246 ascribant.
913 210 974 243 Sed

216 263 375 297 decretum
394 262 616 297 Tridentinum
634 261 672 296 de
690 261 874 295 Latinorum
896 262 972 295 οὶυῖεν-

216 316 269 346 «εἰσι
292 310 464 346 Pontificiis
489 323 554 345 non
573 310 722 357 permittit
744 306 973 354 responsionem

215 363 306 401 hanc,
322 373 414 410 quam
422 359 476 406 ipsi
488 359 584 394 sciunt
593 356 785 395 veriffimam,
795 356 949 403 amplecti.

265 410 409 446 Secundo
424 406 607 456 respondent
623 406 689 444 alii,
716 407 748 440 in
765 418 900 454 quorum
916 417 974 439 nu-

220 473 310 496 mero
316 462 460 494 Baronim
474 456 565 493 etia'm
573 457 603 490 in
613 456 721 491 ultima
728 455 898 489 Annalium
904 453 974 489 suo-

222 523 290 545 rum
308 508 379 543 cura
391 508 551 556 perdurare
563 504 592 541 se
605 504 767 553 profitetur
780 516 859 539 torn.
874 517 974 552 1.pag.

222 572 247 605 3.
272 559 465 594 Maccabaeos
480 557 532 592 etsi
544 569 609 591 non
621 567 732 604 genere
745 565 874 602 paterno
882 578 893 594 ‚
912 567 976 588 ma-

222 619 314 643 terno
326 619 427 643 tamen
446 607 518 641 luda
542 606 658 640 tribum
682 603 809 653 attigisse
823 628 833 644 ,
858 607 890 639 &
910 607 976 649 jure

222 669 354 694 matrum
387 657 460 691 luda
485 655 634 704 sceptrum
663 652 830 701 possediffe.
879 651 974 700 Resp.

221 709 365 743 Gratuita
377 707 441 742 haec
453 706 491 741 de
501 706 636 753 Judaicis
648 702 898 738 Maccahaeorum
911 715 977 737 ma-

220 758 319 792 tribus
331 757 466 796 assertio,
485 752 597 801 absque
608 752 796 788 ulloidoneo
807 750 895 792 teste,
913 763 975 786 tam

219 805 310 841 facile
321 816 448 853 negatur
465 804 559 851 quam
579 801 754 838 affirmatur.
782 801 911 836 Licuisse
925 804 975 836 Sa-

218 856 398 891 cerdotibus
411 855 450 889 de
467 853 541 887 luda
558 851 671 887 familiai
689 863 799 886 uxores
818 851 929 886 ducere
942 851 974 884 in

218 906 382 953 Scripturis
389 904 480 938 bonae
487 913 568 937 nota:
576 903 694 949 aliquot
704 901 843 948 exempla
856 910 975 948 ponunt

220 965 304 990 extra
321 954 460 990 dubium.
506 953 566 987 Sed
579 950 652 999 saepe
665 952 694 985 id
708 949 893 993 faffitatum,
925 960 975 983 aut

220 1004 415 1040 Maccabaeos
430 1002 609 1037 Sacerdotes
633 1001 664 1035 id
687 998 852 1047 praestitisse
865 998 974 1033 nullibi

220 1054 350 1101 legimus
369 1067 377 1087 :
403 1056 435 1088 &
453 1052 524 1086 licet
542 1050 580 1085 slc
596 1049 713 1084 faustum
728 1050 849 1084 daretur
862 1074 871 1089 ,
908 1060 975 1082 non

218 1114 324 1138 tamen
338 1103 408 1137 inde
419 1101 568 1149 probatur
580 1097 736 1147 quaesitan
750 1123 760 1138 ,
791 1099 872 1132 aliud
891 1098 974 1132 enim

219 1153 299 1200 apud
308 1152 433 1200 Judaeos
445 1150 539 1198 quam
547 1159 666 1184 caeteras
674 1158 780 1196 gentes
786 1146 974 1182 faeminarum

221 1206 267 1247 jus
275 1201 331 1237 fuit
339 1216 348 1243 ;
368 1200 430 1235 istae
437 1201 519 1234 enim
527 1199 673 1246 privatam
679 1196 886 1232 haereditatem
894 1196 975 1230 mul-

219 1264 318 1299 toque
330 1250 432 1284 minus
444 1249 590 1295 Regnum
603 1247 640 1283 ad
652 1247 777 1281 maritos
790 1245 973 1280 aliarumtri-

219 1301 318 1335 buum
329 1311 395 1333 non
407 1297 638 1333 transferebant.
662 1295 828 1330 Gallorum
841 1295 888 1329 lex
902 1295 975 1329 Sali-

219 1362 266 1389 ca‚
280 1362 333 1397 per
345 1360 437 1396 quam
450 1347 509 1381 lilia
521 1359 587 1380 non
600 1355 683 1381 nent,
697 1343 833 1379 foeininae
848 1357 914 1378 non
926 1356 974 1378 re-

220 1410 329 1447 gnant,
348 1410 405 1432 nec
422 1398 469 1442 jus
482 1396 586 1444 Regni
599 1395 646 1430 vel
659 1394 696 1429 ad
710 1396 856 1434 maritos,
877 1394 924 1429 vel
938 1395 974 1427 li-

220 1449 315 1483 beros
329 1444 549 1485 transmittunt,
568 1442 796 1492 apudIsraelitas
804 1442 975 1489 sempervi-
992 1475 993 1482 ,

220 1499 297 1546 guit.
324 1497 449 1531 Attaliae
458 1494 606 1542 tyrannis,
639 1492 761 1528 Deborae
781 1491 974 1540 Prophetissae

219 1546 457 1582 extraordinaria
470 1543 641 1579 dominatio
655 1542 843 1577 ordinarium
852 1544 899 1588 jus
909 1555 975 1577 non

221 1606 374 1631 enervant.

269 1648 499 1693 Argumentum
523 1644 609 1693 quod
627 1656 685 1692 pro
709 1643 767 1679 hac
780 1643 972 1691 responsione

223 1697 347 1730 unicum
361 1694 452 1730 affert
470 1697 639 1734 mmmm,
658 1692 809 1739 ejusmodi
829 1693 884 1728 est.
907 1693 974 1728 Nisi

225 1757 364 1781 materno
378 1745 479 1779 saltem
492 1756 604 1792 genere
623 1756 659 1777 ex
676 1743 749 1776 Iuda
761 1743 843 1777 tribu
856 1741 976 1777 fuissent

222 1795 408 1834 Maccabaei,
427 1795 513 1828 nullo
525 1797 590 1838 jure
602 1793 672 1827 nixa
684 1790 783 1827 fuiffet
795 1805 904 1827 eorum
917 1806 976 1840 po-

223 1847 334 1884 tentia,
354 1844 421 1878 imo
433 1843 509 1878 vero
523 1845 554 1877 in
567 1854 685 1877 meram
702 1840 893 1889 tyrannidem
905 1855 974 1877 eva-

223 1891 308 1929 fiffet.
335 1892 430 1941 Resp.
457 1893 545 1941 Qid
560 1893 775 1929 incommodi,
791 1891 974 1939 siquemad—

221 1944 352 1978 modum
366 1944 542 1977 Guilielmus
549 1944 642 1976 Pallas
650 1943 817 1976 Scotorum
825 1941 975 1990 sceptrum

221 1992 349 2028 heroici
361 1992 410 2026 sua
429 1993 538 2027 virtute
552 1991 745 2039 redemptum
763 1992 904 2039 legitimo
915 1991 976 2027 hae-

222 2042 288 2076 redi
301 2041 436 2086 ‘Roberto
449 2041 558 2084 Bruffio
571 2040 719 2081 restituit,
737 2042 776 2076 ita
788 2041 877 2084 Iudas
890 2043 976 2076 Mac-

221 2091 339 2126 cabaeus
354 2091 474 2126 Divina
491 2088 540 2124 sua
558 2091 667 2125 virtute
686 2090 849 2125 liberatum
864 2091 976 2139 Judaeae

220 2141 370 2188 Regnum
393 2140 550 2174 Davidicae
563 2139 671 2174 domui
684 2164 695 2179 ,
730 2140 767 2174 ad
780 2154 873 2188 quam
887 2140 977 2174 unice
996 2140 997 2181 J

221 2189 390 2237 speetabat,
403 2188 596 2223 reddidisset?
610 2189 807 2223 Calamitates
819 2201 910 2238 atque
917 2201 977 2224 tra-

223 2239 345 2287 goediae,
359 2251 427 2287 quae
439 2238 690 2273 Maccabaeorum
703 2236 849 2272 familiam
873 2239 978 2285 primo

222 2299 367 2322 vexarunt
375 2311 384 2324 ,
396 2300 430 2321 ac
437 2288 546 2321 deinde
553 2285 691 2322 funditus
699 2287 902 2334 extirpatum,
911 2285 978 2320 for-

223 2335 294 2370 tasse
306 2334 515 2371 demonstrant
530 2347 595 2368 non
620 2334 713 2381 usque
731 2348 852 2381 quaque
877 2336 979 2382 legiti-

224 2397 311 2419 mum
320 2409 330 2425 ‚
353 2386 494 2431 Deoque
506 2393 663 2431 acceptum
671 2382 756 2417 fuiffe
769 2395 878 2417 eorum
892 2384 980 2418 Prin-

224 2435 369 2481 cipatum.
396 2432 496 2482 Qod
509 2432 528 2467 si
541 2432 673 2467 omnino
686 2433 859 2480 legitimum
871 2432 939 2480 quis
947 2445 979 2466 a·
998 2466 1000 2471 ,

224 2495 290 2517 met
301 2481 465 2518 defendere
473 2494 582 2516 eorum
595 2483 758 2528 imperium
770 2481 833 2515 hoc
844 2484 910 2527 jure
920 2494 979 2528 po-

1275 90 1308 128 L
1337 103 1351 128 1
1383 103 1416 129 B.
1460 90 1512 130 11.
1717 105 1765 141 43

1010 160 1099 196 testas
1112 161 1275 197 residebat,
1290 173 1352 196 erat
1366 175 1474 212 magna
1487 176 1522 198 ex
1535 174 1618 210 parte
1631 164 1668 198 de
1680 164 1763 199 tribu

1011 211 1102 244 Iuda:
1125 211 1267 259 Synedrii
1279 212 1405 257 quidem
1419 226 1485 247 non
1498 214 1684 248 admittimus
1699 227 1764 248 ma»
1809 214 1813 216 ’

1011 260 1112 302 iorem
1125 258 1209 294 fuisse
1223 259 1407 307 potestatem
1427 275 1519 308 quam
1540 263 1688 310 Principis
1696 277 1705 304 3
1731 268 1764 298 &

1011 320 1226 354 argumentum
1239 309 1325 356 quod
1339 308 1355 342 a
1367 309 1546 356 quibusdam
1565 313 1601 346 ad
1615 313 1676 346 hoc
1689 325 1765 359 pro-

1012 356 1146 391 bandum
1163 357 1288 392 affertur
1296 371 1332 392 ex
1340 358 1450 406 Iosepho
1458 383 1467 397 ,
1481 361 1560 405 parvi
1569 361 1611 395 cst
1620 373 1764 395 momen-

1010 405 1056 444 ti,
1076 405 1158 453 quasi
1172 407 1358 452 Synedrium
1376 407 1472 454 ipsum
1484 410 1631 442 Herodem
1645 411 1682 445 ad
1694 423 1765 444 cau-

1011 453 1071 489 sam
1089 455 1128 489 de
1153 455 1251 500 capite
1266 455 1427 490 dicendam
1443 456 1595 497 vocasset,
1620 458 1682 492 hoc
1694 460 1765 506 qui-

1011 503 1083 538 dem
1099 502 1168 538 fuse
1186 503 1454 552 narratJosephus.
1490 507 1571 540 Duo
1589 517 1690 540 tamen
1702 511 1765 544 vim

1012 553 1184 602 argumenti
1196 564 1362 587 enervant:
1384 554 1487 601 primo
1503 580 1512 594 ‚
1535 556 1716 601 Synedrium
1730 560 1766 593 ca

1013 602 1193 651 tempestate
1200 604 1327 637 nomine
1334 605 1467 638 Htrcani
1474 604 1631 639 Pontificis
1639 609 1670 640 &
1679 607 1767 639 Prin-

1012 654 1105 700 cipis,
1136 652 1203 686 imo
1216 653 1313 699 Regis
1326 652 1571 698 jurisdifflonern
1586 653 1759 689 exercuisse.

1013 701 1156 736 Secundo
1171 726 1182 741 ,
1220 714 1260 735 eo
1278 713 1418 749 tempore
1431 703 1559 737 Herodes
1577 700 1636 737 fuit
1648 703 1767 738 tantum

1012 750 1186 785 adolescens
1200 751 1323 786 &mere
1335 752 1484 799 privatus,
1501 751 1767 798 Synedriisenten-

1011 801 1061 835 tiae
1076 813 1141 834 non
1159 799 1261 834 minus
1278 801 1370 849 quam
1383 801 1483 850 quivis
1501 802 1574 836 alius
1591 814 1628 836 ex
1646 802 1766 850 populo

1010 852 1077 894 jure
1090 847 1256 894 subjetfftus.
1711 853 1714 856 ’

1049 900 1148 948 Qod
1161 898 1181 932 fi
1194 899 1268 933 vero
1276 912 1340 933 non
1350 897 1469 935 satisfiat
1482 901 1619 937 oraculo,
1629 911 1663 935 ut
1675 902 1706 935 in
1714 903 1768 948 Sy-

1011 948 1120 983 nedrio
1137 948 1176 982 de
1192 948 1275 982 tribu
1293 948 1368 982 Iudai
1383 948 1435 983 sub
1452 950 1634 984 Maccabaeis
1650 951 1768 985 Princi-

1011 998 1101 1045 pibus
1115 1002 1146 1034 &
1161 997 1364 1032 Pontificibus
1377 999 1493 1042 judices
1506 997 1650 1035 sederint,
1665 998 1765 1046 perse-
1787 1000 1790 1003 ’

1010 1058 1145 1082 verantes
1163 1044 1257 1093 usque
1269 1047 1305 1080 ad
1319 1048 1382 1081 dies
1395 1047 1511 1082 Meffiae
1525 1072 1535 1087 ‚
1566 1047 1642 1082 adde
1659 1048 1766 1084 secun-

1010 1096 1100 1137 dum,
1114 1095 1308 1131 Maccabaeos
1321 1097 1479 1143 Principes
1492 1096 1549 1130 etsi*
1559 1097 1598 1131 de
1610 1097 1692 1131 tribu
1704 1101 1765 1131 Le-

1010 1149 1062 1186 vi,
1077 1146 1113 1180 ad
1125 1146 1241 1180 tribum
1254 1145 1327 1178 Iudae
1338 1157 1440 1180 tamen
1453 1144 1612 1191 specstasse,
1629 1146 1763 1193 eoquod

1009 1194 1080 1242 post
1098 1195 1229 1228 reditum
1249 1194 1389 1240 inprimis
1402 1208 1437 1230 ex
1450 1194 1627 1241 Babylone,
1653 1208 1763 1229 omnes

1009 1243 1144 1278 lsra‘e'litae
1158 1244 1253 1290 tribui
1264 1242 1484 1278 ladaeinserti&
1497 1246 1699 1291 incorporati,
1711 1243 1766 1278 sal-

1008 1305 1071 1328 tem
1085 1295 1221 1338 a‘djunCti
1234 1292 1306 1333 sint,
1322 1304 1355 1327 ut
1367 1293 1450 1327 istius
1459 1294 1549 1328 unius
1563 1295 1765 1328 maximaetri-

1010 1344 1067 1377 bfis
1083 1344 1284 1391 appendiceS‚
1304 1347 1336 1378 &
1348 1355 1458 1377 omnes
1475 1344 1506 1376 in
1519 1343 1692 1377 ludoeorum
1706 1356 1764 1377 no-

1011 1406 1082 1427 men
1095 1393 1264 1428 transierint
1276 1407 1285 1434 ;
1304 1391 1382 1426 adeo
1400 1404 1432 1427 ut
1445 1392 1619 1427 Maccabeis
1631 1393 1646 1427 a
1661 1393 1766 1427 Iudaeis

1009 1442 1183 1478 volentibus
1197 1443 1228 1476 in
1241 1442 1337 1490 capita
1349 1446 1380 1476 &
1394 1442 1544 1489 principes
1552 1443 1652 1490 gentis
1659 1442 1766 1476 eleffis

1009 1497 1040 1527 &
1053 1493 1228 1541 regentibus
1241 1492 1414 1526 Iudaeorum
1433 1492 1563 1525 nomine
1577 1504 1610 1525 ac
1624 1491 1741 1526 viribus
1754 1517 1767 1532 ,

1009 1547 1040 1578 &
1054 1555 1090 1577 ex
1104 1542 1180 1577 urbe
1194 1555 1304 1576 eorum
1326 1541 1444 1588 capitali
1462 1539 1689 1586 Hierosolymis
1708 1554 1768 1575 cae-

1008 1604 1078 1629 terae
1091 1593 1203 1627 ditioni
1216 1617 1226 1632 ,
1254 1591 1418 1625 secundum
1434 1603 1546 1624 eorum
1560 1592 1642 1638 leges
1657 1595 1688 1625 &
1700 1590 1770 1636 pla..

1009 1646 1066 1678 cita
1091 1643 1321 1677 dominantibus
1347 1638 1482 1687 ipsorum
1506 1638 1658 1687 sceptrum
1682 1640 1770 1676 τεᾶὲ

1009 1693 1110 1729 vocari
1124 1691 1222 1739 posset
1236 1691 1308 1724 luda
1323 1688 1488 1737 sceptrum,
1504 1689 1597 1737 &ipsi
1612 1690 1696 1725 reete
1709 1702 1771 1723 no-

1010 1742 1237 1778 minariludaici
1250 1741 1419 1788 principes,
1432 1749 1523 1788 atque
1537 1751 1572 1773 ex
1579 1738 1662 1773 tribu
1675 1737 1770 1787 Judd,

1011 1792 1123 1827 scilicet
1136 1790 1320 1837 amplificata
1331 1803 1386 1838 per
1393 1789 1574 1836 appendices
1582 1789 1770 1834 Benjamita-

1011 1855 1098 1881 rum,
1116 1842 1292 1875 Levitarum
1309 1864 1319 1877 ‚
1341 1840 1534 1886 aliorumque
1549 1839 1576 1871 ei
1590 1839 1684 1872 tribui
1697 1836 1770 1884 post

1012 1891 1178 1941 Jeroboami
1186 1888 1310 1925 schisma
1323 1913 1332 1929 ‚
1344 1889 1482 1936 inprimis
1491 1887 1560 1935 post
1568 1887 1699 1921 reditum
1708 1889 1771 1921 Ba-

1013 1942 1127 1989 bylone
1139 1941 1360 1987 incorporatas.
1385 1940 1420 1972 In
1433 1948 1542 1985 quarto
1554 1936 1616 1971 hoc
1624 1934 1770 1984 responso

1013 2004 1072 2026 nos
1086 1988 1315 2037 acquiescimus.

1063 2041 1184 2089 Qnta
1198 2038 1369 2073 difficultas.
1400 2035 1476 2072 Post
1488 2044 1646 2070 remotum
1658 2035 1674 2069 Ξ
1688 2033 1771 2082 Juda

995 2101 996 2108 ¹
1014 2089 1051 2124 ad
1072 2088 1220 2124 Herodem
1242 2087 1393 2135 sceptrum
1412 2086 1552 2120 nondum
1571 2085 1655 2118 venit
1668 2084 1748 2117 Shtlo
1761 2107 1772 2123 ,

1016 2152 1086 2174 nam
1100 2137 1242 2173 Christus
1256 2149 1322 2171 non
1334 2135 1378 2171 est
1392 2146 1477 2169 natus
1494 2144 1562 2168 ante
1574 2134 1702 2167 Herodbs
1716 2133 1772 2167 tri-

1017 2188 1162 2223 cesimum
1175 2188 1331 2235 quintum.
1356 2183 1449 2232 Resp.
1457 2186 1618 2230 Tempora
1632 2181 1711 2217 sacra
1722 2182 1773 2216 ad-

1015 2240 1142 2272 mittunt
1155 2235 1230 2283 saepe
1246 2234 1436 2270 latitudinem
1450 2258 1460 2274 ‚
1487 2246 1544 2266 nec
1563 2233 1595 2265 in
1607 2243 1773 2266 momento

1016 2283 1416 2323 mathematicoindivifibili
1429 2281 1606 2317 consistunt.
1631 2282 1699 2315 Siin
1707 2281 1776 2314 die—

1017 2335 1077 2369 bus
1102 2334 1230 2369 Herodis
1249 2334 1303 2380 qui
1320 2334 1435 2380 primus
1450 2331 1583 2366 removit
1596 2328 1744 2377 sceptrum
1759 2329 1775 2362 a

1017 2382 1132 2417 semine
1147 2382 1251 2430 Jacobi
1263 2382 1378 2416 venerit
1391 2380 1470 2412 Shilo
1483 2404 1493 2418 ‚
1518 2380 1603 2412 rec‘te
1619 2377 1684 2411 satis
1699 2378 1776 2411 dici-

1018 2442 1067 2466 tur
1079 2442 1204 2466 remoto
1219 2430 1337 2477 sceptro
1350 2431 1387 2464 de
1401 2427 1477 2463 luda*
1496 2425 1607 2476 venisse
1626 2426 1724 2466 Skile,
1743 2429 1776 2460 δε

1017 2492 1122 2516 natum
1135 2480 1287 2515 Messiam.

225 2534 313 2572 terit,
333 2532 420 2579 quod
433 2532 463 2566 in
476 2531 612 2566 extrema
624 2531 662 2565 ab
676 2530 844 2566 «Antiocho
856 2530 979 2578 oppres-

226 2582 312 2616 sione
324 2582 562 2617 extraordinaria
586 2582 623 2616 de
637 2581 721 2616 coelo
746 2581 910 2615 vocatione
922 2581 979 2614 viri

227 2632 338 2666 heroes
353 2631 484 2666 excitati,
501 2635 532 2666 δι
547 2630 578 2664 in
590 2630 841 2678 populivindiciis
854 2630 979 2665 mirabi-
998 2634 1000 2671 j

227 2681 297 2714 liter
309 2681 325 2714 a
338 2682 414 2715 Deo
426 2681 538 2725 adjuti,
552 2681 583 2714 in
592 2679 726 2728 ipsorum
734 2692 840 2714 manus
852 2681 868 2714 a
881 2692 980 2727 popu-
998 2690 999 2693 ’
1800 2709 1868 2728 trum

228 2727 470 2764 lolubentisfime
482 2730 616 2763 delatum
629 2730 841 2777 gubernamen
853 2741 980 2776 accepe-
1017 2727 1144 2763 Herodis
1155 2752 1164 2767 ,
1191 2724 1240 2761 sed
1256 2727 1288 2760 in
1309 2727 1415 2762 ultima
1427 2725 1576 2773 plenaque
1590 2725 1771 2771 Hierosoly-
1783 2709 1904 2773 {war->brit
1911 2750 1939 2766 m

229 2780 307 2819 rint,
328 2790 360 2813 ut
373 2777 510 2825 expresse
521 2778 650 2813 habetur
665 2791 687 2812 1.
700 2781 908 2823 Macc.14.41.
921 2779 980 2812 do-
999 2762 1005 2813 l
1018 2789 1142 2812 morum
1150 2776 1319 2823 &Judaicae
1326 2777 1428 2810 omnis
1441 2775 1575 2822 Reipfib.
1585 2775 1682 2810 ruina.
1695 2772 1772 2819 Cau·
1787 2780 1850 2808 Judd
1866 2779 1941 2817 astque

229 2841 286 2863 nec
299 2828 452 2876 Propheta
464 2826 596 2875 surgeret
605 2852 613 2867 ,
627 2827 680 2874 qui
692 2825 803 2860 scilicet
815 2828 881 2860 Dei
893 2839 981 2860 men-
1013 2826 1139 2871 fizbonus
1152 2827 1184 2859 in
1197 2825 1245 2859 sua
1255 2825 1461 2872 Scaligerianae
1474 2822 1625 2857 sententiae
1638 2825 1772 2871 interpo·
1788 2820 1896 2866 adasai-s

229 2887 294 2912 tcm
307 2877 504 2926 significaret,
531 2878 605 2924 quid
618 2878 649 2910 in
661 2875 696 2910 eft
709 2876 841 2910 maxima
851 2875 983 2909 Davidi-
1020 2876 1135 2909 latione
1151 2873 1308 2922 distinguit
1325 2876 1382 2908 tria
1401 2883 1558 2907 momenta
1565 2873 1700 2920 Judaicae
1713 2873 1776 2907 rui-
1788 2862 1919 2888 exczdmm

231 2938 273 2960 cae
286 2924 402 2961 familiae
417 2926 608 2966 infirmitate,
633 2923 793 2961 &summa
805 2924 981 2959 Maccabai-
1020 2937 1065 2958 nae
1079 2948 1088 2964 ,
1114 2925 1255 2971 adeoque
1268 2924 1460 2970 impletionis
1475 2923 1591 2956 oraculi
1606 2935 1667 2968 prae
1679 2922 1778 2956 mani-

231 2988 273 3010 cae
287 2976 413 3015 virtute,
428 2977 542 3023 gloria,
562 2989 595 3011 ac
608 2974 737 3010 successu
748 2987 807 3023 pro
822 2973 911 3009 salute
923 2986 982 3021 po·
1021 2976 1089 3008 bus.
1113 2975 1207 3008 Ponit
1220 2974 1354 3021 primum
1368 2974 1398 3006 in
1411 2975 1553 3020 ‘Pompejz'
1567 2970 1778 3020 subjugatione

230 3025 292 3073 puli
307 3025 457 3072 agendum
470 3026 672 3060 incumberet.
1016 3023 1211 3072 Judaeorum,
1227 3024 1313 3057 annis
1328 3032 1396 3057 ante
1407 3032 1511 3055 natum
1525 3020 1685 3056 Christum
1697 3019 1779 3055 sexa-

277 3073 424 3120 Denique
449 3075 560 3120 quarto
576 3075 741 3110 afferuntur
762 3073 827 3108 aliis
840 3073 903 3107 duo
916 3085 983 3120 quae
1023 3074 1105 3120 ginta
1121 3086 1128 3106 ε
1154 3070 1318 3106 secundum
1337 3074 1368 3105 in
1387 3070 1550 3106 eArchelai
1567 3071 1754 3119 relegatione
1766 3094 1775 3108 ‚

229 3135 295 3158 non
313 3121 468 3169 displicent
481 3147 491 3161 ‚
522 3123 553 3156 in
577 3125 681 3170 primis
702 3124 724 3158 si
748 3125 983 3171 conjungantur.
1023 3134 1094 3155 cum
1108 3121 1139 3154 in
1149 3122 1341 3155 Provinciam
1351 3120 1456 3168 Judaea
1468 3132 1539 3154 cum
1553 3119 1780 3166 Hierosolymis

230 3171 344 3210 Primo
355 3196 367 3213 ‚
393 3171 574 3218 Synedrium
586 3173 617 3208 in
629 3186 694 3222 quo
704 3172 784 3222 pene
795 3171 910 3210 summa
925 3184 986 3220 po·
1005 3201 1008 3227 3
1022 3170 1040 3206 a
1051 3171 1205 3207 Romanis
1217 3170 1340 3206 redae&
1353 3169 1413 3210 est,
1437 3170 1522 3203 annis
1535 3180 1642 3217 praeter
1654 3179 1779 3218 propter

1267 3227 1269 3229 ’
1418 3222 1447 3253 G
1459 3232 1476 3260 q
1718 3227 1783 3250 tre--

1451 3256 1472 3268 a,

1065 2529 1121 2565 Est
1146 2530 1244 2564 adhuc
1269 2539 1373 2576 quarta
1399 2529 1449 2563 hic
1474 2527 1619 2562 sententia
1637 2527 1773 2562 virorum
1789 2538 1920 2577 Refutatu}

999 2584 1000 2589 ’
1019 2579 1119 2614 multo
1132 2578 1398 2617 docfbissimorum,
1411 2577 1571 2624 Scaligeri‚
1592 2574 1769 2621 Causaboni,
1785 2581 1909 2617 sententia

1019 2631 1132 2668 Canai,
1149 2629 1301 2664 Torm'elli,
1315 2630 1454 2677 §amam
1469 2631 1500 2660 &
1515 2627 1654 2661 aliorum.
1669 2627 1771 2660 Com-
1787 2620 1902 2679 Scahgesri

1018 2679 1134 2726 pletum
1153 2677 1311 2712 oraculum
1330 2676 1434 2724 Jacol'n'
1453 2688 1645 2723 nequaquam
1663 2675 1771 2709 diebus
1786 2662 1915 2699 quodfe-
