2048 3343
486 129 570 158 ET
631 118 1309 160 Cnnouotoctcr
1365 118 1542 164 L113.1.'

203 170 289 230 velle
300 191 489 229 attribuere.
509 194 596 228 Tam
610 191 728 229 craffus
740 191 915 241 Villalpandi
925 193 959 226 in
1013 190 1092 227 suita
1103 194 1232 228 Sanctius
1243 191 1408 230 affirmare
1418 197 1518 233 audet
1527 199 1691 247 templum
1705 198 1773 236 hoc

201 241 356 278 mensuris
367 242 470 291 lapsus
482 241 632 292 suspicari
643 245 819 290 cogitmon
833 253 901 276 tam
911 234 958 275 fe·
1011 239 1097 276 infra
1107 242 1195 277 illam
1208 242 1324 277 urbem
1340 243 1452 281 stetisse
1462 275 1471 287 ,
1492 247 1542 282 sed
1562 247 1626 283 fine
1637 247 1706 283 ullo
1716 261 1771 284 at,

195 292 275 329 lices
293 291 391 340 quam
409 292 587 340 aliquando
608 293 766 339 putabam
795 291 879 325 illius
899 290 959 324 viti
1011 302 1186 337 gumento.
1221 294 1327 340 Qod
1347 291 1371 326 fi
1394 305 1491 343 typos
1504 296 1554 332 vel
1570 300 1693 339 fullai,
1716 299 1768 336 vel

196 343 362 378 maximos
383 347 416 377 δι
430 342 655 389 ρει-ἀοέὶοείη
667 341 753 375 sacra
771 339 955 385 Propheta-

197 404 272 427 rum
295 390 507 426 architector&
522 389 661 425 labotes.
700 391 753 424 De
769 388 874 423 nihilo
887 402 955 424 nou

197 440 244 476 est
257 441 350 488 qnod
365 443 489 476 sanctim
503 465 512 480 ‚
540 438 559 475 ἶι
571 439 676 487 Lapide
686 464 695 479 ,
717 442 751 475 &
762 438 814 474 alii
826 438 956 486 Jcsuitae

199 493 376 538 Villalpamli
408 489 648 524 Matliematica
671 488 702 524 sc
735 502 806 524 non
839 501 955 536 capere

196 539 308 589 aperte
321 539 555 589 profiteantur.

1008 338 1027 372 α’
1039 342 1162 387 Lapide,
1182 343 1232 377 vel
1248 345 1350 388 Lyrani
1364 367 1374 383 ‚
1396 344 1448 379 vcl
1460 346 1563 393 ipsum
1577 359 1703 383 textum
1715 347 1768 381 in-

1010 399 1121 423 tueare
1138 391 1273 432 Ezekielt's
1284 416 1294 432 ,
1310 390 1466 428 iululsum
1483 394 1546 429 hoc
1565 399 1671 434 Sanffl'i
1683 409 1766 446 pro-

1009 438 1183 473 nunciabls
1195 444 1366 487 wagdpdpaeet.
1459 439 1461 441 ι

1054 491 1282 537 Argumentor
1291 490 1403 526 tertio.
1414 489 1506 526 urbs
1515 491 1624 527 sandica
1635 495 1765 531 constat

1008 536 1138 573 ambitu
1165 539 1272 575 decies
1298 543 1405 576 octies
1428 541 1516 578 mille
1544 542 1764 583 calamorum,

1690 123 1776 177 '279'

44 597 180 632 secandum
245 592 271 625 A
280 601 492 639 rgumentum
504 589 763 635 secundumque
775 588 955 636 probamus

41 651 165 682 arga-men-
201 641 363 688 templum
392 642 530 684 Ezekielis
564 638 741 687 imaginem
769 647 837 673 non
865 637 955 674 fuiss'e

43 690 184 714 “mmm'‘
201 693 316 738 templi
333 693 484 725 Solomonis
497 718 505 729 ,
530 701 589 724 nec
611 687 778 735 exemplar
789 689 956 723 Zorolmbelc

41 722 176 795 ‘amam‘
198 739 409 788 propositum
423 766 433 782 ,
458 738 604 786 adquod
617 740 780 786 templum
793 737 883 772 suum
911 737 956 771 se-

28 789 32 792 ’
53 775 102 816 ‘m'
198 791 346 824 cundum
359 788 562 823 efformatet.
598 787 779 834 Templum
791 798 857 821 tam
872 790 954 822 Solo-

199 840 289 874 monis
307 852 405 887 quam
425 839 604 875 zorobabelis
617 837 678 872 fuit
689 840 772 871 iutra
786 840 908 873 moenia
921 841 954 872 &

197 900 310 937 portas
335 889 423 924 urbis
451 886 691 934 Hierosolymae
719 901 728 920 z
758 890 859 934 Atqui
872 899 955 921 tem-

195 939 289 986 plum
304 939 437 978 [ize-(ielis
448 936 509 971 fuit
522 940 634 980 multis
646 934 795 984 passuum
809 936 956 982 millib-us

1008 587 1073 621 boc
1092 588 1138 622 est
1158 615 1167 629 ‚
1193 588 1386 625 milliaribus
1407 592 1528 626 Italicis
1545 595 1680 640 triginta
1692 593 1762 635 sex3

1008 636 1150 683 passibus
1161 638 1292 674 duobus
1304 642 1351 676 vel
1362 641 1501 690 pedibus
1511 642 1627 677 decem
1640 645 1768 678 unicui-

1015 700 1080 733 que
1093 687 1224 723 calamo
1237 690 1423 726 attributis:
1439 693 1542 740 Atqui
1556 693 1768 727 Hierusalem

1012 740 1042 770 in
1054 739 1144 772 terris
1155 750 1306 783 quartam
1321 740 1409 775 istius
1429 741 1522 789 spatii
1543 753 1670 790 partem
1684 755 1750 776 nun

1012 799 1111 832 quam
1126 790 1244 837 attigit.
1279 791 1359 825 Non
1370 791 1523 840 equidem
1536 791 1684 826 ass'eutior
1697 794 1768 836 An-
1787 803 1921 831 ⁸Annam·

1014 837 1225 872 notatoribus
1250 841 1439 887 Anglicanis
1466 841 1583 876 mediis
1602 866 1612 883 ,
1639 843 1694 889 qui
1725 841 1766 876 ad
1785 846 1923 882 tores-Ave,

1013 885 1236 933 Ezekielis43.
1254 901 1284 923 v.
1301 892 1352 924 18.
1373 887 1765 932 affirmantnominatim,
1777 886 1875 924 glicam'

1010 935 1148 968 civitatis
1157 935 1271 970 sanstae
1284 939 1449 973 ambitum
1471 939 1600 987 aequfiffe
1617 945 1650 976 δι
1664 940 1767 990 longe
1784 934 1909 955 'mmm'

194 989 284 1022 extrci
298 991 422 1022 moenia
444 985 763 1032 Hierosolymorum
776 1012 785 1026 ,
801 986 852 1020 seu
865 998 956 1032 quae-

195 1050 325 1084 cunque
338 1037 415 1071 urbs
426 1036 538 1071 sancto
549 1035 665 1070 lsra'e'lis
676 1034 776 1069 stierit
786 1047 837 1070 aut
849 1035 956 1071 futura

196 1085 245 1121 su.
267 1089 431 1131 Maiorem
446 1098 547 1119 nemo
557 1085 779 1118 controvertit
791 1099 799 1120 :
813 1098 887 1119 nam
899 1083 955 1120 etsi

198 1148 266 1171 tam
281 1138 370 1184 prior
382 1134 478 1183 quam
491 1135 654 1183 posterior
667 1133 871 1168 Hierusalem
884 1133 956 1168 fue-

176 1183 236 1221 '1ir
250 1186 367 1232 duplex
382 1181 725 1233 luperior&inferior‚
738 1183 807 1218 imo
821 1185 935 1231 triplex
948 1197 955 1222 ;

197 1236 275 1270 urbs
288 1247 355 1268 tola
368 1246 479 1268 tamen
491 1237 523 1268 δε
536 1235 568 1265 in
583 1235 697 1280 primis
708 1232 872 1280 templum
885 1234 956 1266 unis

195 1285 366 1318 moeuibus
378 1285 509 1317 extimis
524 1284 769 1317 continebatur·
782 1285 953 1317 Minorem

191 1333 314 1382 probat
327 1344 475 1380 caput45
490 1337 524 1367 δε
535 1332 651 1377 4S,ubi
663 1332 781 1367 divino
794 1332 956 1367 mandato

192 1381 494 1429 separarijubentur
506 1385 536 1415 iu
551 1393 642 1415 terrae
654 1383 814 1429 primitias
828 1408 837 1423 ,
856 1384 954 1416 vicies

190 1432 467 1479 quinquiesmille
479 1431 608 1472 calami,
619 1442 686 1465 tam
697 1433 728 1465 in
742 1432 953 1478 longitudine

148 1506 151 1509 Δ
189 1483 288 1527 qnam
302 1482 477 1516 latitudine
492 1507 502 1521 ,
520 1494 664 1527 quorum
677 1482 953 1530 vigintiquinque

191 1533 224 1563 in
239 1531 467 1578 longitudine,
480 1536 509 1565 St
524 1533 642 1565 decem
659 1533 689 1563 in
701 1530 879 1565 latitudine
901 1544 952 1566 ce-

191 1579 320 1614 debant
337 1580 580 1620 sacerdoribus,
605 1582 816 1627 totidemque
838 1583 953 1614 tamin

190 1629 322 1676 longitu
335 1631 399 1661 line
410 1642 511 1675 quam
525 1629 701 1663 latitudine
714 1632 850 1671 Levitis,
860 1635 894 1665 &
907 1633 950 1664 viv

192 1679 277 1726 giuti
301 1691 451 1724 quinque
469 1680 501 1713 in
520 1680 732 1726 longitudine
754 1692 790 1714 ac
807 1684 954 1727 quinque

192 1730 227 1762 in
246 1727 421 1763 latitudine
442 1728 556 1763 sanctx
578 1731 702 1763 civitati
723 1732 827 1765 leliova
845 1733 950 1766 sham-

195 1790 265 1813 ma.

245 1828 382 1861 Istarum
404 1827 546 1874 partium
567 1827 742 1876 longitudo
763 1832 796 1863 St
816 1828 955 1864 latitudo

193 1977 339 2012 robttbelis,
351 1987 421 2009 turn
438 1979 573 2020 EzelQelts
589 1979 807 2024 temporibus,
824 1979 937 2013 mensu

195 2025 330 2059 rabatur
349 2024 365 2059 ὲ
384 2027 656 2073 Septentrionem
674 2027 849 2062 Meridiem
877 2042 885 2062 t
914 2028 955 2063 eo

195 2073 286 2120 quod
298 2075 365 2109 haec
378 2073 540 2109 dimensio
549 2075 733 2125 quadrupla
745 2088 801 2111 aut
813 2078 957 2126 sextupla

194 2122 595 2159 effitadlatitudiuemab
607 2126 956 2162 OccidenteinOrien-

197 2184 276 2212 tem,
287 2172 365 2207 seua
379 2176 459 2207 mari
476 2175 719 2211 Mediterraneo
731 2178 768 2211 ad
777 2178 956 2224 Jordancm

195 2225 249 2258 vel
262 2235 351 2257 mare
375 2222 425 2258 seu
445 2222 650 2258 Genesareth
664 2249 674 2265 ,
700 2224 752 2259 seu
773 2238 958 2260 mortuum.

197 2273 301 2318 Atqui
315 2275 536 2319 primitiarum
558 2278 592 2308 ὃς
614 2272 706 2308 sacrae
725 2277 890 2321 portionis
906 2277 956 2310 di-

198 2320 382 2354 mensiones
404 2325 571 2355 conrrario
598 2323 707 2357 modo
732 2324 955 2358 mensurandae

198 2367 273 2402 sunt
300 2383 309 2402 z
335 2369 545 2404 sacerdotum
568 2373 657 2404 enirn
682 2374 957 2420 vigintiquinque

201 2418 402 2451 calamorum
422 2420 523 2453 millia
536 2422 567 2452 in
582 2418 638 2452 'sna
654 2421 868 2467 longitudine
882 2415 955 2469 pro-

201 2469 325 2501 cedunt
339 2468 379 2500 ab
393 2466 510 2501 occasu
523 2467 555 2500 in
572 2481 681 2502 oiturn
697 2495 705 2510 ‚
727 2472 884 2504 &minor
896 2484 958 2505 eo-

200 2511 274 2550 rum
289 2513 436 2550 mensura
450 2541 457 2552 ‚
468 2517 609 2551 latitudo
623 2517 742 2553 scilicet
753 2519 861 2554 decies
873 2520 959 2554 mille

200 2565 402 2600 calamorum
415 2566 456 2599 ab
474 2568 678 2612 Aquilonein
692 2568 960 2617 Meridiem‚quo

200 2619 264 2649 toti
279 2628 369 2650 terrae
388 2628 455 2649 non
472 2618 610 2651 latitudo
629 2617 678 2651 scd
692 2620 871 2665 longitudo
888 2631 959 2653 ver-

200 2665 310 2713 gebat.
342 2666 463 2699 Eadem
482 2666 525 2701 est
548 2668 630 2701 ratio
644 2670 809 2714 portionis
828 2670 960 2702 Levita-

198 2728 270 2749 rnm
285 2720 318 2748 ὃς
334 2717 433 2750 urhis.

187 2768 190 2771 '
250 2764 282 2798 U
303 2777 430 2811 uunque
445 2765 476 2797 in
497 2764 680 2800 meditullio
703 2765 796 2800 sortis
809 2764 956 2801 sacerdo-

199 2813 268 2848 talis
284 2814 387 2846 stabat
399 2814 499 2858 templ
516 2827 558 2847 im
570 2841 579 2855 ,
592 2817 676 2849 intrr
688 2818 778 2862 quod
793 2821 826 2850 &
838 2820 957 2850 extima

201 2862 291 2897 urbis
306 2866 429 2898 moenia
449 2865 664 2904 interjacebat
683 2877 751 2898 tota
765 2877 878 2913 portio
893 2869 953 2899 Le-

203 2913 357 2951 vitarum.
370 2914 485 2947 decem
501 2915 645 2948 millibus
657 2917 863 2949 calamorum
876 2918 956 2950 lita:

206 2964 240 2995 ὅ(
254 2959 319 2996 fere
330 2966 424 2996 ctiam
438 2964 616 2997 dimidium
631 2968 796 3012 portionis
807 2964 955 2999 sacerdo-

205 3071 291 3093 tum.
318 3060 384 3105 Jarn
400 3060 478 3095 vero
490 3066 745 3108 quatuordecim
761 3065 859 3099 millia
870 3066 964 3098 cala:

205 3121 340 3142 morum
366 3109 513 3143 efficiunt
534 3117 682 3149 milliaiia
709 3117 818 3150 Italica
846 3115 958 3162 viginti

205 3160 306 3198 οᾶο,
328 3172 488 3204 qnantum
502 3160 617 3197 distare
628 3167 777 3211 oportuit
794 3166 957 3210 templum

195 1876 402 1911 numeranda
417 1878 510 1911 aliter
521 1888 621 1923 atque
634 1879 736 1911 totius
749 1889 853 1913 teirae.
867 1879 968 1914 Nam·

195 1926 369 1974 longitudo
383 1927 582 1961 Chananaeae
594 1940 669 1962 cum
683 1929 802 1974 loslmx,
812 1940 882 1962 tum
897 1929 968 1965 Ζο-Ι

1009 982 1162 1030 superasse
1172 986 1275 1020 totius
1289 987 1487 1022 Chananaeae
1497 992 1675 1031 terminos3
1689 1003 1767 1026 nam

1010 1035 1084 1068 licet
1104 1037 1258 1069 extendas
1278 1038 1463 1071 octodecim
1485 1037 1540 1071 illa
1560 1040 1662 1074 millia
1680 1043 1768 1076 cala-

1010 1095 1141 1118 morum
1152 1086 1186 1119 in
1199 1086 1333 1119 circuitu
1347 1086 1389 1121 ad
1404 1088 1516 1134 viginti
1534 1089 1682 1134 quinque
1694 1090 1770 1123 mil.

1006 1131 1091 1166 liain
1105 1134 1334 1182 longitudine,
1354 1141 1389 1171 &
1408 1136 1527 1171 decem
1541 1141 1573 1170 in
1586 1137 1772 1177 latitudine,

1009 1184 1099 1228 quod
1112 1184 1156 1217 est
1170 1184 1309 1231 spatium
1324 1183 1432 1220 multo
1443 1185 1594 1235 amplius:
1607 1198 1720 1220 tamen
1732 1191 1768 1224 &

1009 1231 1075 1266 hoc
1089 1233 1300 1268 intervallum
1319 1235 1363 1269 illi
1383 1237 1536 1270 audbores
1549 1235 1676 1270 ibidem
1696 1249 1770 1271 non

1007 1279 1133 1316 faciunt
1144 1283 1302 1318 excedere
1314 1287 1498 1332 nonaginta
1514 1285 1638 1333 septem
1652 1287 1772 1322 millia-

1009 1332 1055 1364 ria
1066 1333 1098 1364 in
1109 1331 1334 1380 longitudine,
1346 1338 1380 1368 ὃ(
1391 1337 1522 1383 triginta
1536 1348 1660 1369 novem
1675 1338 1707 1371 in
1719 1338 1770 1370 la-

1008 1382 1148 1416 titudine
1161 1406 1170 1422 ,
1190 1394 1263 1429 quae
1274 1383 1390 1430 procul
1407 1383 1526 1419 absunt
1551 1384 1567 1419 a
1580 1384 1770 1420 milliaribus

1008 1442 1141 1465 centum
1162 1430 1325 1479 sexaginta
1348 1459 1358 1474 ,
1385 1446 1457 1481 quae
1476 1433 1546 1482 post
1561 1436 1769 1482 Hieronymum

1008 1480 1098 1515 doc'lsi
1110 1493 1228 1516 omnes
1246 1481 1443 1518 Chananaeae
1461 1485 1665 1532 longitudini
1677 1485 1769 1519 ascri-

1011 1530 1104 1570 bunt,
1116 1535 1149 1564 δε
1161 1530 1323 1579 sexaginta
1335 1545 1406 1580 quae
1418 1537 1488 1579 ejus
1497 1534 1668 1569 latitudini
1677 1536 1769 1569 attri-

1010 1579 1167 1616 buuntur.

1058 1631 1238 1678 Corrigunt
1249 1629 1387 1677 quidem
1406 1629 1458 1665 h'ic
1477 1631 1609 1666 Medios
1626 1630 1766 1675 Ultim1'3

1006 1678 1035 1712 hi
1050 1681 1137 1712 enim
1153 1692 1185 1712 in
1200 1679 1442 1729 quadragesimi
1455 1682 1563 1727 quinti
1574 1683 1720 1729 primum
1735 1687 1772 1717 δε

1007 1728 1175 1763 decimum
1199 1727 1326 1763 sextum
1348 1755 1358 1771 ,
1388 1732 1504 1778 viginti
1529 1734 1679 1779 quinque
1704 1731 1770 1767 illis

1008 1777 1154 1814 millibus
1166 1780 1370 1814 calamorum
1381 1778 1544 1815 ascribunt
1555 1780 1683 1815 tantum
1695 1783 1771 1817 mil-

1005 1829 1090 1862 liaria
1104 1831 1280 1875 odkoginta
1291 1834 1321 1863 δι’
1335 1842 1436 1863 unum
1458 1844 1466 1865 :
1494 1828 1549 1864 etfi
1563 1829 1620 1878 qui
1634 1832 1686 1864 hic
1700 1832 1771 1866 cal-

1006 1880 1098 1912 culus
1111 1880 1427 1914 veritaticonveniat
1442 1905 1450 1919 ,
1471 1883 1505 1914 &
1523 1882 1578 1914 alii
1591 1881 1688 1913 etiam
1703 1892 1769 1914 tres

1006 1940 1093 1973 quos
1107 1928 1230 1963 ibidem
1245 1931 1421 1962 nominant
1431 1929 1617 1964 admodum
1628 1929 1771 1965 confuse

1009 1982 1041 2010 δε
1062 1977 1318 2012 indeterminate
1337 2003 1347 2018 ‚
1374 1975 1495 2012 scilicet
1518 1979 1706 2013 milliarium
1721 1977 1772 2013 se-

1007 2029 1178 2074 ptuaginta
1191 2026 1327 2074 septem,
1337 2028 1389 2060 vel
1402 2038 1534 2061 centurn
1547 2028 1774 2076 quinquagin-

1007 2088 1036 2109 ta
1048 2088 1194 2122 quatuor
1206 2101 1214 2113 ‚
1225 2078 1275 2110 vel
1287 2086 1422 2110 centum
1436 2077 1597 2123 sexaginta
1613 2076 1775 2118 duorum,

1008 2138 1075 2160 non
1089 2126 1199 2160 video.
1227 2125 1581 2171 utcunque‚'n0strum
1594 2137 1774 2172 argumen-

1008 2186 1079 2209 tum
1093 2186 1204 2215 tenet‚
1226 2174 1494 2220 Hierosolymam
1512 2177 1545 2209 in
1565 2176 1657 2210 terris
1673 2176 1772 2209 oero-

1007 2226 1114 2259 decim
1127 2226 1226 2260 millia
1238 2227 1442 2260 calamorum
1455 2224 1770 2272 quomodocunque

1006 2273 1214 2316 sumptorum
1230 2286 1401 2321 nunquam
1413 2273 1560 2321 attigisse.

1056 2320 1108 2357 Ut
1125 2323 1188 2357 hoc
1199 2325 1301 2357 evitet
1317 2335 1551 2370 argumentum
1564 2325 1708 2363 Sanh’litzs,
1721 2321 1768 2356 af·
1785 2323 1884 2352 sauma

1007 2371 1117 2406 firmat
1129 2373 1319 2407 oditodccim
1332 2372 1385 2405 illa
1396 2373 1495 2406 millia
1504 2386 1572 2406 non
1584 2374 1624 2406 dt·
1634 2373 1769 2406 calamis
1780 2373 1861 2405 'mrn

1011 2420 1062 2455 sed
1074 2423 1112 2454 de
1125 2423 1244 2455 cubitis
1254 2421 1478 2468 intelligenda.
1505 2421 1643 2467 Replica
1656 2433 1684 2453 1.
1698 2419 1766 2455 Etsi

1009 2481 1117 2505 textus
1129 2470 1214 2505 sacer
1230 2473 1261 2504 in
1279 2481 1356 2505 toto
1368 2469 1425 2503 illo
1435 2473 1543 2514 capite
1559 2473 1619 2513 48.
1640 2482 1766 2505 nomen

1011 2519 1139 2554 Calami
1151 2533 1219 2553 non
1230 2522 1520 2566 exprimat,tainen
1532 2531 1649 2552 omnes
1662 2522 1769 2554 lutet-

1010 2580 1114 2615 pretes
1127 2580 1193 2602 tam
1211 2579 1335 2603 veteres
1352 2568 1452 2613 quam
1471 2570 1550 2601 novi
1574 2569 1615 2602 dc
1629 2570 1766 2603 calamis

1009 2617 1205 2666 intelligunt.
1236 2631 1269 2651 2.
1283 2617 1437 2650 Mensura
1450 2618 1564 2664 capitis
1575 2618 1632 2659 48.
1645 2618 1767 2653 intelli-

1010 2668 1118 2714 genda
1131 2667 1175 2701 cst
1193 2667 1232 2701 de
1251 2665 1285 2700 ea
1298 2679 1356 2712 per
1374 2679 1476 2713 quam
1491 2665 1634 2715 Angelus
1647 2668 1765 2715 capiti-

1011 2719 1071 2750 bus
1088 2715 1351 2763 praecedentibus
1373 2715 1534 2764 templum
1555 2720 1589 2750 δε
1605 2720 1674 2761 ejus
1687 2717 1768 2751 atria

1012 2766 1138 2801 mensus
1150 2767 1194 2800 est
1205 2793 1213 2805 ‚
1232 2765 1300 2800 haec
1318 2777 1429 2800 autem
1443 2765 1590 2800 mensura
1606 2764 1669 2801 fuit
1680 2766 1765 2800 cala-

1011 2829 1082 2850 mus
1098 2829 1165 2850 non
1180 2816 1309 2849 cubitus
1323 2840 1332 2852 ‚
1351 2827 1387 2850 ut
1400 2816 1508 2850 videre
1521 2815 1566 2849 est
1578 2819 1636 2862 48.
1650 2821 1703 2852 16.
1728 2819 1764 2851 Sc

1010 2865 1098 2900 alibi.
1124 2879 1153 2910 3.
1166 2866 1294 2899 Civitas
1307 2864 1526 2905 Ezekielis'cum
1539 2866 1670 2899 civitate
1679 2872 1766 2900 Ioan-

1008 2927 1048 2947 ηις
1059 2914 1102 2948 est
1115 2914 1262 2961 parallcla
1272 2941 1280 2953 ‚
1302 2920 1335 2949 ὃ(
1346 2915 1491 2949 habetad
1502 2927 1572 2949 eam
1585 2916 1764 2961 aliqualem

1008 2965 1262 3011 proportionem
1285 2983 1295 3005 ,-
1323 2966 1391 2999 haec
1409 2977 1517 2999 autem
1540 2963 1767 2998 finoninlin-

206 3021 276 3043 mm
288 3036 298 3050 2
317 3010 427 3045 saitem
442 3014 533 3058 snpra
546 3027 687 3061 quatuor
698 3016 798 3050 millia
812 3018 957 3049 calamo-
1006 3018 1088 3061 gulis
1101 3013 1425 3055 l.ireribus‚attamen
1437 3021 1470 3048 in
1484 3012 1766 3048 ambituliabcbat

983 3095 985 3101 ,
1008 3064 1187 3098 stadiorum
1202 3064 1384 3098 duodecim
1401 3063 1500 3098 millia
1517 3090 1526 3104 ,
1542 3063 1603 3097 hoc
1616 3064 1673 3104 est,
1687 3064 1765 3098 mil-

1010 3114 1096 3146 liaria
1108 3115 1217 3147 italica
1231 3113 1524 3162 milleq·1ingenta,
1540 3117 1574 3147 ἃ
1587 3115 1764 3148 (erundum

1010 3163 1192 3210 aliquorum
1212 3164 1371 3198 calculum
1396 3175 1449 3198 tot
1468 3163 1613 3199 milliaria
1626 3166 1767 3198 Germa-

205 3206 392 3250 Ezekzclaesab
407 3208 486 3245 urbe
496 3208 612 3249 saneta.
650 3215 880 3252 Nihilominus
900 3215 957 3264 je·
1010 3215 1101 3257 nica,
1120 3224 1153 3249 ut
1167 3221 1383 3250 notatParaem
1395 3220 1665 3264 Apoc.21.v.16.
1693 3217 1767 3245 imo

1685 3257 1765 3294 verb
