2048 3343
463 134 540 161 ET

210 202 350 227 mentum
366 191 429 226 hoc
444 203 509 225 non
521 189 640 225 tantum
657 189 715 224 effe
733 189 864 225 validum
879 211 890 226 ‚
916 185 966 221 sed

209 241 342 276 validum
358 239 533 276 necessario.
558 237 653 287 Resp.
679 240 710 273 Si
725 236 965 272 concederemus

209 291 304 325 ullum
319 292 350 325 in
365 291 426 325 hoc
442 300 627 337 argumento
638 288 791 323 valorem,
809 297 874 319 non
890 294 964 323 tres,

206 338 259 374 scd
276 352 408 389 quatuor
426 349 476 373 aut
493 338 632 384 quinque
653 335 724 370 anni
740 334 813 368 hinc
834 332 963 367 conclu-

209 390 368 429 derentur,
385 400 455 422 nam
468 386 484 420 a
496 387 546 419 die
558 385 683 419 decimo
696 384 732 417 ad
749 381 963 429 decimiquarti

209 438 369 473 secundam
386 434 537 483 vesperam
553 431 619 467 sunt
636 433 775 481 quinque
792 432 876 466 dies:
899 430 963 465 vult

208 489 291 522 enim
305 488 445 522 Nisbetm
462 485 527 519 dies
544 483 697 517 numerari
711 482 727 516 a
743 479 865 528 vespera
879 480 961 527 prio-

206 538 248 576 ri,
262 539 364 584 itaque
377 536 441 570 dies
452 535 589 568 decimus
602 533 660 567 erit
667 544 743 566 unus
752 555 760 568 ‚
780 529 960 565 undecimus

206 587 280 620 alter
295 610 304 622 ,
332 584 535 620 duodecimus
554 582 660 616 tertius
673 606 684 621 ‚
716 579 961 615 decimustcrtius

206 647 330 683 quartus
345 660 355 675 ‚
379 635 645 680 decimusquartus
659 631 803 679 quintus,
821 628 961 675 inprimis

604 121 1232 161 Canonotoetet

1288 119 1321 158 L
1349 132 1364 158 1
1393 132 1425 158 B.
1466 118 1517 158 11.
1718 134 1762 171 95

1004 189 1058 224 ubi
1071 188 1204 224 asseritur
1223 201 1290 223 non
1307 189 1362 223 nisi
1384 188 1455 235 post
1475 189 1654 233 conjectum
1670 188 1761 237 Joan-

1002 251 1069 272 nem
1080 240 1113 273 in
1125 251 1277 273 carcerem
1284 238 1408 284 coepisse
1417 237 1576 273 Christum
1585 239 1759 285 praedicare,

1002 285 1175 336 &separare
1189 287 1355 322 duodecim
1363 287 1536 333 Apostolos
1550 288 1586 321 ad
1594 289 1760 334 pra-*dican-

1001 336 1075 370 dum
1088 351 1098 377 3
1124 336 1282 384 apparebit
1296 337 1362 383 plus
1381 335 1475 382 quam
1488 337 1558 370 anni
1569 337 1729 371 dimidium
1743 339 1759 372 ξι

1001 383 1154 430 baptismo
1177 386 1214 419 ad
1228 398 1295 420 eam
1309 384 1559 432 praedicationem
1571 410 1581 426 ‚
1608 390 1639 421 &
1658 387 1759 434 plures

1000 434 1094 482 quam
1112 444 1173 467 tres
1193 446 1290 468 annos
1308 434 1347 468 ab
1360 446 1395 468 ea
1412 434 1627 480 praedicatione
1640 437 1677 469 ad
1689 449 1759 470 cru-

999 496 1071 518 cem
1087 480 1226 523 fluxisse3
1250 495 1322 516 nam
1341 483 1464 517 duobus
1481 483 1556 516 totis
1569 485 1655 517 annis
1668 484 1759 532 Joan-

997 545 1046 567 nes
1057 531 1074 567 a
1086 530 1235 580 plerisque
1242 531 1344 566 doffis
1352 542 1472 578 putatur
1479 531 1646 566 remansisse
1655 534 1686 567 in
1694 547 1759 568 car-

998 595 1078 618 cere.
1120 582 1180 616 Sed
1191 581 1269 616 nolo
1282 582 1407 615 nuncin
1420 580 1497 615 hanc
1510 580 1667 616 difficilem
1681 595 1759 617 con-

997 630 1176 667 troverfiam
1187 630 1378 666 descendere.

207 698 278 719 cum
294 697 388 732 agnus
406 684 590 718 imitaretur
607 682 686 715 inter
710 680 783 713 duas
799 676 934 725 vesperas
950 701 959 714 ‚

207 735 271 768 hoc
285 736 328 768 est
343 736 374 768 in
391 733 454 767 fine
468 733 528 766 diei
544 731 656 765 decimi
675 729 793 777 quarti,
813 732 844 762 &
870 728 962 761 initio

207 783 438 831 decimiquinti,
461 792 494 815 ut
508 779 591 827 supra
604 778 816 826 probavimus.
847 777 962 824 Neque

1046 684 1204 725 Quartum
1220 680 1307 729 quod
1319 680 1474 727 promittit
1493 679 1649 728 stetus
1666 692 1754 727 argu·
1768 697 1897 734 Adquar„

998 741 1139 766 mentum
1162 743 1228 765 non
1247 740 1414 777 comparet.
1457 730 1613 772 Quintum
1633 729 1676 764 est
1695 729 1754 777 ipsa
1767 744 1822 763 tum
1837 737 1870 769 &-

998 780 1127 829 quaestio
1140 804 1151 820 ‚
1175 790 1310 828 quatuor
1328 778 1440 813 scilicet
1457 778 1527 825 post
1547 777 1730 825 baptismum
1746 804 1756 819 ,
1768 777 1895 814 quintum.

42 2188 89 2216 Ad
106 2195 156 2215 ter-

43 2229 116 2254 rium.

207 832 383 880 cujusquam
397 832 597 877 interpretum
607 828 803 875 memini‚qui
814 839 879 861 non
888 839 962 874 qua-

208 895 282 917 tuor
299 882 400 916 saltem
417 882 481 916 dies
499 878 694 926 separationis
709 879 778 925 agni
795 876 938 910 nominet
954 889 962 909 ε

209 931 298 979 quod
317 930 337 965 fi
356 943 427 966 cum
446 928 570 963 Nisbm
590 939 649 962 tres
667 937 787 961 tantum
802 937 962 960 numerare

208 983 341 1029 placeat,
358 979 433 1028 quid
447 979 499 1013 fiet
511 979 548 1012 de
564 977 695 1012 dimidio
711 976 771 1010 diei
786 980 817 1011 &
831 974 962 1010 dimidio

210 1031 299 1070 anui,
313 1043 371 1078 pro
382 1042 446 1077 quo
461 1028 510 1062 hic
524 1025 712 1074 disputatur?

257 1081 308 1114 Ad
323 1093 388 1113 rem
400 1076 491 1126 ipsam
509 1075 692 1124 respondeo.
716 1073 812 1109 Nulla
825 1073 961 1108 :mestori-

210 1141 289 1166 tate‚
306 1128 387 1164 nulla
399 1128 517 1161 ratione
533 1139 569 1160 ex
584 1125 631 1160 his
649 1124 757 1159 diebus
770 1123 962 1158 deducuntur

211 1181 264 1213 ulli
277 1180 364 1213 anni:
380 1190 473 1226 agnus
491 1175 618 1223 quidem
633 1172 781 1208 Paschalis
795 1171 960 1207 verissimus

210 1233 242 1264 ὃ(
261 1228 433 1264 clarissimus
455 1224 511 1259 fuit
530 1223 646 1259 Christi
663 1234 749 1271 typus
768 1227 799 1258 δι
813 1218 960 1268 separatio

208 1279 278 1325 agni
294 1279 330 1312 ad
344 1275 541 1314 sacris-icium,
563 1286 617 1322 per
631 1285 688 1306 nos
704 1273 796 1311 licet,
813 1269 961 1318 significet

207 1326 326 1362 Christi
341 1324 561 1373 separationem
581 1324 617 1357 ad
634 1334 756 1357 crucem
771 1345 779 1357 ,
806 1318 860 1354 'sed
873 1320 960 1368 quod

207 1388 268 1410 tres
288 1377 352 1411 dies
376 1374 573 1421 separationis
598 1372 668 1418 agni
687 1370 883 1419 praefigurent
900 1381 961 1404 tres

206 1438 303 1459 annos
323 1423 548 1472 praedicationis
569 1420 686 1455 Christi
711 1421 809 1455 nullus
828 1419 872 1453 est
893 1429 961 1453 ante

206 1474 366 1510 Nisbetum
379 1477 432 1521 qui
446 1472 587 1507 affirmet.
611 1469 859 1514 Ainfhvorthum
871 1469 962 1504 video

207 1538 243 1559 ex
259 1523 371 1558 nostris
390 1527 422 1557 &
442 1523 576 1555 Toletum
595 1533 631 1554 ex
639 1517 762 1567 Jesuitis
777 1519 891 1553 docere
906 1518 960 1552 de-

206 1575 323 1608 cimum
345 1573 428 1607 diem
445 1569 641 1617 separationis
664 1569 735 1616 agni
758 1564 961 1616 praefiguraise

205 1622 325 1658 Christi
336 1619 499 1670 ingressum
516 1615 773 1665 Hierosolymam
784 1618 832 1652 die
845 1618 960 1653 Palma-

207 1685 276 1707 rum
287 1697 297 1712 ,
315 1673 368 1719 qui
389 1671 515 1719 quintus
529 1667 587 1703 fuit
603 1679 672 1703 ante
689 1678 844 1707 mortem,
860 1666 909 1702 sed
926 1680 962 1701 ex

205 1722 304 1757 tribus
311 1721 418 1756 diebus
427 1719 621 1766 separationis
628 1718 697 1765 agni
710 1717 892 1752 concludere
898 1727 958 1751 tres

206 1784 305 1806 annos
317 1770 540 1819 praedicationis
553 1767 671 1803 Christi
677 1792 688 1808 ‚
702 1778 752 1802 aut
764 1770 958 1815 quatuorPa-

205 1821 305 1856 schata
312 1822 328 1856 a
336 1817 487 1868 baptifino
494 1819 531 1853 ad
538 1830 674 1857 crucem,
687 1817 819 1865 ineptius
830 1817 959 1857 videtur,
994 1823 1015 1857 q

207 1871 302 1919 quam
315 1870 336 1904 si
349 1883 385 1904 ex
397 1880 483 1905 aetate
494 1868 564 1916 agni
576 1892 586 1907 ‚
612 1868 744 1915 quinon
758 1868 860 1914 potuit
871 1879 960 1901 exce-

205 1921 280 1955 dere
291 1933 387 1954 unum
403 1931 516 1955 annum
528 1942 539 1957 ‚
558 1917 812 1952 concluderemus
825 1929 896 1951 cum
906 1919 961 1951 Pa-

207 1970 305 2004 tribus
323 1968 442 2003 Christi
456 1966 660 2008 ministerium
679 1966 737 2001 csse
749 1979 815 2000 non
831 1965 961 2014 potuisse

207 2019 391 2053 diuturnius.
433 2015 622 2062 Huiusmodi
639 2027 786 2064 typorum
800 2016 962 2064 applicatio

209 2069 338 2116 gratuita
351 2067 410 2107 est,
425 2079 463 2101 ne
476 2068 576 2101 dicam
588 2067 672 2102 valde
685 2069 845 2101 temeraria
858 2069 890 2101 &
905 2078 963 2100 irn-

206 2117 376 2165 probanda.

255 2167 400 2200 Tertium
408 2175 621 2213 argumentum
630 2178 665 2199 ex
674 2165 819 2199 ‘Danielis
826 2176 915 2198 nono
923 2163 962 2198 vi-

213 2215 329 2263 gesimo
343 2214 488 2262 septimo,
507 2214 560 2248 ubi
573 2215 732 2261 publicum
743 2214 859 2248 Meffiae
871 2214 964 2247 mini-

212 2266 338 2299 sterium
358 2269 389 2300 &
402 2263 600 2298 confirmatio
621 2261 747 2296 foederis
762 2262 906 2296 definitur
918 2262 965 2296 di-

214 2315 311 2347 midio
322 2313 527 2347 hebdomadae
540 2336 550 2350 ,
575 2312 638 2345 hoc
651 2311 711 2351 est,
723 2307 918 2345 tribus'annis
932 2314 964 2344 &

213 2363 356 2396 dimidio.
370 2358 462 2407 Resp.
476 2359 649 2394 Etsilocum
656 2359 738 2393 hunc
748 2359 887 2403 Nzfhetus
894 2357 966 2405 post

214 2410 389 2444 Beroaldum
402 2409 479 2443 male:
487 2418 636 2455 exponat,
649 2407 731 2455 quasi
744 2406 886 2442 Christus
900 2418 964 2440 non

214 2458 313 2494 fuisset
329 2470 470 2493 mortuus
483 2459 513 2491 in
526 2458 632 2492 medio
645 2456 694 2492 sed
707 2457 770 2491 fine
789 2457 903 2491 ultimae
920 2454 964 2490 se-

214 2510 368 2557 ptuaginta
380 2508 644 2542 hebdomadarum
658 2532 667 2547 ,
694 2517 727 2540 ut
749 2505 803 2540 suo
823 2506 898 2541 loco
909 2505 964 2540 de-

213 2559 452 2594 monstravimus
460 2582 468 2596 ‚
483 2569 586 2591 tamen
597 2556 667 2591 hinc
676 2557 793 2590 elicitur
804 2567 965 2603 argumen-

212 2620 278 2643 tum
290 2607 389 2642 solutu
401 2606 541 2646 difficile,
554 2606 640 2654 quod
653 2619 668 2639 a
681 2605 799 2640 Christi
812 2602 963 2653 baptismo

212 2659 249 2692 ad
262 2669 395 2692 mortem
409 2655 499 2691 fuerit
511 2657 610 2690 media
622 2655 810 2696 hebdomas,
832 2653 882 2689 seu
894 2654 964 2687 anni

212 2719 274 2742 tres
286 2720 356 2741 cum
365 2707 506 2741 dimidio.
527 2705 806 2741 Verumenimvero
818 2703 878 2752 ipse
890 2705 965 2738 Nts-

212 2757 294 2791 betus
311 2755 478 2791 solutionis·
490 2753 610 2789 fontem
628 2753 694 2789 satis
712 2753 832 2789 facilem
845 2754 940 2802 aperit
954 2777 964 2793 ‚

213 2806 430 2854 distinguendo
458 2805 538 2839 inter
566 2805 715 2851 privatum
745 2809 776 2839 &
807 2804 964 2851 publicum

214 2856 332 2892 Christi
346 2854 548 2889 ministerium
557 2878 567 2893 ‚
581 2854 654 2887 illud
667 2853 683 2887 a
697 2853 890 2899 baptismate,
903 2852 967 2886 hoc

215 2905 231 2939 a
245 2904 383 2939 paschate
396 2903 515 2953 joannis
528 2902 661 2938 secundo
673 2902 841 2942 inchoans,
861 2901 903 2935 illi
916 2913 966 2934 an-

215 2955 246 2987 ni
259 2954 431 2993 dimidium,
443 2954 513 2988 huic
520 2965 581 2987 tres
592 2965 688 2986 annos
696 2952 873 2987 attribuens,
885 2950 965 2984 Nul-

217 3004 280 3037 lum
290 3003 413 3050 quidem
427 3016 484 3037 nos
491 3001 683 3051 agnoscimus
695 3001 813 3037 Christi
826 2999 964 3034 ministe-

217 3054 295 3086 rium
309 3053 472 3098 privatu1n3
491 3064 560 3087 nam
572 3064 637 3086 non
650 3050 750 3086 minus
765 3051 886 3098 publica
898 3047 965 3083 fue-

217 3113 288 3136 runt
302 3100 418 3135 Christi
433 3101 572 3135 doctrina
585 3105 617 3136 &
629 3101 771 3135 miracula
789 3101 820 3133 in
838 3097 966 3133 Galilaefi

218 3151 311 3198 quam
324 3148 568 3197 Hierosolymis:
592 3149 641 3185 sed
652 3161 766 3190 tamen,
779 3149 800 3183 si
813 3149 862 3183 hic
875 3149 965 3182 liceat

218 3200 417 3247 distinguere,
436 3211 529 3245 prout
542 3198 705 3233 necessarie>
719 3198 965 3246 distinguendum
979 3220 982 3251 ἱ

215 3250 331 3285 videtur
343 3263 378 3284 cx
392 3249 563 3286 &satthaec‘
575 3259 684 3295 quarto
692 3249 815 3283 decimo
822 3247 966 3296 septimo,

999 843 1064 864 non
1074 830 1158 878 plura
1171 827 1257 864 fuisse
1271 827 1429 870 Paschata5
1443 829 1479 863 ad
1491 827 1554 863 hoc
1566 826 1633 863 satis
1644 831 1704 874 jam
1712 828 1756 864 est

1000 877 1189 927 responsum.

1048 927 1264 978 Qaestionem
1277 927 1510 962 concludamus:
1523 927 1679 961 Sententia
1694 927 1756 975 pri·
1771 934 1904 970 conclnfia.

999 991 1048 1012 ma
1055 977 1188 1012 omnino
1196 976 1382 1011 estabsurda:
1393 975 1538 1015 secunda,
1551 977 1655 1016 tertia,
1670 990 1758 1023 quar-

998 1038 1027 1062 ta
1039 1052 1049 1067 ‚
1078 1026 1243 1062 secundum
1256 1037 1373 1073 partem
1388 1025 1546 1073 positivam
1565 1024 1630 1059 funt
1644 1039 1753 1061 omnes

998 1081 1113 1112 verat&
1127 1086 1215 1111 certae
1223 1100 1233 1116 ,
1247 1074 1297 1110 sed
1309 1075 1474 1117 secundum
1487 1075 1658 1122 negativam
1667 1080 1697 1110 δε
1705 1088 1758 1110 ex-

998 1126 1138 1161 clufivam
1158 1123 1235 1160 falsae
1248 1139 1256 1159 ε
1281 1137 1388 1161 verum
1402 1123 1446 1158 est
1459 1124 1544 1158 enim
1559 1123 1647 1170 quod
1662 1124 1758 1158 Chri-

998 1175 1060 1210 stus
1072 1175 1281 1222 praedicaverit
1295 1186 1390 1208 unum
1403 1185 1516 1207 annum
1530 1197 1541 1213 ‚
1567 1174 1642 1207 item
1655 1174 1734 1207 duos
1747 1198 1757 1213 ,

998 1228 1097 1260 &tres
1104 1249 1115 1264 ,
1129 1222 1178 1259 sed
1191 1223 1277 1271 quod
1284 1222 1404 1258 tantum
1413 1235 1508 1256 unum
1516 1247 1526 1262 ,
1540 1232 1659 1257 tantum
1667 1223 1757 1262 duos,

997 1274 1044 1309 vel
1056 1273 1176 1308 tantum
1189 1284 1265 1312 tres,
1278 1270 1395 1306 falsum.
1421 1275 1484 1307 Pro
1496 1272 1603 1319 quinta
1610 1271 1758 1307 sententia

997 1323 1095 1357 nolim
1108 1322 1296 1357 contendere
1306 1332 1414 1357 contra
1425 1325 1517 1356 tot&
1532 1331 1634 1356 tantos
1647 1322 1757 1356 austo-

999 1386 1045 1407 res
1053 1397 1064 1413 ‚
1077 1373 1196 1407 videtur
1207 1382 1312 1406 tamen
1325 1370 1411 1406 valde
1424 1370 1605 1418 probabilis.

1159 1472 1235 1508 QI
1259 1469 1294 1497 ΛΕ
1317 1472 1333 1498 s
1354 1470 1381 1497 T
1401 1470 1414 1497 1
1435 1471 1463 1497 o
1511 1471 1537 1497 x
1546 1471 1568 1496 v
1576 1469 1597 1496 1.

998 1524 1055 1558 Ad
1063 1535 1122 1570 qnae
1133 1532 1266 1570 tempora
1279 1522 1429 1554 Asborum
1442 1518 1680 1569 Capitisfi’ptimi
1686 1533 1757 1554 ver-
1778 1524 1795 1532 ’“

1104 1572 1157 1616 sm
1169 1570 1396 1615 decimusfi’xtus
1408 1570 1575 1616 referendus
1581 1571 1618 1616 fit
1626 1574 1643 1602 ,Ρ

995 1762 1086 1795 minis
1109 1762 1308 1808 Hieronymus
1331 1769 1423 1795 vocat
1440 1757 1569 1806 epistola
1586 1757 1751 1793 centesima

1018 1810 1113 1845 uinta.
1147 1810 1219 1849 Sed,
1231 1820 1265 1844 ut
1276 1809 1354 1844 mihi
1366 1808 1501 1849 videtur,
1521 1808 1681 1843 reverendi
1694 1811 1753 1843 Pa-
1806 1806 1812 1812 '

995 1860 1048 1894 tris
1062 1859 1183 1893 locutio
1196 1858 1261 1893 haec
1274 1859 1319 1894 est
1331 1857 1453 1906 prorsus
1466 1860 1599 1892 Ironica:
1610 1856 1757 1906 quaestio-

996 1921 1069 1944 nem
1082 1909 1164 1944 enim
1178 1919 1211 1943 ut
1223 1909 1321 1943 levem
1333 1906 1391 1942 suis
1403 1907 1670 1943 obtrectatoribus
1682 1919 1758 1955 pro-

996 1959 1087 2007 ponit
1094 1982 1105 1998 ,
1117 1970 1209 2006 quam
1221 1958 1280 1992 illis
1291 1957 1437 2005 relinquit
1448 1955 1684 1999 diffolvendam3
1695 1955 1757 2004 ipse

996 2020 1116 2048 tamen,
1134 2008 1221 2055 quod
1233 2007 1322 2042 multi
1334 2017 1520 2054 queruntur,
1548 2004 1665 2041 solvere
1676 2018 1758 2039 nun-

998 2070 1092 2106 quam
1104 2067 1231 2091 conatus
1246 2055 1301 2090 est.
1330 2057 1385 2090 De
1397 2066 1539 2102 ternpore
1551 2055 1595 2089 rei
1608 2054 1699 2103 gestae
1711 2052 1758 2088 fa-

999 2107 1058 2142 cile
1070 2107 1253 2141 conveniret
1265 2107 1346 2139 inter
1353 2104 1600 2152 Chronolog0s‚
1621 2103 1643 2138 fi
1655 2104 1692 2138 de
1706 2116 1758 2138 ve-

1000 2169 1038 2191 ro
1050 2154 1132 2190 sensu
1146 2156 1208 2190 loci
1221 2157 1300 2190 inter
1313 2155 1492 2202 interpretes
1504 2152 1667 2187 constaret.
1687 2154 1759 2188 Cir-

1002 2219 1036 2240 ca
1046 2203 1162 2240 sensum
1176 2215 1351 2253 quaeruntur
1364 2214 1496 2251 quatuor
1509 2216 1516 2236 :
1534 2203 1685 2248 primum,
1705 2202 1759 2249 qui

1000 2256 1016 2289 a
1029 2254 1172 2300 Stephano
1179 2257 1307 2288 Emmor
1319 2253 1435 2287 dicatur
1448 2251 1527 2286 silius
1539 2251 1671 2290 Sichem,
1685 2251 1758 2285 cum

999 2303 1016 2337 ὲ
1029 2303 1147 2346 eWofi’
1158 2302 1356 2350 perhibeatur
1365 2303 1495 2334 Szchemi
1513 2312 1607 2347 pater.
1642 2303 1759 2335 Secun-

999 2352 1054 2386 do.
1074 2352 1254 2400 Qomodo
1267 2349 1458 2397 sepulchrum
1471 2349 1606 2382 Stchcmae
1618 2360 1758 2396 emptum

999 2399 1034 2433 sit
1053 2404 1154 2446 pretio
1173 2400 1312 2446 argenti,
1338 2411 1409 2432 cum
1424 2395 1586 2431 Geneseos
1600 2397 1758 2445 trigesimo

999 2449 1092 2483 tertio
1116 2447 1237 2482 lacobus
1261 2447 1335 2481 illud
1352 2448 1452 2494 pretio
1475 2459 1627 2493 agnorum
1653 2446 1757 2490 emisse

999 2498 1124 2532 dicatur.
1137 2496 1263 2542 Tertio.
1277 2496 1460 2544 Qomodo
1473 2495 1756 2530 Patriarchaetrans-

999 2547 1049 2581 lati
1063 2547 1120 2581 sint
1131 2546 1300 2581 Sichemam
1312 2569 1320 2582 ,
1339 2550 1371 2581 δε
1385 2545 1428 2579 ibi
1441 2543 1547 2592 sepulti
1560 2569 1569 2583 ,
1590 2545 1661 2579 cum
1676 2543 1756 2579 solus

999 2595 1130 2645 Ioftphus
1148 2595 1192 2629 ibi
1211 2593 1341 2641 sepultus
1361 2593 1465 2628 fuerit.
1499 2593 1634 2641 Qarto.
1659 2597 1756 2644 Qo-

999 2645 1100 2680 modo
1118 2644 1334 2680 eAbrahamm
1358 2645 1444 2678 illum
1462 2656 1568 2691 agrum
1588 2644 1698 2677 emerit
1715 2643 1754 2678 ab

999 2698 1125 2729 Emmor
1137 2719 1147 2734 ‚
1173 2693 1244 2728 esim
1257 2693 1311 2727 ista
1324 2693 1361 2727 ab
1375 2697 1499 2727 Emmor
1513 2692 1630 2739 emptio
1644 2693 1756 2727 Gene-

999 2744 1065 2779 seos
1078 2743 1235 2792 trigesimo
1247 2743 1341 2777 tertio
1352 2743 1453 2776 Iacobo
1465 2740 1687 2776 ascribatur.Ad
1699 2742 1755 2776 tria

1000 2794 1103 2842 priora
1120 2793 1241 2841 quaesita
1259 2792 1434 2827 commodae
1452 2791 1518 2825 satis
1543 2789 1753 2837 responsiones

1000 2842 1178 2882 afferuntur,
1186 2841 1234 2876 sed
1242 2843 1278 2876 ad
1287 2853 1428 2890 quartum
1437 2841 1516 2875 nulla
1523 2840 1596 2874 dum
1604 2853 1676 2874 meo
1684 2841 1754 2887 qui-

1000 2892 1071 2926 dem
1088 2891 1204 2937 judicio
1217 2889 1371 2938 responsio
1384 2900 1515 2938 apparet,
1530 2903 1596 2936 quae
1609 2890 1752 2937 cuiquam

1000 2942 1136 2988 ingenuo
1149 2941 1236 2989 plane
1249 2939 1415 2975 satisfaciat.
1453 2941 1506 2974 De
1519 2939 1618 2972 nihilo
1631 2951 1694 2972 non
1708 2938 1752 2973 est

1000 2990 1142 3038 quodtot
1149 2992 1205 3025 viri
1217 2990 1304 3024 doc'ti
1316 2991 1457 3024 omnium
1465 2989 1594 3035 partium
1607 2987 1753 3035 quaestio-

999 3053 1069 3074 nem
1082 3040 1160 3074 hanc
1172 3040 1272 3074 multo
1286 3038 1513 3075 difficillimam,
1538 3041 1567 3072 &
1581 3039 1659 3083 pene
1671 3036 1753 3071 inso-

981 3103 984 3148 j
998 3089 1124 3123 lubilem
1138 3088 1349 3135 profiteantur.
1374 3090 1514 3131 ‘Rg'vetm
1528 3084 1636 3121 summi
1647 3087 1751 3132 judicii

981 3149 983 3164 ³
999 3138 1044 3172 vir
1062 3139 1093 3171 in
1112 3135 1274 3172 Geneseos
1292 3136 1470 3184 vigesimum
1488 3138 1628 3176 tertium,
1654 3135 1751 3170 Diffi--

980 3170 983 3219 i
998 3188 1091 3221 cultas
1104 3212 1114 3227 ,
1137 3187 1240 3234 inquit
1252 3211 1261 3226 ,
1287 3186 1330 3220 est
1343 3186 1421 3233 pene
1435 3185 1617 3226 insolubilis,
1632 3198 1698 3232 qua:
1711 3197 1750 3218 0—

997 3237 1115 3271 mnium
1127 3238 1327 3283 interpretum
1340 3236 1460 3283 ingenia
1473 3235 1550 3270 mire
1563 3234 1660 3269 torsit.
1686 3236 1750 3266 Lu-

1631 3283 1752 3315 daweus

999 1667 1084 1757 Q
1094 1660 1213 1695 uaestio
1231 1660 1296 1695 haec
1313 1656 1493 1707 quibusdam
1512 1659 1631 1695 videtur
1647 1657 1753 1695 levius·
1766 1663 1913 1702 Qcaestiomk

1095 1710 1171 1750 cula,
1182 1709 1367 1758 &profe-sto
1379 1708 1630 1757 quaestiunculam
1642 1709 1674 1743 in
1688 1719 1751 1744 ter·
1761 1702 1912 1781 {ijlshfssul

1762 1791 1804 1812 tas
