2048 3343
467 113 533 138 ET
596 102 1246 140 CHRoNoLocrcr

1304 99 1481 139 L1n.1.
1678 107 1724 154 63

184 177 288 214 dubio
299 172 501 222 cepiss'ermifi
514 176 673 215 flemma,
684 173 934 218 ifiziae‚aliortim-
983 169 1029 204 ob
1042 173 1176 216 Manassis
1186 170 1348 218 praeci‘pue
1360 176 1499 207 crimina
1519 198 1528 215 ‚
1554 172 1734 210 deletione.

182 240 244 276 que
255 229 321 271 ejus
332 226 495 272 temporis
504 225 637 272 *piorum
649 221 796 269 precibus
811 222 936 254 Domi-

179 288 242 312 nus
260 286 410 309 exoratus
431 298 441 314 ,
466 276 499 308 in
513 273 714 320 Aiiyriorum
740 270 848 304 castris
872 269 938 303 unzi

181 326 282 359 noete
312 323 412 358 millia
434 334 566 357 centum
592 322 766 369 octoginta
786 320 934 367 quinque

181 373 358 409 cecidisset.
393 374 473 406 Hoc
484 382 578 406 metu
588 369 671 405 liber
682 372 824 412 Hezekias
842 371 875 402 in
887 369 935 402 lc-

182 424 307 458 thalem
320 420 435 455 incidit
454 420 610 455 morbum
626 444 634 457 ‚
662 422 710 454 vir
725 420 870 466 optimus
883 419 935 452 cui

183 471 264 507 nulli
276 473 355 506 dum
367 472 435 505 nati
444 481 536 505 erant
547 469 644 503 liberi
657 495 667 511 ,
679 473 714 503 &
726 470 784 514 qui
796 466 936 503 eccleliae

184 519 461 556 reformationem
480 521 628 555 nondum
641 519 684 553 ad
698 518 796 553 finem
818 517 939 565 perdu-

184 571 334 606 xerat‚in
346 569 567 614 mottisjanufi
579 569 664 603 stans
683 594 694 610 ,
721 579 845 615 magno
866 567 939 599 virae

187 620 348 668 longioris
362 619 524 654 deiidcrio
538 629 666 665 captus,
681 617 840 666 supplices
851 614 889 648 ei
901 615 940 648 de

991 219 1146 254 Piiffimus
1156 221 1225 255 Rex
1235 222 1339 254 :matis
1357 234 1411 268 39.
1423 223 1555 269 pessime
1568 223 1738 258 consultus

986 271 1199 304 Pharaomneco
1218 271 1252 302 in
1267 267 1426 318 Assyriam
1439 274 1611 307 transeunti
1629 273 1738 308 voluit

985 317 1014 351 se
1025 320 1059 351 in
1069 321 1241 353 occurlum
1255 321 1456 366 praecipitarc
1467 333 1476 357 ;
1488 325 1656 356 temeritas
1669 324 1739 357 haec

985 366 1039 414 ipsi
1056 370 1156 401 vitam
1171 372 1224 409 ‚&
1237 367 1308 402 filio
1323 370 1478 416 Regnum
1490 371 1618 416 eripuit.
1646 372 1738 405 Nam

987 415 1056 461 post
1084 429 1160 451 eum
1189 420 1336 465 populus
1360 430 1494 466 regnare
1515 417 1604 463 juffit
1634 419 1739 455 filium

987 469 1103 504 Ioalmz,
1114 468 1280 500 minorem
1295 479 1371 502 natu
1383 482 1391 503 :
1404 467 1518 502 verum
1533 469 1585 501 hic
1597 467 1673 502 cum
1689 472 1739 502 vix

990 516 1073 550 ultra
1085 527 1150 550 tres
1172 515 1297 550 menses
1315 516 1474 564 regnfill‘et
1502 515 1520 551 ὲ
1544 520 1692 553 Pharaone
1708 519 1742 551 in

992 565 1131 600 vinculis
1139 565 1292 613 abreptus
1301 567 1345 601 est
1354 568 1622 614 inAEgyptum,&
1635 578 1741 614 regno

993 612 1165 661 praefestus
1181 613 1281 650 frater
1301 626 1379 650 natu
1391 620 1498 660 major
1512 619 1633 661 Eltan
1646 640 1654 653 ‚
1673 614 1740 649 alio

189 683 223 704 re
236 669 280 703 ad
293 670 404 703 Deum
414 681 530 716 preces
541 666 630 702 fudit
643 693 653 708 ‚
678 665 856 701 exaudiens
867 665 944 698 Do-

189 720 300 753 minus
312 718 503 765 quinde-cim
514 729 624 751 novos
637 727 745 749 annos
754 712 898 752 indulsit,
909 715 943 747 &

191 768 344 802 umbram
363 770 396 802 in
415 767 591 813 horologio
602 766 715 800 decem
724 763 849 812 ‘gradus
865 762 945 797 fecit

995 665 1132 697 nomine
1150 663 1270 704 lankim.
1299 667 1432 713 Quarto
1455 665 1551 711 hujus
1571 678 1662 701 anno
1684 673 1741 701 Ne·
1761 681 1894 720 Babyloni-

995 713 1201 751 btechadnezar
1213 715 1477 763 Hierosolymam
1488 716 1634 764 primurn
1646 716 1744 761 cepit,
1764 734 1790 750 ca
1801 731 1877 760 rapu.

997 762 1054 796 ubi
1067 765 1172 798 multa
1183 763 1295 810 templi
1308 764 1397 806 vasa,
1415 769 1450 800 &
1464 778 1618 812 magnam
1631 764 1747 813 populi
1764 768 1840 794 vim.

32 2010 132 2040 peccata

31 2046 170 2084 patr-demon

36 2085 167 2122 refipif‘en-

35 2134 95 2154 tiam
102 2136 153 2152 am-

32 2167 154 2205 pleilnur.

43 2545 168 2584 Iofiaeefic2

37 2591 68 2627 se
78 2590 171 2617 temeri-

45 2639 95 2659 eaie
104 2639 161 2669 per-

48 2671 117 2701 didit.

38 1962 132 1991 ‚Amen
178 1955 180 1960 ⁸

191 817 389 865 retrogredi.

240 867 319 900 Post
346 866 434 899 hunc
460 863 639 912 piissimum
666 866 701 897 &
728 860 946 896 feliciffimum

193 917 380 964 Principem
393 914 578 961 regnavitin
588 911 702 958 Judaea
713 908 799 944 filius
807 908 946 952 Manaffes

197 977 239 1001 12
268 977 435 999 annorum
463 974 545 1010 puer
569 974 607 995 ea
633 960 756 1007 ingenii
775 959 950 1004 pravitate,

194 1017 313 1061 quaein
325 1026 428 1048 omne
447 1010 550 1046 scelus
567 1020 684 1043 contra
705 1009 818 1041 Deum
838 1006 949 1039 homi-

194 1063 314 1112 nesque
323 1063 468 1098 feraliter
485 1060 603 1105 erupit.
638 1055 823 1103 Ten-iplum
835 1055 950 1093 Idolis,

195 1111 461 1157 Hierosolymam
480 1106 634 1154 sanguine
654 1131 664 1146 ‚
693 1107 947 1152 chionemque

195 1174 304 1197 totam
318 1154 518 1192 omnimoda
530 1156 719 1202 pollutione
738 1154 947 1188 contamina-

193 1213 240 1246 vir
266 1225 275 1244 ε
301 1209 376 1242 hinc
392 1218 459 1240 tam
480 1207 636 1239 immanis
647 1205 710 1239 Dei
724 1206 771 1238 ira
783 1206 814 1238 in
826 1203 946 1250 Judam

190 1256 325 1293 accensa
340 1257 384 1291 est
395 1282 404 1298 ,
422 1267 458 1290 ut
470 1268 537 1289 non
557 1267 634 1289 ante
647 1257 833 1303 placaretur
848 1252 947 1299 quim

191 1307 360 1342 horrenda
371 1305 540 1340 calamitas
554 1304 742 1339 sceleratam
760 1314 879 1337 terram
897 1304 949 1335 in—

191 1356 338 1392 undfifl'et
362 1369 369 1392 ε
391 1354 457 1402 ipse
469 1351 823 1402 Manaffesabhostibus
836 1363 949 1399 captus

191 1411 227 1442 &
245 1409 279 1440 in
301 1406 434 1440 vincula
455 1406 631 1451 conjerstus
650 1403 821 1449 Babylone
834 1404 867 1435 in
880 1413 948 1436 car-

192 1469 298 1491 cerem
313 1453 464 1490 detrusus
476 1455 531 1488 est.

243 1505 342 1540 Malis
360 1504 413 1539 hic
440 1504 563 1540 fractus
583 1503 700 1537 divinae
728 1499 951 1535 miserationis

194 1557 290 1589 omni
302 1555 410 1590 seculo
419 1552 526 1588 faetus
536 1553 580 1587 est
592 1554 771 1599 exemplar,
787 1562 862 1584 nam
877 1562 946 1597 gree

194 1607 248 1639 tiae
267 1610 299 1638 δε
321 1603 563 1650 supplicationis
577 1603 728 1650 spiritum
748 1599 858 1648 primo
870 1598 950 1633 ade-

194 1665 289 1702 ptus,
315 1665 395 1686 mox
407 1664 484 1685 eum
503 1651 521 1685 ὲ.
538 1654 614 1686 Deo
629 1649 842 1697 hostibusque
853 1647 951 1683 favo-

194 1702 487 1747 remimpetravir‚
508 1713 544 1735 ut
563 1699 827 1746 Hierosolymam
846 1698 951 1732 redire

194 1751 364 1801 permissus
383 1752 492 1800 priora
510 1753 625 1784 omnia
644 1748 762 1785 scelera
781 1747 951 1783 defleverit

195 1807 230 1838 &
242 1800 425 1837 emendarit
434 1825 444 1842 ,
456 1801 538 1846 quin
551 1804 582 1835 &
592 1801 751 1848 Regnum
764 1799 801 1833 ad
811 1795 951 1846 profun-

195 1852 274 1885 dam
286 1850 489 1884 senectutem
500 1851 535 1882 in
549 1848 653 1883 multa
665 1851 790 1897 pietate
808 1871 817 1885 ‚
833 1845 953 1892 justiti&

195 1904 230 1935 &
242 1911 323 1948 pace
337 1898 626 1934 administraverit.

245 1948 408 1996 Singulare
427 1948 493 1982 hoc
519 1946 742 1995 resipiscentia:
769 1946 954 1982 documen-

196 2009 267 2032 tum
282 2006 420 2034 Anionem
431 1996 538 2032 filium
551 1997 568 2032 ὲ
582 1996 752 2031 sceleribus
765 2009 835 2030 non
846 1998 954 2031 deter-

197 2050 261 2083 ruit
282 2063 291 2083 :
317 2050 439 2096 impius
450 2046 641 2093 hicjuvenis
651 2045 817 2093 prioribus
829 2047 951 2093 pravis,

197 2111 267 2132 non
295 2096 535 2145 posterioribus
560 2098 658 2131 reikis
678 2098 779 2143 patris
808 2095 952 2143 vestigiis

195 2146 455 2182 voluitinlistere
476 2159 483 2179 :
511 2145 589 2180 hinc
605 2146 754 2180 vindista
768 2146 890 2179 Divina
900 2144 952 2178 fe-

194 2198 313 2231 stinans
334 2199 368 2230 in
389 2194 533 2231 secundo
555 2197 646 2244 regni
666 2207 754 2228 anno
771 2193 952 2228 miserrime⁷

195 2247 458 2294 conspiratorum
472 2245 624 2279 manibus
637 2245 677 2279 de
693 2245 805 2279 medio
818 2243 951 2278 sustulit.

197 2296 262 2330 Sed
274 2307 310 2330 ut
323 2296 434 2330 videas
453 2306 660 2342 quantopere
682 2293 827 2328 scelerati
840 2295 953 2327 omnis

199 2356 312 2390 opera,
321 2357 512 2391 quanquam
523 2345 715 2390 exequentis
732 2344 814 2388 justa
825 2344 889 2376 Dei
900 2346 954 2387 ju-

199 2392 360 2439 dicia,ips1
370 2393 537 2438 displiceat
546 2418 556 2433 ‚
569 2390 813 2440 conspiratores
823 2404 956 2433 omnes,

198 2452 347 2475 extremo
364 2464 373 2480 ,
389 2441 486 2487 quod
497 2453 707 2481 meruerunt,
722 2442 879 2490 supplicio
890 2454 953 2489 po·

200 2489 297 2539 pulus
308 2488 430 2524 affecit.

247 2540 351 2574 Patris
376 2537 533 2574 scelerata
557 2540 622 2572 vita
652 2541 687 2573 δε
712 2536 839 2572 funesta
864 2550 954 2572 mors

201 2587 338 2624 summis
350 2590 414 2623 Dei
426 2586 596 2623 favoribus
607 2587 733 2636 prolem
747 2588 874 2633 privare
886 2598 954 2620 non

202 2640 335 2688 potuit5
349 2642 492 2672 Ammonis
503 2637 588 2672 filius
599 2638 677 2684 lcfias
685 2636 846 2670 thronum
861 2637 956 2669 oCta-

202 2703 247 2724 vo
260 2691 330 2722 vita:
343 2699 433 2721 anno
446 2686 582 2734 adeptus
596 2689 627 2720 in
643 2689 771 2733 Regum
785 2687 954 2731 optimum

204 2736 301 2774 evasit
322 2751 330 2771 :
356 2735 487 2771 summo
510 2748 585 2769 cum
607 2737 682 2769 zelo
695 2747 765 2768 non
786 2747 869 2768 nova
882 2746 955 2769 tan-

204 2798 291 2828 tum,
303 2785 358 2822 sed
368 2784 577 2820 vetustiffima
589 2783 680 2819 idola
692 2786 858 2823 contrivit,
876 2784 957 2818 Ido-

203 2835 344 2871 leiorum
367 2837 519 2870 solomonis
542 2833 783 2880 Hierosolymis
797 2858 806 2872 ‚
825 2837 859 2867 δε
876 2840 954 2867 lero-

207 2885 300 2919 boami
311 2885 444 2919 Bethele
456 2885 608 2931 reliquias
620 2909 629 2924 ‚
648 2882 807 2917 abolevit.
840 2883 958 2916 Altaria

208 2935 360 2968 vivorum
376 2935 503 2981 aliquot
530 2936 626 2970 Baulis
651 2932 857 2968 sacerdotum
885 2933 955 2965 san-

209 2984 361 3030 guine,&
376 2984 558 3019 multorum
573 2994 782 3018 mortuorum
793 2981 958 3016 cineribus

210 3030 390 3074 conspersit
405 3051 414 3073 ς
433 3045 535 3081 prout
546 3045 622 3068 ante
637 3034 729 3080 plura
742 3031 846 3066 secula
860 3031 901 3066 de
919 3043 958 3066 eo

208 3093 268 3128 per
290 3082 428 3115 Domini
454 3082 652 3130 Prophetam
670 3081 866 3130 praediCrurn
884 3080 958 3115 fuit.

210 3132 335 3178 Magna
353 3141 463 3163 tamen
483 3131 550 3165 haec
567 3131 757 3167 reformatio
770 3132 957 3165 Dominum

210 3191 280 3215 non
299 3181 434 3215 divertit
452 3179 469 3215 a
487 3181 615 3217 decreta
635 3181 959 3228 Hierosolymorum,

997 823 1123 858 partem
1141 825 1272 859 unaque
1283 824 1358 847 cum
1374 816 1495 849 caeteris
1508 818 1671 855 Danielem,
1687 817 1752 849 Ba-

1000 860 1157 907 bylonem
1177 860 1352 896 transtulit.
1400 865 1474 898 Rex
1499 863 1656 906 lehojakim
1677 875 1750 897 tum

998 910 1162 955 temporis
1182 921 1251 942 non
1262 910 1393 943 videtur
1401 913 1520 947 duetus
1532 907 1754 959 Babylonem,

1000 957 1086 991 velli
1099 968 1169 991 tum
1181 957 1224 991 eo
1235 960 1385 1004 captivus
1394 959 1558 996 abducitis
1567 964 1612 996 est
1624 988 1634 1004 ,
1647 974 1757 1010 opor—

1000 1008 1064 1041 tuit
1076 1005 1198 1041 rediiffe
1210 1032 1220 1048 ,
1239 1019 1314 1040 cum
1330 1008 1372 1041 ad
1391 1020 1516 1043 annum
1537 1012 1753 1045 undecimum

999 1058 1184 1104 regnaverit
1200 1055 1440 1102 Hierosolymis
1457 1082 1468 1095 ,
1487 1063 1521 1093 &
1534 1071 1601 1093 non
1612 1059 1668 1092 nifi
1682 1061 1756 1106 post

998 1109 1067 1150 ejus
1079 1118 1223 1141 mortem
1237 1105 1322 1140 filius
1338 1105 1484 1152 lehojasz'n
1496 1107 1545 1142 vel
1557 1111 1688 1143 leconz'alae
1703 1108 1757 1142 seu

1001 1153 1115 1189 Coniah
1133 1156 1247 1190 sederit
1266 1158 1299 1188 in
1312 1155 1436 1191 throno
1445 1157 1571 1191 menses
1583 1170 1646 1192 tres
1658 1184 1668 1199 ,
1687 1158 1756 1205 post

999 1217 1086 1252 quos
1098 1217 1174 1240 curn
1185 1204 1245 1239 alia
1254 1207 1371 1252 populi
1389 1218 1480 1253 parte
1503 1206 1710 1253 Babylonem
1722 1209 1758 1241 in

1001 1255 1138 1289 vinculis
1158 1254 1324 1289 abductus
1339 1255 1485 1301 lehojakin
1502 1257 1541 1291 ad
1554 1259 1620 1291 dies
1635 1257 1759 1292 Evilme-

968 1337 969 1344 ,
1001 1306 1391 1342 rodachiNebuchadnezans
1405 1305 1461 1339 filii
1474 1307 1619 1354 captivus
1629 1319 1758 1341 reman-

1002 1351 1041 1387 sit
1061 1368 1070 1395 3
1092 1367 1158 1401 quo
1168 1365 1321 1401 ternpore
1332 1355 1373 1389 ab
1387 1354 1514 1403 Assyriae
1528 1358 1617 1403 Rege
1627 1368 1759 1390 carcere

1001 1402 1162 1438 liberatus
1174 1404 1215 1439 ad
1226 1404 1327 1438 finem
1339 1407 1412 1438 vitae
1429 1407 1523 1454 regio
1537 1405 1581 1439 ho
1588 1418 1666 1440 nore
1679 1404 1760 1440 affe-

1004 1454 1075 1487 ‹stus
1093 1453 1154 1487 est.
1198 1453 1264 1488 Sed
1285 1456 1391 1488 statim
1410 1454 1427 1490 ὲ
1446 1457 1550 1502 prima
1567 1457 1761 1504 captivitate

1003 1502 1099 1548 hujus
1124 1514 1257 1549 patruus
1273 1505 1409 1546 Zedekias
1428 1504 1497 1548 Μία
1514 1503 1602 1540 filius
1630 1504 1648 1539 εὶ
1663 1506 1761 1540 Nebu-

1002 1549 1184 1590 chadnezare
1216 1552 1460 1600 Hierosolymis
1493 1567 1629 1603 regnare
1662 1552 1761 1599 juil'us

1001 1613 1084 1636 erat.
1113 1604 1204 1637 Cum
1215 1601 1267 1636 hic
1278 1614 1315 1636 ac
1328 1604 1442 1650 populi
1455 1605 1621 1651 principes
1632 1605 1665 1638 in
1677 1615 1760 1651 pec-

1001 1654 1083 1686 catis
1100 1650 1362 1700 perseverarent,
1385 1653 1640 1690 Nebuchadnczstr
1659 1651 1761 1687 tertio

1002 1703 1093 1736 venit
1105 1702 1148 1736 ad
1161 1700 1381 1736 obsidendam
1399 1702 1669 1750 Hierosolymam
1679 1726 1688 1739 ‚
1699 1714 1761 1736 cu—

1000 1755 1050 1796 jus
1061 1764 1197 1800 peccata
1207 1751 1248 1785 ad
1262 1752 1466 1796 culmenjam
1477 1753 1636 1798 perducta
1648 1762 1762 1786 extor-

1003 1803 1112 1835 lerunt
1132 1801 1150 1834 :l
1169 1801 1327 1834 Domino
1342 1812 1484 1835 extrema
1497 1801 1666 1848 supplicia.
1701 1808 1762 1835 Ze·-

1001 1848 1082 1891 dekiae
1092 1850 1275 1884 undecimo
1289 1850 1390 1885 excisa
1400 1850 1478 1883 urbs
1491 1850 1554 1890 est,
1571 1848 1762 1897 conflagra-

1002 1902 1047 1935 vit
1060 1899 1223 1947 templum
1234 1924 1244 1940 ‚
1267 1902 1302 1934 &
1320 1899 1430 1946 quide
1445 1899 1572 1947 populo
1591 1898 1762 1947 superfue-

1001 1960 1077 1983 runt
1089 1974 1098 1990 ,
1116 1961 1232 1996 praeter
1250 1961 1372 1996 paucas
1390 1949 1575 1984 admodum
1596 1950 1761 1995 reliquias,

1002 2011 1119 2033 omnes
1130 1998 1334 2044 Babylonem
1348 1998 1491 2032 maduisti
1504 2023 1512 2037 ‚
1523 1997 1580 2032 ubi
1590 2010 1756 2033 annorum

1002 2062 1060 2096 70.
1072 2048 1293 2095 captivitatem
1307 2047 1540 2083 sustinuerunt.

1053 2099 1118 2132 Hic
1132 2095 1271 2145 Epochae
1284 2095 1358 2131 finis
1369 2097 1417 2130 est
1428 2122 1437 2136 ,
1456 2098 1488 2130 in
1500 2094 1618 2144 templi
1630 2092 1756 2129 confla-

1002 2148 1154 2196 gratione
1171 2147 1266 2181 annis
1279 2159 1362 2192 427.
1389 2145 1566 2193 postquam
1590 2145 1666 2178 strui
1687 2156 1756 2177 coe-

1003 2208 1095 2243 ptum
1108 2195 1154 2229 est
1176 2221 1186 2237 ‚
1213 2199 1247 2230 &
1268 2196 1377 2243 Regni
1398 2194 1558 2230 Hebraici
1577 2192 1755 2229 eversione,

1003 2247 1096 2292 quod
1110 2257 1216 2279 annos
1227 2242 1319 2290 supra
1333 2246 1538 2293 quingentos
1549 2244 1755 2292 perdurave—

1000 2307 1046 2329 rat
1061 2295 1176 2331 asaztle
1192 2294 1232 2329 ad
1244 2294 1401 2340 ZedeQam
1419 2320 1429 2335 ‚
1452 2296 1485 2328 in
1496 2292 1627 2341 regibus
1639 2292 1756 2342 viginti

1003 2345 1120 2380 tribus.

1004 2448 1073 2489 Hic
1082 2449 1169 2488 adde
1180 2462 1250 2501 quae
1260 2449 1392 2501 aliquot
1413 2458 1494 2487 ante
1515 2458 1620 2486 annos
1638 2444 1753 2483 tradi»

1037 2506 1128 2539 dimus
1150 2507 1183 2539 de
1200 2506 1400 2550 propagatione
1412 2505 1519 2549 generis
1529 2502 1648 2535 humani
1655 2499 1720 2544 poll

1056 2552 1225 2596 fluvium,de
1234 2550 1403 2585 Monarchid
1414 2551 1579 2599 Assyriorum
1590 2549 1695 2593 &sta-

1101 2609 1135 2636 tu
1145 2608 1300 2636 Graecornm
1310 2611 1342 2633 ac
1354 2605 1543 2633 Romanorum
1554 2623 1564 2638 ,
1582 2607 1659 2632 tem-

1201 2660 1267 2696 pore
1274 2651 1370 2695 primae
1382 2649 1560 2682 Monarchiae.

1037 2730 1070 2764 N
1090 2730 1224 2776 antiqua
1243 2728 1375 2763 historia
1394 2730 1440 2763 nil
1463 2727 1607 2762 occurrit
1621 2725 1752 2773 dignius

1037 2790 1156 2814 notatu
1165 2804 1173 2816 ,
1185 2792 1283 2827 quam
1295 2780 1399 2825 prima
1410 2778 1614 2824 posterorum
1625 2783 1688 2811 Noae
1697 2787 1756 2823 per

1006 2842 1106 2865 tetras
1119 2827 1288 2875 disperGO,
1298 2841 1365 2861 non
1377 2831 1465 2862 enim
1477 2825 1609 2860 aliunde
1622 2837 1754 2873 cogno-

1006 2881 1048 2913 ici
1059 2877 1149 2912 certo
1159 2878 1268 2926 potest
1281 2890 1356 2912 vera
1367 2876 1505 2922 cujusvis
1515 2878 1632 2922 Origo.
1642 2877 1753 2909 Multa

1006 2928 1057 2963 hic
1069 2928 1162 2962 multi
1174 2939 1240 2961 tam
1252 2940 1338 2962 nunc
1350 2940 1448 2975 quam
1459 2927 1536 2960 olim
1546 2922 1754 2959 audaciflime

1008 2980 1194 3012 commenti
1210 2978 1284 3011 sunt
1295 3002 1305 3018 ,
1323 2991 1384 3011 nos
1397 2988 1496 3023 pauca
1509 2989 1546 3010 cx
1560 2974 1756 3009 verisimilli-

1008 3031 1068 3063 mis
1085 3027 1272 3075 seligemus.
1316 3029 1440 3062 Primus
1459 3025 1591 3058 liumani
1615 3025 1756 3072 generis,

1006 3078 1098 3126 quod
1112 3089 1199 3111 nunc
1212 3088 1327 3112 terram
1340 3073 1569 3123 occupat‚fons
1580 3076 1619 3108 ad
1631 3074 1758 3108 radices

1009 3129 1134 3162 montis
1154 3136 1265 3162 ararat
1280 3128 1388 3160 extitit
1416 3140 1424 3159 t
1449 3124 1499 3158 hic
1514 3123 1655 3160 substitit
1671 3136 1754 3163 arca,
1777 3116 1901 3169 ῙἩὝΜ·

1787 3169 1899 3189 (sqq-7³3·

1007 3180 1059 3213 hic
1070 3177 1227 3214 habitavit
1239 3176 1427 3222 Noe,ecquis
1439 3173 1516 3212 vcro
1527 3176 1635 3208 monti
1647 3183 1755 3225 Arqmt
1773 3167 1813 3227 J„

1682 3226 1757 3256 litus
1815 3222 1820 3227 “
