2048 3343
113 647 213 682 Remum

113 686 230 724 Romcdm

112 725 209 754 occidit.

110 766 229 795 Condrusi·

99 1143 229 1176 sceleratis·

102 2158 155 2194 Καρ
159 2154 209 2183 iuni
214 2164 241 2182 ur

103 2199 124 2221 S
126 2195 199 2223 abina

101 2976 205 3014 Tarpeia

95 3019 225 3056 proditrix

98 3058 206 3084 obruitur

66 3098 69 3101 i
103 3101 202 3124 armtlhs
208 3109 236 3125 ac

103 3140 196 3177 clypeis.

283 119 339 168 72'
615 112 1474 156 OrenrsI-lrs‘ronrc1

276 185 481 234 imperitaret
495 184 649 221 conditae:
661 187 766 221 neutri
777 199 841 234 prae
850 187 955 220 altero
966 188 1031 221 ulla

276 239 329 271 vel
341 236 467 270 virtutis
480 237 530 270 vel
542 236 645 270 aetatis
657 238 880 283 praerogativa,
894 246 986 282 pares
996 236 1029 268 in

277 284 455 325 omnibus,
468 286 606 333 augurio
618 297 687 318 rem
699 286 929 318 committunt.
956 288 1028 318 Au-

274 332 477 381 spicantibus
510 346 688 368 occurrunt
723 342 806 368 Remo
840 333 941 380 priori
976 331 1028 367 sex

275 384 412 429 aqussae,
432 383 485 417 hic
497 383 577 417 dum
590 383 656 418 alta
677 394 759 416 voce
773 382 971 428 depraedicat
984 381 1027 416 sui

272 431 414 479 auspicia
427 433 557 480 imperii
570 455 579 468 ‚
596 430 714 467 Romulo
726 431 883 466 advolant
901 431 1026 466 duode-

273 481 353 521 cim,
366 480 441 516 hinc
452 481 481 515 sc:
491 479 630 515 affirmat
645 483 778 516 Romulus
791 481 862 528 plus
875 479 1025 527 superare

271 543 415 565 numero
436 529 535 577 quam
563 541 715 578 tempore
735 529 901 576 superat-15
927 539 1025 574 negat

271 586 386 621 Remus,
400 581 416 614 a
426 579 534 614 verbis
546 580 611 614 itur
622 579 665 613 ad
681 579 825 613 verbera,
835 579 868 609 in
879 576 1024 610 tumultu

271 636 374 664 Remus
385 628 486 663 cadit.
526 630 604 663 Hoc
616 627 686 662 casu
698 638 789 661 novae
801 626 941 659 civitatis
955 628 1023 659 irn-

272 679 402 726 perium
423 676 480 713 soli
501 680 616 713 Romulo
628 676 742 710 restitit
764 698 774 714 ,
799 685 899 720 quam
913 675 954 708 de
965 673 1022 709 suo

272 728 409 762 nomine
429 735 548 762 Romam
561 726 664 764 dixit,
683 722 903 757 fundamenta
915 724 1022 769 prima

268 778 394 821 jaciens
413 788 500 809 anno
518 773 694 808 munditer
706 770 881 806 millesimo
896 771 1022 805 duceu-

269 824 386 860 tesimo
396 821 646 871 quadragesimo
659 819 763 861 sexto,
778 820 897 868 Aprilis
918 827 1022 855 Romu-

266 874 305 909 lei
327 872 479 908 vicelimo
498 873 608 916 primo
635 895 645 911 ,
671 882 702 904 at
729 869 892 903 Od'tobris
918 871 1022 905 Iuliani

265 932 388 969 quarto
403 949 412 961 ,
425 918 677 967 sesquisecundzi
691 917 919 966 pomeridiana
937 945 947 958 ,
971 916 1020 951 se-

266 970 416 1005 cundum
427 971 598 1017 quosdam.

316 1019 365 1054 Ut
374 1019 561 1053 incolarum
573 1016 757 1064 frequentifi
771 1016 1017 1056 floreretRoma,

266 1067 351 1102 hanc
363 1068 498 1103 adhibet
510 1074 614 1102 artem
626 1070 759 1101 Ronmlus
777 1081 788 1100 .-
810 1069 844 1100 in
856 1064 937 1099 urbe
947 1077 1020 1098 me—

268 1117 319 1152 dia
331 1117 451 1162 asylum
463 1118 566 1164 aperit
578 1141 588 1157 ,
602 1116 670 1163 qu&
681 1115 827 1162 quisquis
836 1112 1021 1162 perfugeret

265 1165 340 1201 esset
355 1165 632 1203 sacrosan&us,&
644 1166 685 1199 ab
698 1166 791 1198 omni
804 1165 928 1198 securus
944 1163 1019 1211 sup-

262 1217 366 1264 plicio
389 1214 652 1262 quotviscunque
679 1212 852 1258 sceleribus
872 1213 1019 1258 cooper-

264 1276 328 1299 tus.
363 1265 464 1299 Adest
482 1263 590 1298 statim
613 1264 852 1298 damnatorum
868 1287 877 1300 ,
896 1262 1019 1296 scurra-

261 1326 335 1347 rum
357 1338 366 1352 ,
391 1312 561 1347 servorum
575 1315 692 1361 ingens
710 1313 869 1347 colluvies
891 1325 899 1345 :
926 1309 1018 1345 datur

262 1361 421 1397 omnibus
433 1362 450 1397 ὲ
462 1365 576 1397 Romulo
589 1363 699 1397 civitas
719 1386 730 1402 ‚
751 1361 869 1396 talibus
884 1370 1018 1406 repente

263 1412 388 1446 civibus
413 1414 526 1447 Roma
552 1412 590 1446 fit
614 1408 786 1458 frequens.
821 1407 1018 1456 prospexere

259 1460 574 1495 Patres-duraturam
593 1464 713 1494 hancce
733 1472 803 1492 nou
826 1458 1017 1491 ultraunius

259 1510 403 1556 spatium
414 1511 515 1544 aetatis
525 1508 834 1555 frequentiumquae
848 1507 924 1541 solis
936 1520 1017 1553 pro-

258 1558 300 1605 pe
314 1560 389 1592 viris
408 1559 621 1592 constabatin
636 1569 753 1604 magna
773 1558 949 1592 mulierum
967 1557 1015 1589 in-

259 1607 335 1652 opifi
346 1621 354 1641 ε
367 1608 542 1641 mittuntur
551 1620 633 1654 ergo
643 1607 686 1640 ad
697 1608 822 1640 vicinos
832 1607 889 1652 qui
900 1616 1016 1653 petant

257 1657 424 1691 Romanis
438 1655 620 1689 connubia.
656 1655 781 1690 Verum
802 1656 1015 1702 indignantes

257 1717 297 1739 cu
305 1706 372 1739 neti
384 1706 539 1752 respuunt
551 1702 744 1739 affinitatem
769 1730 778 1745 ‚
807 1704 885 1737 nihil
897 1702 1015 1737 habere

259 1753 379 1788 volunt
392 1757 585 1789 commercii
606 1766 682 1788 cum
705 1752 922 1799 urbeimpurzi
943 1777 953 1792 ,
981 1754 1014 1785 in

262 1814 362 1848 quam
376 1816 516 1837 unorum
530 1803 634 1852 prope
649 1802 904 1851 profligatorum
915 1801 1013 1836 senti-

263 1863 306 1885 na
320 1850 531 1886 confluxiffet.
549 1854 647 1886 Anxii
660 1851 856 1898 aliquandiu
866 1853 1014 1885 Romani

262 1913 332 1946 quo
353 1901 413 1935 fibi
426 1903 526 1949 paCto
538 1900 803 1948 prospiciendum
816 1899 858 1934 dc
872 1900 1016 1945 posteris,

261 1950 297 1983 in
314 1962 406 1985 tanto
421 1953 604 1985 vicinorum
618 1948 744 1984 fastidio
764 1975 774 1990 ‚
804 1950 867 1983 hoe
881 1949 1015 1984 tandem

261 2001 406 2032 occurrit
420 2001 536 2033 animis
546 2011 785 2034 commentum.
819 2006 949 2044 Neptuno
967 1997 1014 2032 fe-

259 2048 306 2081 sta
326 2047 509 2095 speetacula
529 2046 649 2095 quanta
670 2047 801 2095 polsunt
820 2047 1013 2082 solennitate

260 2097 517 2137 concelebrant,
533 2099 712 2146 l'pefflmtum
727 2098 865 2131 invitant
881 2098 1014 2131 cunftas

261 2144 386 2180 circum
408 2148 553 2180 civitates
571 2162 579 2186 ;
609 2145 726 2180 adsunt
739 2159 775 2180 ex
789 2148 897 2181 sabinia
909 2148 1012 2194 inpri-

260 2197 322 2228 mis
343 2194 534 2240 complures
551 2196 685 2243 integrae
703 2193 860 2244 {samium
888 2196 921 2227 in
943 2195 1012 2241 ipso

259 2243 432 2290 speeiacuh
447 2243 566 2277 ardore
587 2244 752 2291 rapiendis
772 2242 955 2290 virginibus
974 2242 1012 2275 si-

259 2305 360 2341 gnum
375 2293 538 2326 Romanae
551 2293 717 2336 juventuti
737 2292 828 2325 datur
841 2315 850 2330 ,
875 2290 1010 2336 quisque

258 2341 358 2388 quim
372 2341 478 2389 potest
493 2338 758 2376 commodissime
779 2339 930 2388 sponsam
949 2338 1010 2374 sibi

258 2401 365 2438 raptat
380 2392 529 2424 domum.

308 2441 447 2475 Novum
466 2439 531 2474 hoc
549 2437 760 2473 contumeii’ae
772 2449 876 2484 genus
892 2436 1009 2471 infesta

257 2489 443 2522 multorum
454 2501 542 2523 arma
552 2489 734 2522 concitavit
751 2506 761 2528 ,-
789 2500 922 2522 caeteros
935 2489 1010 2522 Ro-

256 2550 357 2572 mana
369 2540 470 2570 virtus
480 2536 574 2571 facile
585 2536 798 2583 compescuit,
812 2548 885 2570 cum
898 2537 1008 2570 Sabinis

255 2584 434 2634 periculose
446 2586 652 2621 decertatur:
670 2587 788 2619 Romae
802 2585 964 2619 moenibus
974 2585 1008 2618 hi

256 2636 527 2682 appropinquant
540 2636 664 2681 ingenti
677 2647 751 2667 cum
772 2635 911 2668 exercitu
925 2658 934 2670 ‚
953 2632 1008 2667 of-

254 2681 398 2717 fendunt
423 2695 507 2718 extra
528 2695 640 2717 muros
669 2685 820 2727 Tarpeiam
843 2682 1006 2728 Capitolii

255 2732 404 2767 Praesidis
415 2732 527 2771 filiam,
544 2732 623 2765 dum
637 2730 743 2765 haurit
757 2743 793 2764 cx
808 2729 902 2764 fonte
913 2728 1006 2764 sacro

254 2782 367 2814 latices
379 2784 409 2814 in
421 2795 488 2816 aras
502 2783 647 2815 Deorum
667 2796 677 2820 ς
705 2792 779 2813 cum
792 2778 852 2814 hac
869 2778 1006 2813 molitur

254 2832 425 2865 Sabinorum
444 2833 515 2866 Rex
534 2832 634 2865 ratim
658 2829 890 2876 proditionem
912 2830 1006 2869 arcis,

254 2880 413 2925 prodenti
439 2882 551 2927 pae‘tns
572 2891 683 2913 aureas
704 2891 786 2925 quas
808 2876 865 2923 ipsi
886 2876 1007 2911 sinistra

255 2928 407 2962 ferebant
428 2928 570 2963 armillas
592 2942 600 2968 3
627 2930 746 2974 accipit
764 2928 816 2960 illa
835 2927 1007 2961 conditio-

257 2978 557 3018 nem,venientibus
567 2977 665 3011 tradit
678 2975 907 3021 Capitolium:
926 2977 1006 3010 stant

259 3025 444 3071 istiquidem
457 3030 560 3074 paetis
580 3042 588 3067 ;
613 3025 668 3061 sed
681 3038 720 3059 ne
731 3023 912 3059 foediffimce
927 3038 1005 3072 pro-

260 3074 394 3107 ditionis
406 3078 577 3110 inventum
588 3077 785 3123 impunitum
800 3075 918 3111 abiret,
930 3087 1003 3108 cum

259 3124 388 3155 annulis
400 3122 493 3159 fimnl
514 3130 546 3159 ὃς
567 3123 653 3159 scuta
667 3137 738 3173 quae
757 3125 789 3157 in
804 3122 933 3158 sinistris
945 3122 1008 3158 una

254 3172 445 3220 portabant,
454 3174 602 3216 injiciunt
614 3176 742 3222 virgini,
762 3173 873 3210 donec
885 3172 1006 3209 obruta

1075 187 1241 222 scutorum
1260 188 1410 234 pondere
1437 188 1652 224 meritiffimas
1677 188 1824 237 perfidiae

1074 236 1317 285 poenasluiffet.

1124 288 1169 320 Ex
1179 298 1248 320 arce
1261 285 1442 320 decurritur
1452 288 1483 319 in
1496 285 1614 321 urbem
1629 312 1638 326 ‚
1660 300 1779 336 anceps
1790 290 1823 323 in

1074 337 1187 382 plateis
1205 334 1363 382 fitpugna
1375 361 1383 375 ‚
1401 336 1560 382 plurimus
1582 337 1734 382 Utrinque
1752 337 1825 372 fluit

1073 382 1306 422 cruor‚net1tro
1316 385 1491 418 inclinante
1504 385 1569 419 diei
1581 384 1719 419 fortunii
1740 399 1748 419 ε
1772 387 1826 420 in-

1072 434 1242 467 tercedunt
1266 433 1400 467 tandem
1424 433 1517 481 pallis
1540 434 1683 468 crinibus
1702 458 1712 474 ‚
1740 433 1826 470 sciria

1070 481 1154 514 veste
1187 481 1422 516 Bacchantium
1448 483 1544 516 instar
1572 494 1671 530 raptae
1701 484 1826 525 Sabinae,

1071 542 1128 576 per
1141 529 1272 564 medios
1283 532 1451 579 intrepidae
1461 543 1557 565 ruunt
1567 529 1657 566 enses
1668 559 1677 571 ,
1696 535 1824 567 maritis

1069 577 1165 614 simul
1183 583 1217 613 δέ
1233 578 1379 625 patribus
1390 580 1572 614 exclamant
1584 604 1594 620 ‚
1614 578 1823 616 obtestantur

1069 628 1101 661 in
1120 627 1149 662 se
1170 628 1272 663 velint
1284 640 1373 662 arma
1385 639 1580 662 convertere
1592 653 1602 670 ‚
1622 627 1698 677 ipsis
1708 632 1823 677 appri-

1069 676 1578 723 meplaceremortem,vulnera
1605 694 1614 713 :
1643 677 1748 712 modo
1763 691 1822 723 pa·
1863 715 1867 720 ¹

1068 726 1172 760 tribus
1193 738 1360 774 parcerent
1382 731 1538 772 conjuges
1558 730 1592 761 &
1615 727 1822 774 conjugibus

1067 786 1187 820 patres.
1232 773 1390 810 Efficaces
1418 775 1501 810 adeo
1526 773 1617 810 fuere
1641 788 1755 824 preces
1780 786 1818 810 ut

1067 824 1177 857 cuncti
1195 825 1337 870 primum
1357 824 1552 860 cohiberent
1577 838 1690 860 manus
1705 852 1713 865 ‚
1740 837 1820 859 mox

1067 871 1275 918 deponerent
1296 885 1407 912 arma,
1427 878 1603 920 jungerent
1616 873 1728 910 foedus
1748 899 1758 912 ,
1782 885 1818 908 ut
1838 897 1900 927 sab.
1921 899 1926 907 .
1968 897 1974 902 -

1066 921 1216 954 Romam
1235 922 1493 965 commigrarent
1507 924 1626 959 Sabini,
1637 936 1731 971 aequo
1743 936 1816 959 cum
1836 910 1961 979 &75:25⁶

1067 966 1176 1015 priscis
1189 970 1316 1002 civibus
1334 970 1449 1003 victuri
1467 972 1536 1011 jure
1557 995 1567 1010 ‚
1591 972 1672 1006 Tatio
1689 972 1820 1021 insuper
1835 981 1958 1010 coeuntia

1066 1029 1142 1051 cum
1156 1020 1273 1052 Romulo
1289 1019 1396 1065 Regni
1409 1016 1501 1052 fausto
1512 1030 1683 1066 compote.
1836 1032 1916 1049 unum.

1114 1066 1287 1113 Nusquam
1300 1065 1365 1101 fida
1381 1064 1444 1100 fuit
1456 1068 1699 1114 regnisocietas
1716 1092 1727 1106 ,
1751 1081 1818 1104 non
1836 1061 1942 1109 cantur

1066 1115 1123 1149 diu
1146 1116 1190 1149 est
1208 1113 1284 1149 cum
1305 1117 1412 1149 Latini
1427 1128 1643 1162 quererentur
1663 1118 1748 1165 apud
1759 1126 1821 1154 Ta·
1838 1105 1929 1132 Tamis.

1063 1167 1137 1199 tium
1155 1190 1165 1205 ‚
1194 1165 1210 1199 ὲ
1230 1165 1422 1199 domesticis
1440 1164 1501 1199 suis
1522 1164 1668 1211 ipsorum
1689 1169 1822 1214 legatos

1064 1225 1178 1247 contra
1205 1216 1354 1262 gentium
1383 1218 1434 1259 jus
1460 1215 1609 1260 pulsatos
1635 1217 1816 1259 injuriose.

1066 1262 1215 1311 Negligit
1228 1263 1376 1309 querelas
1393 1266 1493 1297 Tatius
1511 1291 1518 1304 ,
1546 1275 1723 1310 propterea
1735 1265 1818 1299 dum

1063 1314 1189 1346 Lavinii
1210 1311 1299 1348 sacris
1309 1313 1511 1361 datoperam
1536 1311 1552 1347 32
1570 1313 1693 1347 Latinis
1710 1317 1817 1349 morti

1063 1360 1204 1395 deditur.

1110 1409 1262 1445 Tantillae
1290 1411 1325 1445 id
1352 1411 1478 1446 facinus
1497 1414 1614 1446 Romulo
1633 1424 1715 1447 cutae
1733 1411 1810 1452 fuit,

1061 1470 1098 1493 ur
1115 1458 1223 1505 aliqufi.
1244 1460 1448 1494 conscicntiae
1465 1463 1612 1494 criminis
1631 1459 1815 1507 suspicione

1061 1509 1167 1541 tacius
1183 1508 1229 1542 fir.
1263 1512 1288 1542 A
1312 1520 1420 1543 morte
1435 1513 1513 1544 Tatii
1534 1510 1618 1543 solus
1631 1512 1750 1544 iterum
1765 1523 1817 1543 re-

1059 1568 1138 1603 gnat
1151 1559 1293 1595 Romulus,
1305 1570 1412 1604 neque
1423 1570 1538 1605 regnat
1550 1558 1655 1594 modo
1678 1582 1688 1599 ‚
1715 1557 1818 1592 sedin

1061 1608 1174 1641 multis
1187 1605 1332 1641 severius.
1347 1607 1387 1641 ad
1401 1610 1540 1641 modum
1559 1609 1686 1653 tyranni
1702 1607 1816 1642 domi-

1060 1666 1158 1689 natur
1178 1670 1186 1689 :
1212 1655 1289 1690 hinc
1308 1657 1430 1691 fastum
1444 1668 1480 1689 ut
1492 1656 1509 1690 εὶ
1523 1657 1658 1689 Parrum
1672 1654 1815 1691 sibime—

1061 1706 1226 1738 tuentinm
1243 1705 1447 1751 primoribus
1469 1704 1506 1738 sit
1535 1705 1722 1752 discerptus.
1759 1707 1813 1740 Ne
1832 1707 1917 1736 Etiam
1959 1747 1962 1754 γ

1061 1753 1139 1787 vero
1154 1754 1311 1788 invidiosa
1330 1753 1434 1788 caedes
1454 1755 1487 1788 in
1504 1753 1620 1800 vulgus
1634 1766 1816 1798 emanaret,
1831 1750 1962 1791 Romulus.

1061 1800 1220 1850 spargitur
1237 1802 1327 1837 fama
1347 1805 1610 1849 circumventum
1625 1802 1816 1839 tenebrico-

1062 1852 1094 1885 so
1108 1851 1245 1886 fulmine
1266 1851 1347 1886 dum
1369 1853 1622 1886 concionaretur
1635 1853 1675 1886 ad
1689 1854 1815 1895 Patres,

1062 1913 1120 1935 nec
1132 1899 1240 1948 postea
1253 1900 1353 1936 visum
1369 1927 1379 1940 ‚
1397 1904 1518 1948 utpote
1539 1914 1640 1948 quem
1656 1904 1764 1948 Iupiter
1775 1904 1812 1938 in

1061 1953 1182 1985 coelurn
1197 1950 1344 1997 raptziffet
1358 1951 1482 1984 Heroa.

1107 2002 1224 2034 Romulo
1243 2013 1314 2047 quae
1332 1999 1512 2034 succederet
1524 1999 1556 2033 in
1570 2001 1728 2048 Regnum
1739 2001 1815 2035 nul-

1058 2046 1087 2081 la
1098 2047 1161 2083 fuit
1173 2052 1282 2096 proles
1293 2063 1344 2085 ‚ex
1359 2049 1510 2082 Patribus
1521 2049 1659 2096 quisque
1672 2062 1813 2098 regnum

1059 2096 1249 2137 affectabat,
1270 2097 1322 2133 sed
1340 2100 1431 2133 alteri
1451 2097 1594 2132 cedebat
1613 2111 1727 2132 nemo.
1757 2101 1814 2132 O-

1059 2159 1152 2182 mnes
1162 2149 1295 2182 tandem
1306 2159 1373 2181 tam
1396 2147 1412 2180 ἐ
1433 2149 1553 2181 Senatu
1567 2146 1664 2192 quam
1676 2145 1808 2192 populo

1056 2194 1269 2229 consentiunt
1280 2198 1313 2228 in
1327 2207 1484 2229 exterum.
1497 2198 1525 2227 Is
1533 2192 1594 2227 fuit
1605 2202 1704 2229 Numa
1715 2199 1808 2230 Pom·
1829 2201 1918 2227 Numa

1058 2245 1139 2288 pilius
1163 2245 1258 2277 curiis
1282 2243 1413 2277 Sabinis
1438 2242 1600 2290 sapientiae
1622 2248 1656 2278 δε
1678 2246 1807 2278 virtutis
1828 2241 1963 2286 Por-apium

1054 2290 1159 2337 glorifi
1170 2290 1302 2327 florens.
1322 2298 1420 2326 Numa
1432 2304 1467 2325 ur
1481 2294 1624 2339 primum
1638 2293 1806 2339 majestatis
1822 2287 1879 2346 pff*
1899 2291 1935 2311 ω’

1055 2339 1190 2374 indutus
1202 2341 1357 2388 insignia,
1372 2344 1571 2375 contrariam
1585 2345 1706 2378 Romulo
1718 2343 1804 2376 viam
1822 2321 1955 2398 ζὲἓέἑῖἷζ,

1055 2388 1191 2423 insistit:
1212 2391 1253 2423 ad
1266 2393 1354 2436 pacis
1367 2401 1450 2424 artes
1460 2392 1489 2425 se
1502 2402 1612 2425 totum
1624 2393 1801 2433 convertit,
1825 2403 1963 2440 immerfim

1055 2450 1161 2484 neque
1175 2437 1238 2473 sinc
1249 2438 1409 2485 succeffu3
1427 2452 1504 2473 nam
1518 2442 1651 2487 integris
1663 2440 1806 2486 quadra·
1961 2432 1964 2442 ¹

1054 2489 1161 2534 ginta,
1177 2487 1296 2535 quibus
1309 2489 1521 2535 imperitabat
1530 2492 1619 2522 aunis
1630 2515 1640 2529 ‚
1667 2490 1806 2523 occlusae

1053 2536 1143 2570 fuere
1152 2539 1216 2571 lani
1225 2534 1310 2571 fores
1325 2551 1332 2571 :
1354 2539 1417 2572 hoc
1430 2537 1486 2584 ipli
1500 2538 1640 2571 obtentu
1654 2537 1804 2584 proclive

1053 2583 1115 2618 fuit
1130 2610 1140 2625 ,
1169 2596 1219 2619 tot
1240 2588 1327 2620 enim
1347 2587 1491 2620 cladibus
1509 2589 1543 2618 δέ
1566 2596 1658 2619 tanto
1682 2596 1806 2621 terrore

1055 2636 1178 2667 vicinos
1197 2635 1346 2680 implevit
1367 2633 1477 2670 nonnuli
1495 2632 1619 2668 ferocia
1641 2660 1650 2673 ‚
1677 2635 1805 2669 utinde

1052 2694 1121 2715 non
1147 2694 1264 2729 magna
1283 2683 1414 2718 restaret
1441 2696 1611 2716 armorum
1639 2681 1805 2730 suspicio:

1053 2732 1155 2774 majus
1166 2734 1199 2765 in
1211 2730 1335 2765 civibus
1346 2731 1406 2766 fuit
1421 2731 1601 2779 periculum
1624 2757 1633 2771 ‚
1659 2745 1805 2778 quorum

1053 2781 1184 2813 animos
1204 2782 1364 2814 continua
1390 2780 1446 2815 sub
1473 2784 1587 2815 Romulo
1609 2782 1691 2815 bella
1705 2793 1805 2827 pror-

1052 2827 1103 2861 sus
1112 2826 1307 2864 efferassent:
1323 2829 1373 2864 his
1387 2831 1701 2865 emolliendisunam
1716 2830 1802 2863 videt
1838 2842 1840 2844 ’

1052 2885 1152 2912 Numa
1178 2877 1369 2924 religionem
1391 2878 1552 2913 sufficere.
1596 2880 1696 2911 Vacat
1722 2878 1799 2925 ergo

1052 2926 1155 2960 cultui
1170 2929 1322 2960 Deorum
1338 2952 1345 2963 ‚
1361 2928 1457 2973 seque
1472 2924 1670 2960 &subditos
1689 2924 1806 2972 supcr-

1053 2974 1240 3009 stitionibus
1254 2977 1441 3024 immergit.
1479 2974 1670 3020 Digreditur
1689 2978 1804 3020 quoti-

1052 3026 1104 3058 die
1115 3025 1222 3072 palam
1235 3023 1388 3058 inlucum
1402 3050 1412 3065 ,
1433 3023 1488 3057 ubi
1516 3026 1623 3057 lecum
1646 3025 1805 3072 congredi

1054 3074 1208 3107 mentitur
1221 3073 1410 3119 Nympham
1425 3075 1605 3119 &Egerizmn
1616 3078 1647 3108 ἃ·
1660 3074 1803 3108 edocere

1051 3121 1216 3169 sigillatim
1242 3134 1329 3168 qnos
1355 3120 1492 3168 quisque
1509 3123 1654 3156 Deorum
1682 3125 1713 3155 in
1742 3121 1804 3155 suis

1051 3170 1150 3206 sacris
1167 3172 1247 3206 ritus
1265 3183 1389 3206 amaret
1416 3185 1425 3207 ς
1450 3171 1544 3217 hujus
1566 3184 1603 3207 ex
1622 3184 1676 3206 ore
1695 3172 1804 3215 Nym-

1350 3229 1352 3231 *
1733 3229 1804 3265 pnae
