<?xml version="1.0" encoding="UTF-8"?>
<!DOCTYPE html PUBLIC "-//W3C//DTD XHTML 1.0 Transitional//EN"
    "http://www.w3.org/TR/xhtml1/DTD/xhtml1-transitional.dtd">
<html xmlns="http://www.w3.org/1999/xhtml" xml:lang="en" lang="en">
 <head>
  <title>
</title>
<meta http-equiv="Content-Type" content="text/html;charset=utf-8" />
  <meta name='ocr-system' content='tesseract 3.04.00' />
  <meta name='ocr-capabilities' content='ocr_page ocr_carea ocr_par ocr_line ocrx_word'/>
</head>
<body>
  <div class='ocr_page' id='page_1' title='image "./operishistoricie00bail_0276.png"; bbox 0 0 2048 3343; ppageno 0'>
   <div class='ocr_carea' id='block_1_1' title="bbox 301 91 955 163">
    <p class='ocr_par' dir='ltr' id='par_1_1' title="bbox 301 91 955 163">
     <span class='ocr_line' id='line_1_1' title="bbox 301 91 955 163; baseline -0.006 -16"><span class='ocrx_word' id='word_1_1' title='bbox 301 124 375 163; x_wconf 73' lang='lat'>245</span> <span class='ocrx_word' id='word_1_2' title='bbox 643 91 955 148; x_wconf 49' lang='lat' dir='ltr'>Op&#39;eaxs</span> 
     </span>
    </p>
   </div>
   <div class='ocr_carea' id='block_1_2' title="bbox 298 180 1066 2060">
    <p class='ocr_par' dir='ltr' id='par_1_2' title="bbox 298 180 1066 2060">
     <span class='ocr_line' id='line_1_2' title="bbox 298 180 1052 235; baseline -0.017 -10"><span class='ocrx_word' id='word_1_3' title='bbox 298 202 372 225; x_wconf 88' lang='lat' dir='ltr'>mus</span> <span class='ocrx_word' id='word_1_4' title='bbox 383 187 491 235; x_wconf 88' lang='lat' dir='ltr'>spatio.</span> <span class='ocrx_word' id='word_1_5' title='bbox 517 184 695 221; x_wconf 70' lang='lat' dir='ltr'><em>Alexander</em></span> <span class='ocrx_word' id='word_1_6' title='bbox 712 183 844 219; x_wconf 84' lang='lat' dir='ltr'><em>Macedo</em></span> <span class='ocrx_word' id='word_1_7' title='bbox 865 182 922 229; x_wconf 87' lang='lat' dir='ltr'>qui</span> <span class='ocrx_word' id='word_1_8' title='bbox 943 180 1052 216; x_wconf 58' lang='lat' dir='ltr'>visto-</span> 
     </span>
     <span class='ocr_line' id='line_1_3' title="bbox 299 233 1054 283; baseline -0.015 -10"><span class='ocrx_word' id='word_1_9' title='bbox 299 242 418 274; x_wconf 87' lang='lat' dir='ltr'>riarum</span> <span class='ocrx_word' id='word_1_10' title='bbox 434 235 683 283; x_wconf 78' lang='lat' dir='ltr'>magnitudine,</span> <span class='ocrx_word' id='word_1_11' title='bbox 709 233 916 268; x_wconf 84' lang='lat' dir='ltr'>multitudine</span> <span class='ocrx_word' id='word_1_12' title='bbox 929 254 938 270; x_wconf 89' lang='lat'>‚</span> <span class='ocrx_word' id='word_1_13' title='bbox 958 234 988 263; x_wconf 91' lang='lat'>&amp;</span> <span class='ocrx_word' id='word_1_14' title='bbox 1005 242 1054 263; x_wconf 91' lang='lat' dir='ltr'>ce-</span> 
     </span>
     <span class='ocr_line' id='line_1_4' title="bbox 302 279 1053 330; baseline -0.013 -9"><span class='ocrx_word' id='word_1_15' title='bbox 302 288 427 323; x_wconf 87' lang='lat' dir='ltr'>leritate</span> <span class='ocrx_word' id='word_1_16' title='bbox 440 287 575 320; x_wconf 59' lang='lat' dir='ltr'>cunstos</span> <span class='ocrx_word' id='word_1_17' title='bbox 587 284 739 319; x_wconf 79' lang='lat' dir='ltr'>mortales</span> <span class='ocrx_word' id='word_1_18' title='bbox 758 282 860 330; x_wconf 74' lang='lat' dir='ltr'>longe</span> <span class='ocrx_word' id='word_1_19' title='bbox 871 279 1030 326; x_wconf 87' lang='lat' dir='ltr'>superavit</span> <span class='ocrx_word' id='word_1_20' title='bbox 1043 303 1053 318; x_wconf 90' lang='lat'>,</span> 
     </span>
     <span class='ocr_line' id='line_1_5' title="bbox 302 326 1055 384; baseline -0.015 -12"><span class='ocrx_word' id='word_1_21' title='bbox 302 340 337 372; x_wconf 87' lang='lat' dir='ltr'>in</span> <span class='ocrx_word' id='word_1_22' title='bbox 358 333 579 384; x_wconf 64' lang='lat' dir='ltr'>perdomandfi</span> <span class='ocrx_word' id='word_1_23' title='bbox 604 332 751 383; x_wconf 58' lang='lat' dir='ltr'>aliquota</span> <span class='ocrx_word' id='word_1_24' title='bbox 786 332 866 367; x_wconf 84' lang='lat' dir='ltr'>Afiae</span> <span class='ocrx_word' id='word_1_25' title='bbox 898 333 933 364; x_wconf 69' lang='grc' dir='ltr'>ὅ(</span> <span class='ocrx_word' id='word_1_26' title='bbox 961 326 1055 377; x_wconf 67' lang='grc' dir='ltr'>Ρειτνὲ,</span> 
     </span>
     <span class='ocr_line' id='line_1_6' title="bbox 303 378 1052 433; baseline -0.011 -12"><span class='ocrx_word' id='word_1_27' title='bbox 303 386 421 421; x_wconf 83' lang='lat' dir='ltr'>Africae</span> <span class='ocrx_word' id='word_1_28' title='bbox 440 396 526 433; x_wconf 86' lang='lat' dir='ltr'>parte</span> <span class='ocrx_word' id='word_1_29' title='bbox 551 396 656 419; x_wconf 88' lang='lat' dir='ltr'>annos</span> <span class='ocrx_word' id='word_1_30' title='bbox 673 381 849 417; x_wconf 85' lang='lat' dir='ltr'>duodecim</span> <span class='ocrx_word' id='word_1_31' title='bbox 875 378 1052 426; x_wconf 74' lang='lat' dir='ltr'>insumpsit.</span> 
     </span>
     <span class='ocr_line' id='line_1_7' title="bbox 301 433 1056 483; baseline -0.012 -14"><span class='ocrx_word' id='word_1_32' title='bbox 301 434 430 483; x_wconf 89' lang='lat' dir='ltr'>Ecquid</span> <span class='ocrx_word' id='word_1_33' title='bbox 450 434 554 470; x_wconf 84' lang='lat' dir='ltr'>homo</span> <span class='ocrx_word' id='word_1_34' title='bbox 572 435 627 469; x_wconf 87' lang='lat' dir='ltr'>ille</span> <span class='ocrx_word' id='word_1_35' title='bbox 645 433 888 480; x_wconf 88' lang='lat' dir='ltr'>peccatitotum</span> <span class='ocrx_word' id='word_1_36' title='bbox 901 440 1056 464; x_wconf 87' lang='lat' dir='ltr'>terrarum</span> 
     </span>
     <span class='ocr_line' id='line_1_8' title="bbox 304 477 1056 532; baseline -0.012 -13"><span class='ocrx_word' id='word_1_37' title='bbox 304 485 418 520; x_wconf 87' lang='lat' dir='ltr'>orbem</span> <span class='ocrx_word' id='word_1_38' title='bbox 431 484 535 518; x_wconf 78' lang='lat' dir='ltr'>tribus</span> <span class='ocrx_word' id='word_1_39' title='bbox 545 485 640 518; x_wconf 89' lang='lat' dir='ltr'>annis</span> <span class='ocrx_word' id='word_1_40' title='bbox 655 486 688 517; x_wconf 87' lang='lat'>&amp;</span> <span class='ocrx_word' id='word_1_41' title='bbox 699 482 836 517; x_wconf 89' lang='lat' dir='ltr'>dimidio</span> <span class='ocrx_word' id='word_1_42' title='bbox 848 477 1056 532; x_wconf 73' lang='lat' dir='ltr'>subjugabit?</span> 
     </span>
     <span class='ocr_line' id='line_1_9' title="bbox 303 533 1056 582; baseline -0.013 -13"><span class='ocrx_word' id='word_1_43' title='bbox 303 534 494 581; x_wconf 88' lang='lat' dir='ltr'>Judaeorum</span> <span class='ocrx_word' id='word_1_44' title='bbox 521 544 653 581; x_wconf 82' lang='lat' dir='ltr'>gentem</span> <span class='ocrx_word' id='word_1_45' title='bbox 666 557 676 573; x_wconf 95' lang='lat'>‚</span> <span class='ocrx_word' id='word_1_46' title='bbox 704 533 877 566; x_wconf 86' lang='lat' dir='ltr'>nationum</span> <span class='ocrx_word' id='word_1_47' title='bbox 903 537 1056 582; x_wconf 80' lang='lat' dir='ltr'>omnium</span> 
     </span>
     <span class='ocr_line' id='line_1_10' title="bbox 305 579 1058 630; baseline -0.017 -11"><span class='ocrx_word' id='word_1_48' title='bbox 305 596 376 630; x_wconf 78' lang='lat' dir='ltr'>quae</span> <span class='ocrx_word' id='word_1_49' title='bbox 389 583 485 618; x_wconf 84' lang='lat' dir='ltr'>hodie</span> <span class='ocrx_word' id='word_1_50' title='bbox 496 583 530 617; x_wconf 85' lang='lat' dir='ltr'>in</span> <span class='ocrx_word' id='word_1_51' title='bbox 541 584 632 617; x_wconf 86' lang='lat' dir='ltr'>terris</span> <span class='ocrx_word' id='word_1_52' title='bbox 647 584 761 616; x_wconf 83' lang='lat' dir='ltr'>vivunt</span> <span class='ocrx_word' id='word_1_53' title='bbox 781 579 845 613; x_wconf 85' lang='lat' dir='ltr'>sine</span> <span class='ocrx_word' id='word_1_54' title='bbox 856 588 920 623; x_wconf 84' lang='lat' dir='ltr'>pari</span> <span class='ocrx_word' id='word_1_55' title='bbox 939 586 1058 608; x_wconf 88' lang='lat' dir='ltr'>nume-</span> 
     </span>
     <span class='ocr_line' id='line_1_11' title="bbox 303 625 1058 678; baseline -0.013 -12"><span class='ocrx_word' id='word_1_56' title='bbox 303 632 492 668; x_wconf 75' lang='lat' dir='ltr'>rosiss&#39;imam</span> <span class='ocrx_word' id='word_1_57' title='bbox 506 656 515 672; x_wconf 90' lang='lat'>‚</span> <span class='ocrx_word' id='word_1_58' title='bbox 534 630 635 678; x_wconf 71' lang='lat' dir='ltr'>longe</span> <span class='ocrx_word' id='word_1_59' title='bbox 649 628 776 675; x_wconf 71' lang='lat' dir='ltr'>lateque</span> <span class='ocrx_word' id='word_1_60' title='bbox 797 638 854 672; x_wconf 88' lang='lat' dir='ltr'>per</span> <span class='ocrx_word' id='word_1_61' title='bbox 871 625 1035 669; x_wconf 82' lang='lat' dir='ltr'>Europam</span> <span class='ocrx_word' id='word_1_62' title='bbox 1048 647 1058 664; x_wconf 89' lang='lat'><strong>,</strong></span> 
     </span>
     <span class='ocr_line' id='line_1_12' title="bbox 302 672 1059 721; baseline -0.012 -3"><span class='ocrx_word' id='word_1_63' title='bbox 302 682 450 717; x_wconf 80' lang='lat' dir='ltr'>Africam</span> <span class='ocrx_word' id='word_1_64' title='bbox 463 706 472 721; x_wconf 88' lang='lat'>,</span> <span class='ocrx_word' id='word_1_65' title='bbox 488 682 592 716; x_wconf 86' lang='lat' dir='ltr'>Asiam</span> <span class='ocrx_word' id='word_1_66' title='bbox 607 705 614 716; x_wconf 93' lang='lat'>‚</span> <span class='ocrx_word' id='word_1_67' title='bbox 635 683 669 713; x_wconf 86' lang='lat'>&amp;</span> <span class='ocrx_word' id='word_1_68' title='bbox 684 677 863 711; x_wconf 85' lang='lat' dir='ltr'>Americarn</span> <span class='ocrx_word' id='word_1_69' title='bbox 875 672 1059 721; x_wconf 81' lang='lat' dir='ltr'>dispersam,</span> 
     </span>
     <span class='ocr_line' id='line_1_13' title="bbox 304 723 1058 767; baseline -0.013 -1"><span class='ocrx_word' id='word_1_70' title='bbox 304 732 345 767; x_wconf 86' lang='lat' dir='ltr'>ab</span> <span class='ocrx_word' id='word_1_71' title='bbox 357 728 543 767; x_wconf 63' lang='lat' dir='ltr'>Antichristo</span> <span class='ocrx_word' id='word_1_72' title='bbox 557 732 590 763; x_wconf 91' lang='lat' dir='ltr'>in</span> <span class='ocrx_word' id='word_1_73' title='bbox 609 727 699 762; x_wconf 80' lang='lat' dir='ltr'>suam</span> <span class='ocrx_word' id='word_1_74' title='bbox 712 726 909 760; x_wconf 86' lang='lat' dir='ltr'>teterrimam</span> <span class='ocrx_word' id='word_1_75' title='bbox 928 723 1058 757; x_wconf 82' lang='lat' dir='ltr'>liaeresin</span> 
     </span>
     <span class='ocr_line' id='line_1_14' title="bbox 305 773 1059 823; baseline -0.013 -7"><span class='ocrx_word' id='word_1_76' title='bbox 305 779 573 816; x_wconf 85' lang='lat' dir='ltr'>&amp;Idololatriam</span> <span class='ocrx_word' id='word_1_77' title='bbox 590 776 704 811; x_wconf 88' lang='lat' dir='ltr'>codem</span> <span class='ocrx_word' id='word_1_78' title='bbox 722 775 826 823; x_wconf 87' lang='lat' dir='ltr'>spatio</span> <span class='ocrx_word' id='word_1_79' title='bbox 838 773 978 821; x_wconf 87' lang='lat' dir='ltr'>pertrahi</span> <span class='ocrx_word' id='word_1_80' title='bbox 995 785 1059 807; x_wconf 82' lang='lat' dir='ltr'>vo-</span> 
     </span>
     <span class='ocr_line' id='line_1_15' title="bbox 302 824 1059 870; baseline -0.015 -5"><span class='ocrx_word' id='word_1_81' title='bbox 302 832 377 865; x_wconf 89' lang='lat' dir='ltr'>lunt</span> <span class='ocrx_word' id='word_1_82' title='bbox 389 854 397 866; x_wconf 94' lang='lat'>‚</span> <span class='ocrx_word' id='word_1_83' title='bbox 424 831 519 863; x_wconf 89' lang='lat' dir='ltr'>etiam</span> <span class='ocrx_word' id='word_1_84' title='bbox 530 838 604 869; x_wconf 85' lang='lat' dir='ltr'>ante</span> <span class='ocrx_word' id='word_1_85' title='bbox 619 824 810 860; x_wconf 85' lang='lat' dir='ltr'>inchoatum</span> <span class='ocrx_word' id='word_1_86' title='bbox 821 834 933 858; x_wconf 88' lang='lat' dir='ltr'>contra</span> <span class='ocrx_word' id='word_1_87' title='bbox 945 832 1059 870; x_wconf 84' lang='lat' dir='ltr'>gentes</span> 
     </span>
     <span class='ocr_line' id='line_1_16' title="bbox 302 869 1058 920; baseline -0.012 -7"><span class='ocrx_word' id='word_1_88' title='bbox 302 880 437 913; x_wconf 88' lang='lat' dir='ltr'>bellum.</span> <span class='ocrx_word' id='word_1_89' title='bbox 463 881 518 911; x_wconf 87' lang='lat' dir='ltr'>An</span> <span class='ocrx_word' id='word_1_90' title='bbox 530 874 672 911; x_wconf 88' lang='lat' dir='ltr'>mundus</span> <span class='ocrx_word' id='word_1_91' title='bbox 683 875 738 909; x_wconf 90' lang='lat' dir='ltr'>ille</span> <span class='ocrx_word' id='word_1_92' title='bbox 751 873 936 920; x_wconf 64' lang='lat' dir='ltr'>judaeorum</span> <span class='ocrx_word' id='word_1_93' title='bbox 949 897 958 912; x_wconf 92' lang='lat'>‚</span> <span class='ocrx_word' id='word_1_94' title='bbox 971 869 1058 905; x_wconf 89' lang='lat' dir='ltr'>infa-</span> 
     </span>
     <span class='ocr_line' id='line_1_17' title="bbox 300 921 1056 962; baseline -0.011 0"><span class='ocrx_word' id='word_1_95' title='bbox 300 930 361 962; x_wconf 86' lang='lat' dir='ltr'>mis</span> <span class='ocrx_word' id='word_1_96' title='bbox 387 938 460 961; x_wconf 88' lang='lat' dir='ltr'>ante</span> <span class='ocrx_word' id='word_1_97' title='bbox 481 938 598 961; x_wconf 89' lang='lat' dir='ltr'>omnes</span> <span class='ocrx_word' id='word_1_98' title='bbox 625 923 780 959; x_wconf 78' lang='lat' dir='ltr'>mortales</span> <span class='ocrx_word' id='word_1_99' title='bbox 810 921 1034 957; x_wconf 79' lang='lat' dir='ltr'>obstinatione</span> <span class='ocrx_word' id='word_1_100' title='bbox 1045 945 1056 960; x_wconf 95' lang='lat'><em>‚</em></span> 
     </span>
     <span class='ocr_line' id='line_1_18' title="bbox 299 971 1059 1025; baseline -0.011 -13"><span class='ocrx_word' id='word_1_101' title='bbox 299 976 473 1025; x_wconf 75' lang='lat' dir='ltr'>cordisque</span> <span class='ocrx_word' id='word_1_102' title='bbox 495 976 535 1010; x_wconf 87' lang='lat' dir='ltr'>ad</span> <span class='ocrx_word' id='word_1_103' title='bbox 555 976 730 1022; x_wconf 85' lang='lat' dir='ltr'>quicquam</span> <span class='ocrx_word' id='word_1_104' title='bbox 752 972 953 1007; x_wconf 85' lang='lat' dir='ltr'>credendum</span> <span class='ocrx_word' id='word_1_105' title='bbox 971 971 1059 1005; x_wconf 91' lang='lat' dir='ltr'>duri-</span> 
     </span>
     <span class='ocr_line' id='line_1_19' title="bbox 299 1020 1058 1074; baseline -0.011 -13"><span class='ocrx_word' id='word_1_106' title='bbox 299 1028 366 1067; x_wconf 89' lang='lat' dir='ltr'>tie;</span> <span class='ocrx_word' id='word_1_107' title='bbox 385 1026 590 1074; x_wconf 76' lang='lat' dir='ltr'>peculiariter</span> <span class='ocrx_word' id='word_1_108' title='bbox 613 1023 654 1058; x_wconf 87' lang='lat' dir='ltr'>ab</span> <span class='ocrx_word' id='word_1_109' title='bbox 671 1020 858 1063; x_wconf 53' lang='lat' dir='ltr'>Idololatria}</span> <span class='ocrx_word' id='word_1_110' title='bbox 876 1021 945 1069; x_wconf 88' lang='lat' dir='ltr'>post</span> <span class='ocrx_word' id='word_1_111' title='bbox 963 1021 1058 1069; x_wconf 88' lang='lat' dir='ltr'>primi</span> 
     </span>
     <span class='ocr_line' id='line_1_20' title="bbox 302 1070 1060 1123; baseline -0.009 -12"><span class='ocrx_word' id='word_1_112' title='bbox 302 1073 620 1123; x_wconf 85' lang='lat' dir='ltr'>templiincendiuni</span> <span class='ocrx_word' id='word_1_113' title='bbox 641 1073 821 1107; x_wconf 83' lang='lat' dir='ltr'>abhorrens</span> <span class='ocrx_word' id='word_1_114' title='bbox 834 1097 845 1112; x_wconf 90' lang='lat'><em>,</em></span> <span class='ocrx_word' id='word_1_115' title='bbox 864 1084 963 1118; x_wconf 86' lang='lat' dir='ltr'>parvo</span> <span class='ocrx_word' id='word_1_116' title='bbox 980 1070 1060 1105; x_wconf 88' lang='lat' dir='ltr'>adeo</span> 
     </span>
     <span class='ocr_line' id='line_1_21' title="bbox 303 1118 1061 1172; baseline -0.009 -12"><span class='ocrx_word' id='word_1_117' title='bbox 303 1127 464 1172; x_wconf 84' lang='lat' dir='ltr'>temporis</span> <span class='ocrx_word' id='word_1_118' title='bbox 474 1135 650 1158; x_wconf 88' lang='lat' dir='ltr'>momento</span> <span class='ocrx_word' id='word_1_119' title='bbox 663 1134 766 1157; x_wconf 89' lang='lat' dir='ltr'>totam</span> <span class='ocrx_word' id='word_1_120' title='bbox 779 1119 955 1164; x_wconf 77' lang='lat' dir='ltr'>Antichristi</span> <span class='ocrx_word' id='word_1_121' title='bbox 964 1118 1061 1167; x_wconf 87' lang='lat' dir='ltr'>perfi-</span> 
     </span>
     <span class='ocr_line' id='line_1_22' title="bbox 303 1170 1062 1215; baseline -0.008 -6"><span class='ocrx_word' id='word_1_122' title='bbox 303 1176 389 1210; x_wconf 89' lang='lat' dir='ltr'>diam</span> <span class='ocrx_word' id='word_1_123' title='bbox 402 1200 411 1215; x_wconf 87' lang='lat'>‚</span> <span class='ocrx_word' id='word_1_124' title='bbox 424 1178 455 1209; x_wconf 90' lang='lat'>&amp;</span> <span class='ocrx_word' id='word_1_125' title='bbox 467 1172 742 1208; x_wconf 74' lang='lat' dir='ltr'>horribilissimam</span> <span class='ocrx_word' id='word_1_126' title='bbox 754 1172 977 1206; x_wconf 83' lang='lat' dir='ltr'>Idololatriam</span> <span class='ocrx_word' id='word_1_127' title='bbox 991 1170 1062 1204; x_wconf 89' lang='lat' dir='ltr'>uni·</span> 
     </span>
     <span class='ocr_line' id='line_1_23' title="bbox 305 1217 1060 1272; baseline -0.009 -13"><span class='ocrx_word' id='word_1_128' title='bbox 305 1223 410 1259; x_wconf 90' lang='lat' dir='ltr'>versus</span> <span class='ocrx_word' id='word_1_129' title='bbox 425 1221 664 1272; x_wconf 81' lang='lat' dir='ltr'>persuadebitur</span> <span class='ocrx_word' id='word_1_130' title='bbox 679 1222 856 1269; x_wconf 71' lang='lat' dir='ltr'>ampleffi?</span> <span class='ocrx_word' id='word_1_131' title='bbox 882 1217 1060 1255; x_wconf 62' lang='lat' dir='ltr'>chrissus&amp;</span> 
     </span>
     <span class='ocr_line' id='line_1_24' title="bbox 304 1271 1062 1320; baseline -0.009 -12"><span class='ocrx_word' id='word_1_132' title='bbox 304 1273 459 1320; x_wconf 82' lang='lat' dir='ltr'>Apostoli</span> <span class='ocrx_word' id='word_1_133' title='bbox 480 1272 673 1307; x_wconf 58' lang='lat' dir='ltr'>miraculos&amp;</span> <span class='ocrx_word' id='word_1_134' title='bbox 696 1273 832 1319; x_wconf 85' lang='lat' dir='ltr'>Spiritus</span> <span class='ocrx_word' id='word_1_135' title='bbox 851 1271 957 1304; x_wconf 68' lang='lat' dir='ltr'>Saneti</span> <span class='ocrx_word' id='word_1_136' title='bbox 985 1281 1062 1316; x_wconf 77' lang='lat' dir='ltr'>prae-</span> 
     </span>
     <span class='ocr_line' id='line_1_25' title="bbox 305 1318 1063 1357; baseline -0.007 -1"><span class='ocrx_word' id='word_1_137' title='bbox 305 1322 405 1357; x_wconf 69' lang='lat' dir='ltr'>sentifi</span> <span class='ocrx_word' id='word_1_138' title='bbox 417 1323 540 1356; x_wconf 88' lang='lat' dir='ltr'>multos</span> <span class='ocrx_word' id='word_1_139' title='bbox 559 1334 661 1356; x_wconf 90' lang='lat' dir='ltr'>annos</span> <span class='ocrx_word' id='word_1_140' title='bbox 675 1323 835 1355; x_wconf 88' lang='lat' dir='ltr'>triverunt</span> <span class='ocrx_word' id='word_1_141' title='bbox 854 1321 887 1353; x_wconf 89' lang='lat' dir='ltr'>in</span> <span class='ocrx_word' id='word_1_142' title='bbox 900 1318 1063 1353; x_wconf 83' lang='lat' dir='ltr'>adducen—</span> 
     </span>
     <span class='ocr_line' id='line_1_26' title="bbox 303 1367 1061 1419; baseline -0.008 -13"><span class='ocrx_word' id='word_1_143' title='bbox 303 1371 342 1406; x_wconf 63' lang='lat' dir='ltr'>da</span> <span class='ocrx_word' id='word_1_144' title='bbox 353 1371 470 1406; x_wconf 87' lang='lat' dir='ltr'>mundi</span> <span class='ocrx_word' id='word_1_145' title='bbox 481 1382 568 1419; x_wconf 87' lang='lat' dir='ltr'>parte</span> <span class='ocrx_word' id='word_1_146' title='bbox 579 1370 618 1405; x_wconf 81' lang='lat' dir='ltr'>ad</span> <span class='ocrx_word' id='word_1_147' title='bbox 634 1383 741 1404; x_wconf 88' lang='lat' dir='ltr'>veram</span> <span class='ocrx_word' id='word_1_148' title='bbox 752 1367 850 1403; x_wconf 84' lang='lat' dir='ltr'>fidem</span> <span class='ocrx_word' id='word_1_149' title='bbox 865 1381 871 1404; x_wconf 94' lang='lat'><strong>:</strong></span> <span class='ocrx_word' id='word_1_150' title='bbox 899 1367 1061 1415; x_wconf 89' lang='lat' dir='ltr'>Nunquid</span> 
     </span>
     <span class='ocr_line' id='line_1_27' title="bbox 302 1416 1061 1467; baseline -0.009 -11"><span class='ocrx_word' id='word_1_151' title='bbox 302 1421 485 1456; x_wconf 87' lang='lat' dir='ltr'>Diabolicae</span> <span class='ocrx_word' id='word_1_152' title='bbox 516 1416 700 1456; x_wconf 65' lang='lat' dir='ltr'>Antichriffi</span> <span class='ocrx_word' id='word_1_153' title='bbox 731 1419 890 1467; x_wconf 79' lang='lat' dir='ltr'>praestigiae</span> <span class='ocrx_word' id='word_1_154' title='bbox 917 1417 1061 1452; x_wconf 88' lang='lat' dir='ltr'>divinam</span> 
     </span>
     <span class='ocr_line' id='line_1_28' title="bbox 304 1465 1064 1518; baseline -0.008 -13"><span class='ocrx_word' id='word_1_155' title='bbox 304 1472 461 1505; x_wconf 89' lang='lat' dir='ltr'>virtutem</span> <span class='ocrx_word' id='word_1_156' title='bbox 481 1480 547 1504; x_wconf 91' lang='lat' dir='ltr'>tam</span> <span class='ocrx_word' id='word_1_157' title='bbox 569 1469 671 1518; x_wconf 68' lang='lat' dir='ltr'>longe</span> <span class='ocrx_word' id='word_1_158' title='bbox 689 1468 903 1515; x_wconf 81' lang='lat' dir='ltr'>superabunt?</span> <span class='ocrx_word' id='word_1_159' title='bbox 929 1465 1064 1501; x_wconf 75' lang='lat' dir='ltr'>Solamen</span> 
     </span>
     <span class='ocr_line' id='line_1_29' title="bbox 305 1516 1064 1568; baseline -0.007 -13"><span class='ocrx_word' id='word_1_160' title='bbox 305 1521 443 1568; x_wconf 85' lang='lat' dir='ltr'>Regum</span> <span class='ocrx_word' id='word_1_161' title='bbox 455 1518 625 1554; x_wconf 73' lang='lat' dir='ltr'>ditissimus</span> <span class='ocrx_word' id='word_1_162' title='bbox 639 1523 671 1553; x_wconf 75' lang='grc' dir='ltr'>δε</span> <span class='ocrx_word' id='word_1_163' title='bbox 688 1516 939 1565; x_wconf 80' lang='lat' dir='ltr'>sapientissimus</span> <span class='ocrx_word' id='word_1_164' title='bbox 951 1527 1064 1551; x_wconf 88' lang='lat' dir='ltr'>cente-</span> 
     </span>
     <span class='ocr_line' id='line_1_30' title="bbox 306 1567 1063 1616; baseline -0.004 -12"><span class='ocrx_word' id='word_1_165' title='bbox 306 1570 355 1604; x_wconf 91' lang='lat' dir='ltr'>nis</span> <span class='ocrx_word' id='word_1_166' title='bbox 367 1570 494 1616; x_wconf 85' lang='lat' dir='ltr'>aliquot</span> <span class='ocrx_word' id='word_1_167' title='bbox 510 1580 681 1616; x_wconf 88' lang='lat' dir='ltr'>operarum</span> <span class='ocrx_word' id='word_1_168' title='bbox 693 1567 840 1602; x_wconf 89' lang='lat' dir='ltr'>millibus</span> <span class='ocrx_word' id='word_1_169' title='bbox 852 1568 1012 1614; x_wconf 87' lang='lat' dir='ltr'>templum</span> <span class='ocrx_word' id='word_1_170' title='bbox 1031 1570 1063 1601; x_wconf 75' lang='grc' dir='ltr'>δε</span> 
     </span>
     <span class='ocr_line' id='line_1_31' title="bbox 307 1616 1064 1665; baseline -0.004 -12"><span class='ocrx_word' id='word_1_171' title='bbox 307 1619 445 1665; x_wconf 83' lang='lat' dir='ltr'>Regiam</span> <span class='ocrx_word' id='word_1_172' title='bbox 458 1618 597 1653; x_wconf 89' lang='lat' dir='ltr'>domum</span> <span class='ocrx_word' id='word_1_173' title='bbox 608 1630 679 1652; x_wconf 89' lang='lat' dir='ltr'>non</span> <span class='ocrx_word' id='word_1_174' title='bbox 694 1616 750 1651; x_wconf 86' lang='lat' dir='ltr'>nisi</span> <span class='ocrx_word' id='word_1_175' title='bbox 771 1617 861 1651; x_wconf 84' lang='lat' dir='ltr'>annis</span> <span class='ocrx_word' id='word_1_176' title='bbox 880 1629 945 1651; x_wconf 90' lang='lat' dir='ltr'>uno</span> <span class='ocrx_word' id='word_1_177' title='bbox 967 1619 1002 1650; x_wconf 89' lang='lat'>&amp;</span> <span class='ocrx_word' id='word_1_178' title='bbox 1014 1617 1064 1651; x_wconf 89' lang='lat' dir='ltr'>vi-</span> 
     </span>
     <span class='ocr_line' id='line_1_32' title="bbox 305 1664 1064 1717; baseline -0.003 -16"><span class='ocrx_word' id='word_1_179' title='bbox 305 1669 390 1717; x_wconf 87' lang='lat' dir='ltr'>ginti</span> <span class='ocrx_word' id='word_1_180' title='bbox 411 1669 515 1703; x_wconf 84' lang='lat' dir='ltr'>valuit</span> <span class='ocrx_word' id='word_1_181' title='bbox 540 1664 662 1715; x_wconf 86' lang='lat' dir='ltr'>erigere</span> <span class='ocrx_word' id='word_1_182' title='bbox 684 1680 693 1707; x_wconf 79' lang='lat'><em>3</em></span> <span class='ocrx_word' id='word_1_183' title='bbox 725 1668 816 1702; x_wconf 90' lang='lat' dir='ltr'>Num</span> <span class='ocrx_word' id='word_1_184' title='bbox 843 1666 896 1700; x_wconf 89' lang='lat' dir='ltr'>hic</span> <span class='ocrx_word' id='word_1_185' title='bbox 922 1677 1064 1712; x_wconf 80' lang='lat' dir='ltr'>nequam</span> 
     </span>
     <span class='ocr_line' id='line_1_33' title="bbox 304 1714 1066 1763; baseline -0.004 -12"><span class='ocrx_word' id='word_1_186' title='bbox 304 1729 374 1752; x_wconf 87' lang='lat' dir='ltr'>tam</span> <span class='ocrx_word' id='word_1_187' title='bbox 387 1717 514 1753; x_wconf 63' lang='lat' dir='ltr'>minutii</span> <span class='ocrx_word' id='word_1_188' title='bbox 526 1717 571 1752; x_wconf 86' lang='lat' dir='ltr'>sui</span> <span class='ocrx_word' id='word_1_189' title='bbox 582 1717 714 1751; x_wconf 89' lang='lat' dir='ltr'>triennii</span> <span class='ocrx_word' id='word_1_190' title='bbox 725 1720 758 1750; x_wconf 66' lang='grc' dir='ltr'>δέ</span> <span class='ocrx_word' id='word_1_191' title='bbox 771 1714 903 1751; x_wconf 80' lang='lat' dir='ltr'>semissis</span> <span class='ocrx_word' id='word_1_192' title='bbox 913 1714 1066 1763; x_wconf 62' lang='lat' dir='ltr'>particula</span> 
     </span>
     <span class='ocr_line' id='line_1_34' title="bbox 302 1766 1066 1815; baseline -0.004 -13"><span class='ocrx_word' id='word_1_193' title='bbox 302 1770 464 1815; x_wconf 86' lang='lat' dir='ltr'>templum</span> <span class='ocrx_word' id='word_1_194' title='bbox 478 1771 510 1803; x_wconf 73' lang='grc' dir='ltr'>δι</span> <span class='ocrx_word' id='word_1_195' title='bbox 524 1768 629 1814; x_wconf 85' lang='lat' dir='ltr'>Regia</span> <span class='ocrx_word' id='word_1_196' title='bbox 641 1767 762 1813; x_wconf 86' lang='lat' dir='ltr'>palatia</span> <span class='ocrx_word' id='word_1_197' title='bbox 774 1790 783 1806; x_wconf 90' lang='lat'><em>,</em></span> <span class='ocrx_word' id='word_1_198' title='bbox 803 1776 974 1813; x_wconf 88' lang='lat' dir='ltr'>totamque</span> <span class='ocrx_word' id='word_1_199' title='bbox 985 1766 1066 1799; x_wconf 87' lang='lat' dir='ltr'>Hie-</span> 
     </span>
     <span class='ocr_line' id='line_1_35' title="bbox 309 1813 1065 1864; baseline -0.004 -13"><span class='ocrx_word' id='word_1_200' title='bbox 309 1816 506 1864; x_wconf 86' lang='lat' dir='ltr'>rosolymam</span> <span class='ocrx_word' id='word_1_201' title='bbox 546 1814 867 1864; x_wconf 69' lang='lat' dir='ltr'>magnificentiffime</span> <span class='ocrx_word' id='word_1_202' title='bbox 895 1813 913 1847; x_wconf 75' lang='lat' dir='ltr'>:i</span> <span class='ocrx_word' id='word_1_203' title='bbox 946 1813 1065 1849; x_wconf 87' lang='lat' dir='ltr'>funda-</span> 
     </span>
     <span class='ocr_line' id='line_1_36' title="bbox 308 1863 1065 1913; baseline -0.004 -13"><span class='ocrx_word' id='word_1_204' title='bbox 308 1869 429 1901; x_wconf 86' lang='lat' dir='ltr'>mentis</span> <span class='ocrx_word' id='word_1_205' title='bbox 460 1865 658 1902; x_wconf 82' lang='lat' dir='ltr'>exaedificata</span> <span class='ocrx_word' id='word_1_206' title='bbox 692 1864 838 1913; x_wconf 84' lang='lat' dir='ltr'>perficiet</span> <span class='ocrx_word' id='word_1_207' title='bbox 859 1868 872 1899; x_wconf 90' lang='lat'>?</span> <span class='ocrx_word' id='word_1_208' title='bbox 906 1863 1065 1912; x_wconf 87' lang='lat' dir='ltr'>Nunquid</span> 
     </span>
     <span class='ocr_line' id='line_1_37' title="bbox 311 1913 1064 1954; baseline -0.004 -4"><span class='ocrx_word' id='word_1_209' title='bbox 311 1915 499 1950; x_wconf 80' lang='lat' dir='ltr'>Christianae</span> <span class='ocrx_word' id='word_1_210' title='bbox 510 1928 624 1949; x_wconf 84' lang='lat' dir='ltr'>omnes</span> <span class='ocrx_word' id='word_1_211' title='bbox 636 1913 784 1949; x_wconf 81' lang='lat' dir='ltr'>Ecclesiae</span> <span class='ocrx_word' id='word_1_212' title='bbox 796 1937 806 1951; x_wconf 92' lang='lat'>‚</span> <span class='ocrx_word' id='word_1_213' title='bbox 821 1924 914 1947; x_wconf 89' lang='lat' dir='ltr'>totus</span> <span class='ocrx_word' id='word_1_214' title='bbox 927 1915 1044 1948; x_wconf 88' lang='lat' dir='ltr'>Clerus</span> <span class='ocrx_word' id='word_1_215' title='bbox 1054 1938 1064 1954; x_wconf 92' lang='lat'><strong>,</strong></span> 
     </span>
     <span class='ocr_line' id='line_1_38' title="bbox 307 1961 1066 2010; baseline -0.003 -12"><span class='ocrx_word' id='word_1_216' title='bbox 307 1968 339 1998; x_wconf 86' lang='lat'>&amp;</span> <span class='ocrx_word' id='word_1_217' title='bbox 349 1963 411 2010; x_wconf 90' lang='lat' dir='ltr'>ipse</span> <span class='ocrx_word' id='word_1_218' title='bbox 425 1963 579 1999; x_wconf 81' lang='lat' dir='ltr'>Pontifex</span> <span class='ocrx_word' id='word_1_219' title='bbox 591 1964 761 1998; x_wconf 85' lang='lat' dir='ltr'>Romanus</span> <span class='ocrx_word' id='word_1_220' title='bbox 773 1975 838 1998; x_wconf 89' lang='lat' dir='ltr'>tam</span> <span class='ocrx_word' id='word_1_221' title='bbox 853 1963 937 1997; x_wconf 76' lang='lat' dir='ltr'>male</span> <span class='ocrx_word' id='word_1_222' title='bbox 950 1961 1066 1997; x_wconf 86' lang='lat' dir='ltr'>suntin</span> 
     </span>
     <span class='ocr_line' id='line_1_39' title="bbox 306 2011 1065 2060; baseline 0.001 -13"><span class='ocrx_word' id='word_1_223' title='bbox 306 2011 370 2048; x_wconf 88' lang='lat' dir='ltr'>fide</span> <span class='ocrx_word' id='word_1_224' title='bbox 384 2013 512 2048; x_wconf 82' lang='lat' dir='ltr'>fundati</span> <span class='ocrx_word' id='word_1_225' title='bbox 526 2038 535 2052; x_wconf 90' lang='lat'>,</span> <span class='ocrx_word' id='word_1_226' title='bbox 560 2024 596 2047; x_wconf 91' lang='lat' dir='ltr'>ut</span> <span class='ocrx_word' id='word_1_227' title='bbox 606 2025 723 2048; x_wconf 88' lang='lat' dir='ltr'>omnes</span> <span class='ocrx_word' id='word_1_228' title='bbox 735 2015 844 2060; x_wconf 82' lang='lat' dir='ltr'>paucis</span> <span class='ocrx_word' id='word_1_229' title='bbox 855 2012 1018 2047; x_wconf 85' lang='lat' dir='ltr'>mensibus</span> <span class='ocrx_word' id='word_1_230' title='bbox 1028 2013 1065 2048; x_wconf 89' lang='lat' dir='ltr'>ad</span> 
     </span>
    </p>
   </div>
   <div class='ocr_carea' id='block_1_3' title="bbox 1077 204 1093 2004">
    <p class='ocr_par' dir='ltr' id='par_1_3' title="bbox 1077 204 1093 2004">
     <span class='ocr_line' id='line_1_40' title="bbox 1077 204 1093 2004; baseline 0 0"><span class='ocrx_word' id='word_1_231' title='bbox 1077 204 1093 2004; x_wconf 95' lang='lat' dir='ltr'> </span> 
     </span>
    </p>
   </div>
   <div class='ocr_carea' id='block_1_4' title="bbox 1016 106 1483 144">
    <p class='ocr_par' dir='ltr' id='par_1_4' title="bbox 1016 106 1483 144">
     <span class='ocr_line' id='line_1_41' title="bbox 1016 106 1483 144; baseline -0.002 0"><span class='ocrx_word' id='word_1_232' title='bbox 1016 106 1483 144; x_wconf 66' lang='lat' dir='ltr'>Hrs‘rontci</span> 
     </span>
    </p>
   </div>
   <div class='ocr_carea' id='block_1_5' title="bbox 1098 177 1879 2049">
    <p class='ocr_par' dir='ltr' id='par_1_5' title="bbox 1099 177 1857 227">
     <span class='ocr_line' id='line_1_42' title="bbox 1099 177 1857 227; baseline 0.009 -15"><span class='ocrx_word' id='word_1_233' title='bbox 1099 177 1227 213; x_wconf 68' lang='lat' dir='ltr'>Contra</span> <span class='ocrx_word' id='word_1_234' title='bbox 1237 177 1453 213; x_wconf 73' lang='lat' dir='ltr'>protestantes</span> <span class='ocrx_word' id='word_1_235' title='bbox 1465 191 1593 221; x_wconf 87' lang='lat' dir='ltr'>omnes,</span> <span class='ocrx_word' id='word_1_236' title='bbox 1605 180 1788 227; x_wconf 74' lang='lat' dir='ltr'>Antichristo</span> <span class='ocrx_word' id='word_1_237' title='bbox 1799 183 1857 218; x_wconf 79' lang='lat' dir='ltr'>tri-</span> 
     </span>
    </p>

    <p class='ocr_par' dir='ltr' id='par_1_6' title="bbox 1099 226 1857 269">
     <span class='ocr_line' id='line_1_43' title="bbox 1099 226 1857 269; baseline 0.007 -7"><span class='ocrx_word' id='word_1_238' title='bbox 1099 229 1204 262; x_wconf 89' lang='lat' dir='ltr'>buunt</span> <span class='ocrx_word' id='word_1_239' title='bbox 1212 242 1314 263; x_wconf 77' lang='lat' dir='ltr'>annos</span> <span class='ocrx_word' id='word_1_240' title='bbox 1328 226 1457 263; x_wconf 70' lang='lat' dir='ltr'>tantum</span> <span class='ocrx_word' id='word_1_241' title='bbox 1479 240 1542 263; x_wconf 85' lang='lat' dir='ltr'>tres</span> <span class='ocrx_word' id='word_1_242' title='bbox 1555 243 1629 265; x_wconf 88' lang='lat' dir='ltr'>cum</span> <span class='ocrx_word' id='word_1_243' title='bbox 1642 230 1761 266; x_wconf 75' lang='lat' dir='ltr'>semiffe</span> <span class='ocrx_word' id='word_1_244' title='bbox 1774 257 1783 269; x_wconf 96' lang='lat'>‚</span> <span class='ocrx_word' id='word_1_245' title='bbox 1807 235 1857 268; x_wconf 78' lang='lat' dir='ltr'>in-</span> 
     </span>
    </p>

    <p class='ocr_par' dir='ltr' id='par_1_7' title="bbox 1098 278 1853 325">
     <span class='ocr_line' id='line_1_44' title="bbox 1098 278 1853 325; baseline 0.008 -13"><span class='ocrx_word' id='word_1_246' title='bbox 1098 278 1334 325; x_wconf 86' lang='lat' dir='ltr'>tervallumque</span> <span class='ocrx_word' id='word_1_247' title='bbox 1354 278 1501 312; x_wconf 80' lang='lat' dir='ltr'>nostrum</span> <span class='ocrx_word' id='word_1_248' title='bbox 1517 290 1583 314; x_wconf 85' lang='lat' dir='ltr'>tam</span> <span class='ocrx_word' id='word_1_249' title='bbox 1605 281 1781 316; x_wconf 86' lang='lat' dir='ltr'>undecimo</span> <span class='ocrx_word' id='word_1_250' title='bbox 1797 296 1853 317; x_wconf 85' lang='lat' dir='ltr'>ca-</span> 
     </span>
    </p>

    <p class='ocr_par' dir='ltr' id='par_1_8' title="bbox 1099 327 1859 376">
     <span class='ocr_line' id='line_1_45' title="bbox 1099 327 1859 376; baseline 0.005 -14"><span class='ocrx_word' id='word_1_251' title='bbox 1099 330 1165 374; x_wconf 87' lang='lat' dir='ltr'>pite</span> <span class='ocrx_word' id='word_1_252' title='bbox 1175 332 1206 361; x_wconf 90' lang='lat'>&amp;</span> <span class='ocrx_word' id='word_1_253' title='bbox 1220 327 1418 362; x_wconf 84' lang='lat' dir='ltr'>duodecimo</span> <span class='ocrx_word' id='word_1_254' title='bbox 1430 328 1528 376; x_wconf 74' lang='lat' dir='ltr'>quam</span> <span class='ocrx_word' id='word_1_255' title='bbox 1538 328 1766 365; x_wconf 85' lang='lat' dir='ltr'>decimotertio</span> <span class='ocrx_word' id='word_1_256' title='bbox 1776 357 1784 370; x_wconf 92' lang='lat'>‚</span> <span class='ocrx_word' id='word_1_257' title='bbox 1795 345 1859 366; x_wconf 85' lang='lat' dir='ltr'>vo-</span> 
     </span>
    </p>

    <p class='ocr_par' dir='ltr' id='par_1_9' title="bbox 1100 376 1858 426">
     <span class='ocr_line' id='line_1_46' title="bbox 1100 376 1858 426; baseline 0.007 -16"><span class='ocrx_word' id='word_1_258' title='bbox 1100 379 1170 411; x_wconf 87' lang='lat' dir='ltr'>lunt</span> <span class='ocrx_word' id='word_1_259' title='bbox 1188 376 1598 423; x_wconf 73' lang='lat' dir='ltr'>praeciseAstronomicum</span> <span class='ocrx_word' id='word_1_260' title='bbox 1613 404 1622 418; x_wconf 85' lang='lat'>‚</span> <span class='ocrx_word' id='word_1_261' title='bbox 1654 378 1773 426; x_wconf 85' lang='lat' dir='ltr'>absque</span> <span class='ocrx_word' id='word_1_262' title='bbox 1792 380 1858 415; x_wconf 74' lang='lat' dir='ltr'>ulli‘i</span> 
     </span>
    </p>

    <p class='ocr_par' dir='ltr' id='par_1_10' title="bbox 1101 425 1860 468">
     <span class='ocr_line' id='line_1_47' title="bbox 1101 425 1860 468; baseline 0.009 -9"><span class='ocrx_word' id='word_1_263' title='bbox 1101 425 1227 460; x_wconf 89' lang='lat' dir='ltr'>dierum</span> <span class='ocrx_word' id='word_1_264' title='bbox 1248 427 1438 461; x_wconf 79' lang='lat' dir='ltr'>naturalium</span> <span class='ocrx_word' id='word_1_265' title='bbox 1459 427 1668 468; x_wconf 82' lang='lat' dir='ltr'>extensione,</span> <span class='ocrx_word' id='word_1_266' title='bbox 1691 439 1726 462; x_wconf 85' lang='lat' dir='ltr'>ut</span> <span class='ocrx_word' id='word_1_267' title='bbox 1743 429 1800 464; x_wconf 84' lang='lat' dir='ltr'>hac</span> <span class='ocrx_word' id='word_1_268' title='bbox 1811 443 1860 465; x_wconf 80' lang='lat' dir='ltr'>ra-</span> 
     </span>
    </p>

    <p class='ocr_par' dir='ltr' id='par_1_11' title="bbox 1101 474 1860 524">
     <span class='ocr_line' id='line_1_48' title="bbox 1101 474 1860 524; baseline 0.007 -16"><span class='ocrx_word' id='word_1_269' title='bbox 1101 477 1191 509; x_wconf 90' lang='lat' dir='ltr'>tione</span> <span class='ocrx_word' id='word_1_270' title='bbox 1214 474 1393 510; x_wconf 73' lang='lat' dir='ltr'>pontificiis</span> <span class='ocrx_word' id='word_1_271' title='bbox 1412 476 1631 524; x_wconf 83' lang='lat' dir='ltr'>gratificantes</span> <span class='ocrx_word' id='word_1_272' title='bbox 1658 490 1792 513; x_wconf 88' lang='lat' dir='ltr'>omnem</span> <span class='ocrx_word' id='word_1_273' title='bbox 1820 479 1860 513; x_wconf 84' lang='lat' dir='ltr'>ab</span> 
     </span>
    </p>

    <p class='ocr_par' dir='ltr' id='par_1_12' title="bbox 1103 522 1860 576">
     <span class='ocr_line' id='line_1_49' title="bbox 1103 522 1860 576; baseline 0.009 -19"><span class='ocrx_word' id='word_1_274' title='bbox 1103 522 1245 571; x_wconf 86' lang='lat' dir='ltr'>ipsorum</span> <span class='ocrx_word' id='word_1_275' title='bbox 1261 524 1422 560; x_wconf 86' lang='lat' dir='ltr'>Pontifice</span> <span class='ocrx_word' id='word_1_276' title='bbox 1439 524 1622 560; x_wconf 65' lang='lat' dir='ltr'>Antichrifli</span> <span class='ocrx_word' id='word_1_277' title='bbox 1633 539 1745 563; x_wconf 85' lang='lat' dir='ltr'>notam</span> <span class='ocrx_word' id='word_1_278' title='bbox 1760 526 1860 576; x_wconf 59' lang='lat' dir='ltr'>long&amp;</span> 
     </span>
    </p>

    <p class='ocr_par' dir='ltr' id='par_1_13' title="bbox 1101 573 1879 2049">
     <span class='ocr_line' id='line_1_50' title="bbox 1102 573 1861 623; baseline 0.008 -16"><span class='ocrx_word' id='word_1_279' title='bbox 1102 573 1278 621; x_wconf 76' lang='lat' dir='ltr'>depellant.</span> <span class='ocrx_word' id='word_1_280' title='bbox 1308 575 1380 609; x_wconf 76' lang='lat' dir='ltr'>Imo</span> <span class='ocrx_word' id='word_1_281' title='bbox 1399 574 1474 609; x_wconf 75' lang='lat' dir='ltr'>vcro</span> <span class='ocrx_word' id='word_1_282' title='bbox 1497 587 1571 609; x_wconf 91' lang='lat' dir='ltr'>cum</span> <span class='ocrx_word' id='word_1_283' title='bbox 1591 577 1723 623; x_wconf 86' lang='lat' dir='ltr'>quidam</span> <span class='ocrx_word' id='word_1_284' title='bbox 1741 591 1780 612; x_wconf 82' lang='lat' dir='ltr'>ex</span> <span class='ocrx_word' id='word_1_285' title='bbox 1799 591 1861 612; x_wconf 91' lang='lat' dir='ltr'>no-</span> 
     </span>
     <span class='ocr_line' id='line_1_51' title="bbox 1103 623 1862 673; baseline 0.007 -16"><span class='ocrx_word' id='word_1_286' title='bbox 1103 623 1189 663; x_wconf 83' lang='lat' dir='ltr'>stris,</span> <span class='ocrx_word' id='word_1_287' title='bbox 1207 624 1353 671; x_wconf 88' lang='lat' dir='ltr'>inprimis</span> <span class='ocrx_word' id='word_1_288' title='bbox 1372 623 1573 658; x_wconf 65' lang='lat' dir='ltr'>doetiffimus</span> <span class='ocrx_word' id='word_1_289' title='bbox 1594 628 1759 673; x_wconf 71' lang='lat' dir='ltr'>Marefim,</span> <span class='ocrx_word' id='word_1_290' title='bbox 1786 640 1862 662; x_wconf 87' lang='lat' dir='ltr'>mo-</span> 
     </span>
     <span class='ocr_line' id='line_1_52' title="bbox 1101 671 1862 711; baseline 0.005 -4"><span class='ocrx_word' id='word_1_291' title='bbox 1101 672 1186 707; x_wconf 61' lang='lat' dir='ltr'>deste}</span> <span class='ocrx_word' id='word_1_292' title='bbox 1203 673 1271 707; x_wconf 80' lang='lat' dir='ltr'>satis</span> <span class='ocrx_word' id='word_1_293' title='bbox 1283 678 1315 708; x_wconf 84' lang='lat'>&amp;</span> <span class='ocrx_word' id='word_1_294' title='bbox 1331 671 1429 708; x_wconf 60' lang='lat' dir='ltr'>nimia</span> <span class='ocrx_word' id='word_1_295' title='bbox 1449 674 1603 708; x_wconf 85' lang='lat' dir='ltr'>Grotiani</span> <span class='ocrx_word' id='word_1_296' title='bbox 1626 677 1770 710; x_wconf 80' lang='lat' dir='ltr'>nominis</span> <span class='ocrx_word' id='word_1_297' title='bbox 1784 688 1862 711; x_wconf 87' lang='lat' dir='ltr'>cum</span> 
     </span>
     <span class='ocr_line' id='line_1_53' title="bbox 1101 721 1863 772; baseline 0.005 -15"><span class='ocrx_word' id='word_1_298' title='bbox 1101 721 1294 764; x_wconf 52' lang='lat' dir='ltr'>reverentia,</span> <span class='ocrx_word' id='word_1_299' title='bbox 1305 724 1354 758; x_wconf 87' lang='lat' dir='ltr'>liis</span> <span class='ocrx_word' id='word_1_300' title='bbox 1366 723 1610 759; x_wconf 78' lang='lat' dir='ltr'>senovitatibus</span> <span class='ocrx_word' id='word_1_301' title='bbox 1623 725 1841 772; x_wconf 82' lang='lat' dir='ltr'>opposuiffent</span> <span class='ocrx_word' id='word_1_302' title='bbox 1850 751 1863 767; x_wconf 90' lang='lat'>‚</span> 
     </span>
     <span class='ocr_line' id='line_1_54' title="bbox 1104 769 1865 818; baseline 0.007 -13"><span class='ocrx_word' id='word_1_303' title='bbox 1104 772 1218 806; x_wconf 76' lang='lat' dir='ltr'>Grotius</span> <span class='ocrx_word' id='word_1_304' title='bbox 1228 786 1296 808; x_wconf 89' lang='lat' dir='ltr'>non</span> <span class='ocrx_word' id='word_1_305' title='bbox 1305 769 1435 808; x_wconf 67' lang='lat' dir='ltr'>&#39;tantum</span> <span class='ocrx_word' id='word_1_306' title='bbox 1453 775 1486 808; x_wconf 91' lang='lat' dir='ltr'>in</span> <span class='ocrx_word' id='word_1_307' title='bbox 1501 776 1660 818; x_wconf 65' lang='lat' dir='ltr'>Adanfium</span> <span class='ocrx_word' id='word_1_308' title='bbox 1672 775 1865 817; x_wconf 88' lang='lat' dir='ltr'>excanduit,</span> 
     </span>
     <span class='ocr_line' id='line_1_55' title="bbox 1103 820 1865 860; baseline 0.007 -5"><span class='ocrx_word' id='word_1_309' title='bbox 1103 820 1153 855; x_wconf 89' lang='lat' dir='ltr'>sed</span> <span class='ocrx_word' id='word_1_310' title='bbox 1170 826 1201 856; x_wconf 72' lang='grc' dir='ltr'>δι</span> <span class='ocrx_word' id='word_1_311' title='bbox 1225 824 1258 856; x_wconf 92' lang='lat' dir='ltr'>in</span> <span class='ocrx_word' id='word_1_312' title='bbox 1273 835 1388 857; x_wconf 89' lang='lat' dir='ltr'>omnes</span> <span class='ocrx_word' id='word_1_313' title='bbox 1406 823 1561 858; x_wconf 82' lang='lat' dir='ltr'>Ecclesias</span> <span class='ocrx_word' id='word_1_314' title='bbox 1579 823 1773 860; x_wconf 84' lang='lat' dir='ltr'>reformatas</span> <span class='ocrx_word' id='word_1_315' title='bbox 1793 838 1865 860; x_wconf 75' lang='lat' dir='ltr'>ma-</span> 
     </span>
     <span class='ocr_line' id='line_1_56' title="bbox 1103 872 1867 919; baseline 0.008 -16"><span class='ocrx_word' id='word_1_316' title='bbox 1103 883 1209 919; x_wconf 84' lang='lat' dir='ltr'>gnum</span> <span class='ocrx_word' id='word_1_317' title='bbox 1220 872 1453 906; x_wconf 86' lang='lat' dir='ltr'>calumniarum</span> <span class='ocrx_word' id='word_1_318' title='bbox 1471 877 1503 906; x_wconf 71' lang='grc' dir='ltr'>ὅ(</span> <span class='ocrx_word' id='word_1_319' title='bbox 1516 874 1787 909; x_wconf 83' lang='lat' dir='ltr'>contumeliarum</span> <span class='ocrx_word' id='word_1_320' title='bbox 1803 874 1867 909; x_wconf 85' lang='lat' dir='ltr'>flu-</span> 
     </span>
     <span class='ocr_line' id='line_1_57' title="bbox 1104 921 1862 960; baseline 0.007 -6"><span class='ocrx_word' id='word_1_321' title='bbox 1104 933 1181 954; x_wconf 86' lang='lat' dir='ltr'>men</span> <span class='ocrx_word' id='word_1_322' title='bbox 1194 922 1362 960; x_wconf 88' lang='lat' dir='ltr'>evomuit,</span> <span class='ocrx_word' id='word_1_323' title='bbox 1382 934 1440 954; x_wconf 91' lang='lat' dir='ltr'>nec</span> <span class='ocrx_word' id='word_1_324' title='bbox 1452 921 1525 955; x_wconf 69' lang='lat' dir='ltr'>ante</span> <span class='ocrx_word' id='word_1_325' title='bbox 1541 921 1596 956; x_wconf 91' lang='lat' dir='ltr'>suo</span> <span class='ocrx_word' id='word_1_326' title='bbox 1608 922 1710 958; x_wconf 86' lang='lat' dir='ltr'>furori</span> <span class='ocrx_word' id='word_1_327' title='bbox 1723 924 1862 959; x_wconf 87' lang='lat' dir='ltr'>modum</span> 
     </span>
     <span class='ocr_line' id='line_1_58' title="bbox 1105 968 1863 1017; baseline 0.008 -14"><span class='ocrx_word' id='word_1_328' title='bbox 1105 968 1261 1017; x_wconf 86' lang='lat' dir='ltr'>imposuit</span> <span class='ocrx_word' id='word_1_329' title='bbox 1272 994 1281 1009; x_wconf 87' lang='lat'>,</span> <span class='ocrx_word' id='word_1_330' title='bbox 1312 969 1407 1016; x_wconf 69' lang='lat' dir='ltr'>quarn</span> <span class='ocrx_word' id='word_1_331' title='bbox 1418 970 1635 1017; x_wconf 80' lang='lat' dir='ltr'>plenissimum</span> <span class='ocrx_word' id='word_1_332' title='bbox 1649 972 1739 1007; x_wconf 84' lang='lat' dir='ltr'>suum</span> <span class='ocrx_word' id='word_1_333' title='bbox 1752 972 1863 1009; x_wconf 85' lang='lat' dir='ltr'>offen-</span> 
     </span>
     <span class='ocr_line' id='line_1_59' title="bbox 1104 1017 1862 1066; baseline 0.007 -13"><span class='ocrx_word' id='word_1_334' title='bbox 1104 1018 1171 1054; x_wconf 85' lang='lat' dir='ltr'>sum</span> <span class='ocrx_word' id='word_1_335' title='bbox 1199 1017 1392 1066; x_wconf 55' lang='lat' dir='ltr'>propalasset</span> <span class='ocrx_word' id='word_1_336' title='bbox 1427 1022 1461 1054; x_wconf 89' lang='lat' dir='ltr'>in</span> <span class='ocrx_word' id='word_1_337' title='bbox 1489 1019 1684 1055; x_wconf 83' lang='lat' dir='ltr'>craffiffimas</span> <span class='ocrx_word' id='word_1_338' title='bbox 1710 1022 1839 1058; x_wconf 63' lang='lat' dir='ltr'>hareses</span> <span class='ocrx_word' id='word_1_339' title='bbox 1851 1048 1862 1064; x_wconf 90' lang='lat'>,</span> 
     </span>
     <span class='ocr_line' id='line_1_60' title="bbox 1107 1067 1867 1120; baseline 0.005 -17"><span class='ocrx_word' id='word_1_340' title='bbox 1107 1067 1323 1110; x_wconf 88' lang='lat' dir='ltr'>Idololatrias‚</span> <span class='ocrx_word' id='word_1_341' title='bbox 1335 1069 1519 1114; x_wconf 82' lang='lat' dir='ltr'>tyrannides</span> <span class='ocrx_word' id='word_1_342' title='bbox 1529 1094 1537 1106; x_wconf 93' lang='lat'><em>,</em></span> <span class='ocrx_word' id='word_1_343' title='bbox 1549 1083 1630 1116; x_wconf 84' lang='lat' dir='ltr'>quas</span> <span class='ocrx_word' id='word_1_344' title='bbox 1639 1072 1790 1118; x_wconf 88' lang='lat' dir='ltr'>Synodus</span> <span class='ocrx_word' id='word_1_345' title='bbox 1800 1072 1867 1120; x_wconf 83' lang='lat' dir='ltr'>ipsa</span> 
     </span>
     <span class='ocr_line' id='line_1_61' title="bbox 1108 1118 1868 1168; baseline 0.005 -16"><span class='ocrx_word' id='word_1_346' title='bbox 1108 1119 1303 1154; x_wconf 85' lang='lat' dir='ltr'>Tridentina</span> <span class='ocrx_word' id='word_1_347' title='bbox 1315 1118 1442 1153; x_wconf 88' lang='lat' dir='ltr'>mundo</span> <span class='ocrx_word' id='word_1_348' title='bbox 1455 1122 1617 1167; x_wconf 80' lang='lat' dir='ltr'>propinat,</span> <span class='ocrx_word' id='word_1_349' title='bbox 1627 1132 1763 1168; x_wconf 86' lang='lat' dir='ltr'>totaque</span> <span class='ocrx_word' id='word_1_350' title='bbox 1772 1123 1868 1168; x_wconf 82' lang='lat' dir='ltr'>plau-</span> 
     </span>
     <span class='ocr_line' id='line_1_62' title="bbox 1107 1168 1865 1206; baseline 0.005 -4"><span class='ocrx_word' id='word_1_351' title='bbox 1107 1168 1167 1203; x_wconf 80' lang='lat' dir='ltr'>stra</span> <span class='ocrx_word' id='word_1_352' title='bbox 1187 1170 1408 1203; x_wconf 88' lang='lat' dir='ltr'>convitiorum</span> <span class='ocrx_word' id='word_1_353' title='bbox 1435 1170 1468 1203; x_wconf 89' lang='lat' dir='ltr'>in</span> <span class='ocrx_word' id='word_1_354' title='bbox 1487 1181 1590 1204; x_wconf 85' lang='lat' dir='ltr'>totam</span> <span class='ocrx_word' id='word_1_355' title='bbox 1611 1172 1865 1206; x_wconf 82' lang='lat' dir='ltr'>Protessantium</span> 
     </span>
     <span class='ocr_line' id='line_1_63' title="bbox 1109 1217 1866 1267; baseline 0.005 -15"><span class='ocrx_word' id='word_1_356' title='bbox 1109 1220 1276 1253; x_wconf 87' lang='lat' dir='ltr'>nationem</span> <span class='ocrx_word' id='word_1_357' title='bbox 1307 1217 1509 1266; x_wconf 81' lang='lat' dir='ltr'>congessiffet</span> <span class='ocrx_word' id='word_1_358' title='bbox 1534 1244 1543 1259; x_wconf 85' lang='lat'>,</span> <span class='ocrx_word' id='word_1_359' title='bbox 1580 1219 1671 1267; x_wconf 77' lang='lat' dir='ltr'>quod</span> <span class='ocrx_word' id='word_1_360' title='bbox 1699 1234 1766 1255; x_wconf 92' lang='lat' dir='ltr'>non</span> <span class='ocrx_word' id='word_1_361' title='bbox 1792 1221 1866 1256; x_wconf 74' lang='lat' dir='ltr'>satis</span> 
     </span>
     <span class='ocr_line' id='line_1_64' title="bbox 1109 1267 1866 1316; baseline 0.004 -14"><span class='ocrx_word' id='word_1_362' title='bbox 1109 1280 1283 1316; x_wconf 85' lang='lat' dir='ltr'>promptos</span> <span class='ocrx_word' id='word_1_363' title='bbox 1300 1268 1457 1303; x_wconf 85' lang='lat' dir='ltr'>inveniret</span> <span class='ocrx_word' id='word_1_364' title='bbox 1468 1268 1506 1303; x_wconf 86' lang='lat' dir='ltr'>ad</span> <span class='ocrx_word' id='word_1_365' title='bbox 1524 1267 1662 1316; x_wconf 90' lang='lat' dir='ltr'>ipsorum</span> <span class='ocrx_word' id='word_1_366' title='bbox 1676 1296 1684 1309; x_wconf 91' lang='lat'>,</span> <span class='ocrx_word' id='word_1_367' title='bbox 1703 1268 1733 1304; x_wconf 83' lang='lat' dir='ltr'>se</span> <span class='ocrx_word' id='word_1_368' title='bbox 1749 1273 1866 1305; x_wconf 85' lang='lat' dir='ltr'>moni-</span> 
     </span>
     <span class='ocr_line' id='line_1_65' title="bbox 1109 1316 1866 1367; baseline 0.004 -15"><span class='ocrx_word' id='word_1_369' title='bbox 1109 1329 1202 1355; x_wconf 88' lang='lat' dir='ltr'>tore,</span> <span class='ocrx_word' id='word_1_370' title='bbox 1232 1316 1365 1352; x_wconf 85' lang='lat' dir='ltr'>schisma</span> <span class='ocrx_word' id='word_1_371' title='bbox 1383 1317 1644 1365; x_wconf 85' lang='lat' dir='ltr'>cognoscendum</span> <span class='ocrx_word' id='word_1_372' title='bbox 1668 1345 1676 1358; x_wconf 82' lang='lat'>‚</span> <span class='ocrx_word' id='word_1_373' title='bbox 1701 1321 1866 1367; x_wconf 84' lang='lat' dir='ltr'>veterique</span> 
     </span>
     <span class='ocr_line' id='line_1_66' title="bbox 1110 1365 1865 1414; baseline 0.004 -12"><span class='ocrx_word' id='word_1_374' title='bbox 1110 1365 1278 1402; x_wconf 88' lang='lat' dir='ltr'>Pontificis</span> <span class='ocrx_word' id='word_1_375' title='bbox 1288 1368 1368 1414; x_wconf 78' lang='lat' dir='ltr'>jugo</span> <span class='ocrx_word' id='word_1_376' title='bbox 1380 1369 1479 1402; x_wconf 87' lang='lat' dir='ltr'>nimis</span> <span class='ocrx_word' id='word_1_377' title='bbox 1491 1378 1611 1402; x_wconf 86' lang='lat' dir='ltr'>temere</span> <span class='ocrx_word' id='word_1_378' title='bbox 1623 1369 1703 1402; x_wconf 89' lang='lat' dir='ltr'>olim</span> <span class='ocrx_word' id='word_1_379' title='bbox 1716 1370 1844 1405; x_wconf 76' lang='lat' dir='ltr'>excusso</span> <span class='ocrx_word' id='word_1_380' title='bbox 1855 1396 1865 1410; x_wconf 84' lang='lat'>‚</span> 
     </span>
     <span class='ocr_line' id='line_1_67' title="bbox 1109 1415 1867 1466; baseline 0.004 -14"><span class='ocrx_word' id='word_1_381' title='bbox 1109 1418 1193 1452; x_wconf 86' lang='lat' dir='ltr'>colla</span> <span class='ocrx_word' id='word_1_382' title='bbox 1209 1415 1484 1451; x_wconf 84' lang='lat' dir='ltr'>submittendum.</span> <span class='ocrx_word' id='word_1_383' title='bbox 1510 1418 1589 1452; x_wconf 81' lang='lat' dir='ltr'>Haec</span> <span class='ocrx_word' id='word_1_384' title='bbox 1606 1419 1779 1466; x_wconf 79' lang='lat' dir='ltr'>Belgarum</span> <span class='ocrx_word' id='word_1_385' title='bbox 1800 1424 1867 1454; x_wconf 82' lang='lat' dir='ltr'>Ar-</span> 
     </span>
     <span class='ocr_line' id='line_1_68' title="bbox 1108 1466 1867 1516; baseline 0.003 -14"><span class='ocrx_word' id='word_1_386' title='bbox 1108 1468 1326 1502; x_wconf 84' lang='lat' dir='ltr'>minianorum</span> <span class='ocrx_word' id='word_1_387' title='bbox 1339 1467 1499 1513; x_wconf 79' lang='lat' dir='ltr'>tragoediae</span> <span class='ocrx_word' id='word_1_388' title='bbox 1516 1466 1717 1515; x_wconf 84' lang='lat' dir='ltr'>catastrophe</span> <span class='ocrx_word' id='word_1_389' title='bbox 1730 1469 1787 1509; x_wconf 81' lang='lat' dir='ltr'>cst,</span> <span class='ocrx_word' id='word_1_390' title='bbox 1803 1482 1867 1516; x_wconf 88' lang='lat' dir='ltr'>qua</span> 
     </span>
     <span class='ocr_line' id='line_1_69' title="bbox 1108 1514 1866 1564; baseline 0.003 -13"><span class='ocrx_word' id='word_1_391' title='bbox 1108 1515 1299 1564; x_wconf 88' lang='lat' dir='ltr'>sequacibus</span> <span class='ocrx_word' id='word_1_392' title='bbox 1309 1514 1368 1549; x_wconf 89' lang='lat' dir='ltr'>suis</span> <span class='ocrx_word' id='word_1_393' title='bbox 1378 1514 1575 1549; x_wconf 80' lang='lat' dir='ltr'>Ladensibus</span> <span class='ocrx_word' id='word_1_394' title='bbox 1591 1517 1781 1563; x_wconf 82' lang='lat' dir='ltr'>Anglicanis</span> <span class='ocrx_word' id='word_1_395' title='bbox 1792 1543 1801 1558; x_wconf 83' lang='lat'><em>‚</em></span> <span class='ocrx_word' id='word_1_396' title='bbox 1813 1521 1866 1553; x_wconf 88' lang='lat' dir='ltr'>in-</span> 
     </span>
     <span class='ocr_line' id='line_1_70' title="bbox 1111 1563 1865 1615; baseline 0.004 -16"><span class='ocrx_word' id='word_1_397' title='bbox 1111 1566 1226 1613; x_wconf 85' lang='lat' dir='ltr'>primis</span> <span class='ocrx_word' id='word_1_398' title='bbox 1239 1564 1352 1599; x_wconf 83' lang='lat' dir='ltr'>harum</span> <span class='ocrx_word' id='word_1_399' title='bbox 1366 1563 1465 1599; x_wconf 89' lang='lat' dir='ltr'>hodie</span> <span class='ocrx_word' id='word_1_400' title='bbox 1481 1567 1620 1612; x_wconf 88' lang='lat' dir='ltr'>partium</span> <span class='ocrx_word' id='word_1_401' title='bbox 1639 1567 1865 1615; x_wconf 77' lang='lat' dir='ltr'>Antesignano</span> 
     </span>
     <span class='ocr_line' id='line_1_71' title="bbox 1113 1613 1867 1662; baseline 0.003 -13"><span class='ocrx_word' id='word_1_402' title='bbox 1113 1618 1159 1650; x_wconf 89' lang='lat' dir='ltr'>D.</span> <span class='ocrx_word' id='word_1_403' title='bbox 1171 1613 1330 1649; x_wconf 83' lang='lat' dir='ltr'>Hamondo</span> <span class='ocrx_word' id='word_1_404' title='bbox 1340 1638 1349 1653; x_wconf 94' lang='lat'>,</span> <span class='ocrx_word' id='word_1_405' title='bbox 1378 1613 1592 1662; x_wconf 87' lang='lat' dir='ltr'>planisfimam</span> <span class='ocrx_word' id='word_1_406' title='bbox 1602 1615 1744 1650; x_wconf 87' lang='lat' dir='ltr'>Romam</span> <span class='ocrx_word' id='word_1_407' title='bbox 1759 1615 1867 1652; x_wconf 90' lang='lat' dir='ltr'>versus</span> 
     </span>
     <span class='ocr_line' id='line_1_72' title="bbox 1111 1662 1868 1714; baseline 0.001 -14"><span class='ocrx_word' id='word_1_408' title='bbox 1111 1666 1196 1700; x_wconf 85' lang='lat' dir='ltr'>viam</span> <span class='ocrx_word' id='word_1_409' title='bbox 1217 1662 1523 1712; x_wconf 66' lang='lat' dir='ltr'>praemonstrfirunt,</span> <span class='ocrx_word' id='word_1_410' title='bbox 1550 1664 1608 1699; x_wconf 84' lang='lat' dir='ltr'>nisi</span> <span class='ocrx_word' id='word_1_411' title='bbox 1627 1664 1719 1713; x_wconf 72' lang='lat' dir='ltr'>quod</span> <span class='ocrx_word' id='word_1_412' title='bbox 1737 1669 1868 1714; x_wconf 88' lang='lat' dir='ltr'>utrique</span> 
     </span>
     <span class='ocr_line' id='line_1_73' title="bbox 1112 1712 1869 1761; baseline 0.001 -12"><span class='ocrx_word' id='word_1_413' title='bbox 1112 1715 1211 1749; x_wconf 85' lang='lat' dir='ltr'>nimis</span> <span class='ocrx_word' id='word_1_414' title='bbox 1231 1713 1329 1761; x_wconf 71' lang='lat' dir='ltr'>quarn</span> <span class='ocrx_word' id='word_1_415' title='bbox 1342 1712 1421 1760; x_wconf 84' lang='lat' dir='ltr'>saepe</span> <span class='ocrx_word' id='word_1_416' title='bbox 1440 1715 1474 1748; x_wconf 91' lang='lat' dir='ltr'>in</span> <span class='ocrx_word' id='word_1_417' title='bbox 1486 1715 1618 1749; x_wconf 85' lang='lat' dir='ltr'>devium</span> <span class='ocrx_word' id='word_1_418' title='bbox 1640 1716 1869 1751; x_wconf 86' lang='lat' dir='ltr'>Socinianismi</span> 
     </span>
     <span class='ocr_line' id='line_1_74' title="bbox 1113 1764 1869 1814; baseline -0.001 -15"><span class='ocrx_word' id='word_1_419' title='bbox 1113 1765 1227 1799; x_wconf 74' lang='lat' dir='ltr'>callem</span> <span class='ocrx_word' id='word_1_420' title='bbox 1240 1775 1354 1799; x_wconf 88' lang='lat' dir='ltr'>ament</span> <span class='ocrx_word' id='word_1_421' title='bbox 1364 1764 1538 1800; x_wconf 85' lang='lat' dir='ltr'>divertere.</span> <span class='ocrx_word' id='word_1_422' title='bbox 1564 1765 1758 1814; x_wconf 83' lang='lat' dir='ltr'>Utcunque,</span> <span class='ocrx_word' id='word_1_423' title='bbox 1770 1765 1869 1814; x_wconf 69' lang='lat' dir='ltr'>quain</span> 
     </span>
     <span class='ocr_line' id='line_1_75' title="bbox 1113 1812 1871 1862; baseline 0.001 -14"><span class='ocrx_word' id='word_1_424' title='bbox 1113 1812 1225 1861; x_wconf 75' lang='lat' dir='ltr'>inepte</span> <span class='ocrx_word' id='word_1_425' title='bbox 1237 1824 1375 1861; x_wconf 86' lang='lat' dir='ltr'>uterque</span> <span class='ocrx_word' id='word_1_426' title='bbox 1388 1825 1452 1849; x_wconf 85' lang='lat' dir='ltr'>tam</span> <span class='ocrx_word' id='word_1_427' title='bbox 1471 1813 1583 1848; x_wconf 74' lang='lat' dir='ltr'>Grotius</span> <span class='ocrx_word' id='word_1_428' title='bbox 1595 1839 1603 1852; x_wconf 92' lang='lat'><em>‚</em></span> <span class='ocrx_word' id='word_1_429' title='bbox 1621 1814 1719 1862; x_wconf 70' lang='lat' dir='ltr'>quam</span> <span class='ocrx_word' id='word_1_430' title='bbox 1732 1819 1871 1851; x_wconf 79' lang='lat' dir='ltr'>Hamon-</span> 
     </span>
     <span class='ocr_line' id='line_1_76' title="bbox 1112 1863 1871 1913; baseline 0.001 -15"><span class='ocrx_word' id='word_1_431' title='bbox 1112 1864 1162 1899; x_wconf 78' lang='lat' dir='ltr'>dus</span> <span class='ocrx_word' id='word_1_432' title='bbox 1175 1864 1268 1898; x_wconf 81' lang='lat' dir='ltr'>locos</span> <span class='ocrx_word' id='word_1_433' title='bbox 1287 1877 1351 1911; x_wconf 88' lang='lat' dir='ltr'>prae</span> <span class='ocrx_word' id='word_1_434' title='bbox 1368 1863 1519 1898; x_wconf 80' lang='lat' dir='ltr'>manibus</span> <span class='ocrx_word' id='word_1_435' title='bbox 1537 1864 1714 1910; x_wconf 81' lang='lat' dir='ltr'>depravent</span> <span class='ocrx_word' id='word_1_436' title='bbox 1726 1889 1735 1904; x_wconf 91' lang='lat'>,</span> <span class='ocrx_word' id='word_1_437' title='bbox 1753 1866 1871 1913; x_wconf 87' lang='lat' dir='ltr'>quovis</span> 
     </span>
     <span class='ocr_line' id='line_1_77' title="bbox 1116 1913 1871 1959; baseline 0 -11"><span class='ocrx_word' id='word_1_438' title='bbox 1116 1913 1295 1948; x_wconf 85' lang='lat' dir='ltr'>Christiani</span> <span class='ocrx_word' id='word_1_439' title='bbox 1329 1915 1475 1948; x_wconf 85' lang='lat' dir='ltr'>nominis</span> <span class='ocrx_word' id='word_1_440' title='bbox 1508 1913 1616 1959; x_wconf 88' lang='lat' dir='ltr'>judice</span> <span class='ocrx_word' id='word_1_441' title='bbox 1643 1916 1656 1953; x_wconf 74' lang='grc' dir='ltr'><em>ζ</em></span> <span class='ocrx_word' id='word_1_442' title='bbox 1679 1913 1871 1948; x_wconf 83' lang='lat' dir='ltr'>Pontificios</span> 
     </span>
     <span class='ocr_line' id='line_1_78' title="bbox 1114 1961 1879 2010; baseline 0.001 -13"><span class='ocrx_word' id='word_1_443' title='bbox 1114 1963 1199 2010; x_wconf 88' lang='lat' dir='ltr'>ipsos</span> <span class='ocrx_word' id='word_1_444' title='bbox 1226 1961 1279 1997; x_wconf 74' lang='lat' dir='ltr'>liic</span> <span class='ocrx_word' id='word_1_445' title='bbox 1305 1974 1376 1998; x_wconf 83' lang='lat' dir='ltr'>non</span> <span class='ocrx_word' id='word_1_446' title='bbox 1397 1961 1506 1999; x_wconf 86' lang='lat' dir='ltr'>recuso</span> <span class='ocrx_word' id='word_1_447' title='bbox 1523 1964 1534 2005; x_wconf 91' lang='lat'>)</span> <span class='ocrx_word' id='word_1_448' title='bbox 1563 1961 1604 1997; x_wconf 84' lang='lat' dir='ltr'>sic</span> <span class='ocrx_word' id='word_1_449' title='bbox 1631 1975 1735 1998; x_wconf 88' lang='lat' dir='ltr'>conor</span> <span class='ocrx_word' id='word_1_450' title='bbox 1760 1964 1879 1998; x_wconf 61' lang='lat' dir='ltr'>ostem·</span> 
     </span>
     <span class='ocr_line' id='line_1_79' title="bbox 1112 2014 1200 2049; baseline -0.023 0"><span class='ocrx_word' id='word_1_451' title='bbox 1112 2014 1200 2049; x_wconf 87' lang='lat' dir='ltr'>dere.</span> 
     </span>
    </p>
   </div>
   <div class='ocr_carea' id='block_1_6' title="bbox 304 2059 1065 2354">
    <p class='ocr_par' dir='ltr' id='par_1_14' title="bbox 304 2059 1065 2354">
     <span class='ocr_line' id='line_1_80' title="bbox 306 2059 1064 2110; baseline 0 -13"><span class='ocrx_word' id='word_1_452' title='bbox 306 2074 451 2110; x_wconf 85' lang='lat' dir='ltr'>apertam</span> <span class='ocrx_word' id='word_1_453' title='bbox 460 2064 476 2097; x_wconf 63' lang='lat' dir='ltr'>a</span> <span class='ocrx_word' id='word_1_454' title='bbox 487 2059 598 2097; x_wconf 63' lang='lat' dir='ltr'>Christo</span> <span class='ocrx_word' id='word_1_455' title='bbox 607 2062 645 2096; x_wconf 87' lang='lat' dir='ltr'>ad</span> <span class='ocrx_word' id='word_1_456' title='bbox 656 2061 855 2106; x_wconf 63' lang='lat' dir='ltr'>antichristum</span> <span class='ocrx_word' id='word_1_457' title='bbox 867 2062 1064 2108; x_wconf 80' lang='lat' dir='ltr'>Apostafiam</span> 
     </span>
     <span class='ocr_line' id='line_1_81' title="bbox 304 2110 1065 2160; baseline 0 -13"><span class='ocrx_word' id='word_1_458' title='bbox 304 2113 354 2147; x_wconf 86' lang='lat' dir='ltr'>vel</span> <span class='ocrx_word' id='word_1_459' title='bbox 377 2111 497 2158; x_wconf 88' lang='lat' dir='ltr'>sponte</span> <span class='ocrx_word' id='word_1_460' title='bbox 522 2110 701 2158; x_wconf 87' lang='lat' dir='ltr'>persuaderi</span> <span class='ocrx_word' id='word_1_461' title='bbox 723 2137 734 2153; x_wconf 88' lang='lat'>‚</span> <span class='ocrx_word' id='word_1_462' title='bbox 767 2113 817 2147; x_wconf 88' lang='lat' dir='ltr'>vel</span> <span class='ocrx_word' id='word_1_463' title='bbox 842 2111 1065 2160; x_wconf 87' lang='lat' dir='ltr'>persecutione</span> 
     </span>
     <span class='ocr_line' id='line_1_82' title="bbox 306 2158 1065 2208; baseline 0.001 -13"><span class='ocrx_word' id='word_1_464' title='bbox 306 2163 460 2207; x_wconf 86' lang='lat' dir='ltr'>compelli</span> <span class='ocrx_word' id='word_1_465' title='bbox 479 2158 568 2208; x_wconf 79' lang='lat' dir='ltr'>posse</span> <span class='ocrx_word' id='word_1_466' title='bbox 589 2161 784 2196; x_wconf 86' lang='lat' dir='ltr'>videantur?</span> <span class='ocrx_word' id='word_1_467' title='bbox 804 2171 837 2195; x_wconf 88' lang='lat' dir='ltr'>ut</span> <span class='ocrx_word' id='word_1_468' title='bbox 846 2161 885 2195; x_wconf 86' lang='lat' dir='ltr'>ad</span> <span class='ocrx_word' id='word_1_469' title='bbox 894 2172 944 2195; x_wconf 87' lang='lat' dir='ltr'>tot</span> <span class='ocrx_word' id='word_1_470' title='bbox 956 2159 1065 2196; x_wconf 67' lang='lat' dir='ltr'>tanta-</span> 
     </span>
     <span class='ocr_line' id='line_1_83' title="bbox 306 2208 1064 2258; baseline 0.001 -15"><span class='ocrx_word' id='word_1_471' title='bbox 306 2222 368 2256; x_wconf 91' lang='lat' dir='ltr'>que</span> <span class='ocrx_word' id='word_1_472' title='bbox 384 2209 566 2256; x_wconf 85' lang='lat' dir='ltr'>peragenda</span> <span class='ocrx_word' id='word_1_473' title='bbox 578 2208 634 2243; x_wconf 90' lang='lat' dir='ltr'>ulli</span> <span class='ocrx_word' id='word_1_474' title='bbox 645 2212 702 2244; x_wconf 92' lang='lat' dir='ltr'>uni</span> <span class='ocrx_word' id='word_1_475' title='bbox 715 2211 845 2245; x_wconf 87' lang='lat' dir='ltr'>mortali</span> <span class='ocrx_word' id='word_1_476' title='bbox 858 2234 868 2247; x_wconf 81' lang='lat'>‚</span> <span class='ocrx_word' id='word_1_477' title='bbox 892 2210 1064 2258; x_wconf 67' lang='lat' dir='ltr'>quantavis</span> 
     </span>
     <span class='ocr_line' id='line_1_84' title="bbox 309 2255 1065 2304; baseline 0 -12"><span class='ocrx_word' id='word_1_478' title='bbox 309 2256 411 2292; x_wconf 70' lang='lat' dir='ltr'>creatfi</span> <span class='ocrx_word' id='word_1_479' title='bbox 423 2257 569 2304; x_wconf 64' lang='lat' dir='ltr'>potentia</span> <span class='ocrx_word' id='word_1_480' title='bbox 587 2255 719 2292; x_wconf 85' lang='lat' dir='ltr'>suffulto</span> <span class='ocrx_word' id='word_1_481' title='bbox 729 2284 738 2296; x_wconf 78' lang='lat'>‚</span> <span class='ocrx_word' id='word_1_482' title='bbox 753 2269 820 2292; x_wconf 87' lang='lat' dir='ltr'>tam</span> <span class='ocrx_word' id='word_1_483' title='bbox 832 2260 960 2304; x_wconf 85' lang='lat' dir='ltr'>angusti</span> <span class='ocrx_word' id='word_1_484' title='bbox 979 2270 1065 2293; x_wconf 89' lang='lat' dir='ltr'>tem-</span> 
     </span>
     <span class='ocr_line' id='line_1_85' title="bbox 309 2303 1064 2354; baseline -0.001 -13"><span class='ocrx_word' id='word_1_485' title='bbox 309 2308 396 2354; x_wconf 87' lang='lat' dir='ltr'>poris</span> <span class='ocrx_word' id='word_1_486' title='bbox 410 2307 544 2341; x_wconf 88' lang='lat' dir='ltr'>cancelli</span> <span class='ocrx_word' id='word_1_487' title='bbox 561 2303 717 2340; x_wconf 86' lang='lat' dir='ltr'>sufficiant</span> <span class='ocrx_word' id='word_1_488' title='bbox 730 2330 740 2346; x_wconf 91' lang='lat'>‚</span> <span class='ocrx_word' id='word_1_489' title='bbox 767 2316 833 2340; x_wconf 85' lang='lat' dir='ltr'>tarn</span> <span class='ocrx_word' id='word_1_490' title='bbox 855 2306 897 2339; x_wconf 88' lang='lat' dir='ltr'>est</span> <span class='ocrx_word' id='word_1_491' title='bbox 921 2306 1064 2341; x_wconf 83' lang='lat' dir='ltr'>absimile</span> 
     </span>
    </p>
   </div>
   <div class='ocr_carea' id='block_1_7' title="bbox 1111 2054 2041 2308">
    <p class='ocr_par' dir='ltr' id='par_1_15' title="bbox 1111 2054 2041 2308">
     <span class='ocr_line' id='line_1_86' title="bbox 1161 2054 1974 2110; baseline -0.002 -13"><span class='ocrx_word' id='word_1_492' title='bbox 1161 2061 1392 2110; x_wconf 83' lang='lat' dir='ltr'>Quadraginta</span> <span class='ocrx_word' id='word_1_493' title='bbox 1403 2059 1486 2096; x_wconf 88' lang='lat' dir='ltr'>duos</span> <span class='ocrx_word' id='word_1_494' title='bbox 1499 2060 1641 2102; x_wconf 85' lang='lat' dir='ltr'>menses,</span> <span class='ocrx_word' id='word_1_495' title='bbox 1660 2064 1695 2096; x_wconf 86' lang='lat'>&amp;</span> <span class='ocrx_word' id='word_1_496' title='bbox 1705 2060 1793 2094; x_wconf 88' lang='lat' dir='ltr'>mille</span> <span class='ocrx_word' id='word_1_497' title='bbox 1806 2059 1866 2093; x_wconf 90' lang='lat' dir='ltr'>du-</span> <span class='ocrx_word' id='word_1_498' title='bbox 1885 2054 1974 2095; x_wconf 62' lang='lat' dir='ltr'>torum</span> 
     </span>
     <span class='ocr_line' id='line_1_87' title="bbox 1113 2108 2002 2160; baseline -0.008 -12"><span class='ocrx_word' id='word_1_499' title='bbox 1113 2124 1226 2148; x_wconf 86' lang='lat' dir='ltr'>centos</span> <span class='ocrx_word' id='word_1_500' title='bbox 1237 2110 1400 2160; x_wconf 81' lang='lat' dir='ltr'>sexaginta</span> <span class='ocrx_word' id='word_1_501' title='bbox 1410 2110 1478 2145; x_wconf 88' lang='lat' dir='ltr'>dies</span> <span class='ocrx_word' id='word_1_502' title='bbox 1487 2123 1555 2159; x_wconf 90' lang='lat' dir='ltr'>cap.</span> <span class='ocrx_word' id='word_1_503' title='bbox 1570 2123 1581 2144; x_wconf 93' lang='lat'>1</span> <span class='ocrx_word' id='word_1_504' title='bbox 1592 2123 1617 2144; x_wconf 93' lang='lat'>1.</span> <span class='ocrx_word' id='word_1_505' title='bbox 1628 2108 1705 2144; x_wconf 87' lang='lat' dir='ltr'>vers.</span> <span class='ocrx_word' id='word_1_506' title='bbox 1720 2122 1769 2153; x_wconf 80' lang='lat' dir='ltr'>z.3</span> <span class='ocrx_word' id='word_1_507' title='bbox 1778 2134 1786 2142; x_wconf 88' lang='lat'>.</span> <span class='ocrx_word' id='word_1_508' title='bbox 1798 2111 1866 2142; x_wconf 63' lang='grc' dir='ltr'>διε.</span> <span class='ocrx_word' id='word_1_509' title='bbox 1884 2117 2002 2156; x_wconf 63' lang='lat' dir='ltr'>‘⁰&#39;&#39;ffnf&#39;&#39;&#39;</span> 
     </span>
     <span class='ocr_line' id='line_1_88' title="bbox 1112 2156 1993 2216; baseline -0.008 -19"><span class='ocrx_word' id='word_1_510' title='bbox 1112 2164 1368 2210; x_wconf 85' lang='lat' dir='ltr'>interpretantur</span> <span class='ocrx_word' id='word_1_511' title='bbox 1385 2160 1424 2194; x_wconf 87' lang='lat' dir='ltr'>de</span> <span class='ocrx_word' id='word_1_512' title='bbox 1439 2160 1543 2194; x_wconf 90' lang='lat' dir='ltr'>tribus</span> <span class='ocrx_word' id='word_1_513' title='bbox 1555 2160 1647 2193; x_wconf 89' lang='lat' dir='ltr'>annis</span> <span class='ocrx_word' id='word_1_514' title='bbox 1658 2157 1868 2192; x_wconf 83' lang='lat' dir='ltr'>Astronomi-</span> <span class='ocrx_word' id='word_1_515' title='bbox 1882 2156 1942 2176; x_wconf 51' lang='grc' dir='ltr'>’Μ’</span> <span class='ocrx_word' id='word_1_516' title='bbox 1957 2160 1993 2216; x_wconf 59' lang='grc' dir='ltr'>ΨΙ</span> 
     </span>
     <span class='ocr_line' id='line_1_89' title="bbox 1111 2193 2041 2266; baseline -0.005 -21"><span class='ocrx_word' id='word_1_517' title='bbox 1111 2213 1156 2245; x_wconf 92' lang='lat' dir='ltr'>cis</span> <span class='ocrx_word' id='word_1_518' title='bbox 1166 2215 1202 2245; x_wconf 88' lang='lat'>&amp;</span> <span class='ocrx_word' id='word_1_519' title='bbox 1214 2208 1491 2255; x_wconf 84' lang='lat' dir='ltr'>dimidio‚quibus</span> <span class='ocrx_word' id='word_1_520' title='bbox 1502 2209 1614 2241; x_wconf 90' lang='lat' dir='ltr'>civitas</span> <span class='ocrx_word' id='word_1_521' title='bbox 1625 2206 1866 2252; x_wconf 86' lang='lat' dir='ltr'>Hierosolymi-</span> <span class='ocrx_word' id='word_1_522' title='bbox 1883 2193 2015 2266; x_wconf 46' lang='lat'>‘33:2⁰⁷‘</span> <span class='ocrx_word' id='word_1_523' title='bbox 2040 2208 2041 2211; x_wconf 73' lang='grc'>’</span> 
     </span>
     <span class='ocr_line' id='line_1_90' title="bbox 1111 2238 2010 2308; baseline -0.001 -16"><span class='ocrx_word' id='word_1_524' title='bbox 1111 2270 1185 2292; x_wconf 88' lang='lat' dir='ltr'>tana</span> <span class='ocrx_word' id='word_1_525' title='bbox 1203 2258 1243 2291; x_wconf 88' lang='lat' dir='ltr'>ab</span> <span class='ocrx_word' id='word_1_526' title='bbox 1264 2257 1363 2291; x_wconf 54' lang='lat' dir='ltr'>Alio</span> <span class='ocrx_word' id='word_1_527' title='bbox 1386 2256 1523 2291; x_wconf 78' lang='lat' dir='ltr'>Adriano</span> <span class='ocrx_word' id='word_1_528' title='bbox 1538 2253 1597 2291; x_wconf 91' lang='lat' dir='ltr'>sub</span> <span class='ocrx_word' id='word_1_529' title='bbox 1618 2255 1676 2290; x_wconf 91' lang='lat' dir='ltr'>suo</span> <span class='ocrx_word' id='word_1_530' title='bbox 1697 2258 1784 2292; x_wconf 80' lang='lat' dir='ltr'>AEliae</span> <span class='ocrx_word' id='word_1_531' title='bbox 1805 2271 1866 2292; x_wconf 88' lang='lat' dir='ltr'>no-</span> <span class='ocrx_word' id='word_1_532' title='bbox 1881 2238 2010 2308; x_wconf 53' lang='lat' dir='ltr'>pinsalj&#39;i:</span> 
     </span>
    </p>
   </div>
   <div class='ocr_carea' id='block_1_8' title="bbox 1113 2304 1934 2342">
    <p class='ocr_par' dir='ltr' id='par_1_16' title="bbox 1113 2304 1934 2342">
     <span class='ocr_line' id='line_1_91' title="bbox 1113 2304 1934 2342; baseline 0 -2"><span class='ocrx_word' id='word_1_533' title='bbox 1113 2307 1202 2340; x_wconf 88' lang='lat' dir='ltr'>mine</span> <span class='ocrx_word' id='word_1_534' title='bbox 1213 2304 1415 2342; x_wconf 81' lang='lat' dir='ltr'>reaedificata,</span> <span class='ocrx_word' id='word_1_535' title='bbox 1429 2306 1681 2341; x_wconf 84' lang='lat' dir='ltr'>conculcabatur</span> <span class='ocrx_word' id='word_1_536' title='bbox 1698 2306 1738 2340; x_wconf 88' lang='lat' dir='ltr'>ab</span> <span class='ocrx_word' id='word_1_537' title='bbox 1751 2306 1867 2342; x_wconf 84' lang='lat' dir='ltr'>Ethni-</span> <span class='ocrx_word' id='word_1_538' title='bbox 1885 2320 1934 2341; x_wconf 79' lang='lat' dir='ltr'>tas.</span> 
     </span>
    </p>
   </div>
   <div class='ocr_carea' id='block_1_9' title="bbox 149 2757 281 2872">
    <p class='ocr_par' dir='ltr' id='par_1_17' title="bbox 149 2757 281 2872">
     <span class='ocr_line' id='line_1_92' title="bbox 153 2757 280 2786; baseline 0.016 -4"><span class='ocrx_word' id='word_1_539' title='bbox 153 2757 239 2785; x_wconf 67' lang='lat' dir='ltr'>Grotil</span> <span class='ocrx_word' id='word_1_540' title='bbox 248 2764 280 2786; x_wconf 53' lang='grc' dir='ltr'><em>Θ</em></span> 
     </span>
     <span class='ocr_line' id='line_1_93' title="bbox 153 2797 281 2824; baseline 0 0"><span class='ocrx_word' id='word_1_541' title='bbox 153 2797 281 2824; x_wconf 77' lang='lat' dir='ltr'>Hamondi</span> 
     </span>
     <span class='ocr_line' id='line_1_94' title="bbox 149 2840 269 2872; baseline 0.008 -8"><span class='ocrx_word' id='word_1_542' title='bbox 149 2840 269 2872; x_wconf 54' lang='lat' dir='ltr'>putentia</span> 
     </span>
    </p>
   </div>
   <div class='ocr_carea' id='block_1_10' title="bbox 148 2877 261 2913">
    <p class='ocr_par' dir='ltr' id='par_1_18' title="bbox 148 2877 261 2913">
     <span class='ocr_line' id='line_1_95' title="bbox 148 2877 261 2913; baseline 0.018 -6"><span class='ocrx_word' id='word_1_543' title='bbox 148 2877 261 2913; x_wconf 61' lang='lat' dir='ltr'>alfitrda.</span> 
     </span>
    </p>
   </div>
   <div class='ocr_carea' id='block_1_11' title="bbox 305 2349 1068 3243">
    <p class='ocr_par' dir='ltr' id='par_1_19' title="bbox 305 2349 1068 2738">
     <span class='ocr_line' id='line_1_96' title="bbox 307 2349 1065 2403; baseline 0.004 -16"><span class='ocrx_word' id='word_1_544' title='bbox 307 2369 385 2390; x_wconf 88' lang='lat' dir='ltr'>vero</span> <span class='ocrx_word' id='word_1_545' title='bbox 397 2380 408 2396; x_wconf 91' lang='lat'>,</span> <span class='ocrx_word' id='word_1_546' title='bbox 427 2366 464 2390; x_wconf 92' lang='lat' dir='ltr'>ut</span> <span class='ocrx_word' id='word_1_547' title='bbox 476 2355 598 2401; x_wconf 89' lang='lat' dir='ltr'>Jesuita</span> <span class='ocrx_word' id='word_1_548' title='bbox 610 2349 733 2403; x_wconf 70' lang='lat' dir='ltr'>Alcafhr</span> <span class='ocrx_word' id='word_1_549' title='bbox 744 2356 776 2390; x_wconf 89' lang='lat' dir='ltr'>in</span> <span class='ocrx_word' id='word_1_550' title='bbox 788 2353 925 2402; x_wconf 89' lang='lat' dir='ltr'>operoso</span> <span class='ocrx_word' id='word_1_551' title='bbox 941 2357 998 2390; x_wconf 92' lang='lat' dir='ltr'>illo</span> <span class='ocrx_word' id='word_1_552' title='bbox 1007 2355 1065 2390; x_wconf 90' lang='lat' dir='ltr'>suo</span> 
     </span>
     <span class='ocr_line' id='line_1_97' title="bbox 305 2403 1066 2452; baseline -0.001 -14"><span class='ocrx_word' id='word_1_553' title='bbox 305 2405 344 2439; x_wconf 90' lang='lat' dir='ltr'>ad</span> <span class='ocrx_word' id='word_1_554' title='bbox 354 2403 571 2452; x_wconf 85' lang='lat' dir='ltr'>Apocalypsin</span> <span class='ocrx_word' id='word_1_555' title='bbox 583 2407 824 2439; x_wconf 80' lang='lat' dir='ltr'>commentario</span> <span class='ocrx_word' id='word_1_556' title='bbox 837 2417 905 2451; x_wconf 74' lang='lat' dir='ltr'>cap·</span> <span class='ocrx_word' id='word_1_557' title='bbox 921 2417 934 2439; x_wconf 94' lang='lat'>1</span> <span class='ocrx_word' id='word_1_558' title='bbox 948 2417 974 2440; x_wconf 88' lang='lat'>1.</span> <span class='ocrx_word' id='word_1_559' title='bbox 987 2419 1019 2441; x_wconf 83' lang='lat' dir='ltr'>v.</span> <span class='ocrx_word' id='word_1_560' title='bbox 1038 2418 1066 2439; x_wconf 85' lang='lat' dir='ltr'>z.</span> 
     </span>
     <span class='ocr_line' id='line_1_98' title="bbox 305 2452 1065 2502; baseline 0.001 -14"><span class='ocrx_word' id='word_1_561' title='bbox 305 2453 464 2488; x_wconf 83' lang='lat' dir='ltr'>sodalium</span> <span class='ocrx_word' id='word_1_562' title='bbox 482 2452 671 2488; x_wconf 82' lang='lat' dir='ltr'>sententiam</span> <span class='ocrx_word' id='word_1_563' title='bbox 692 2452 804 2502; x_wconf 70' lang='lat' dir='ltr'>aperte</span> <span class='ocrx_word' id='word_1_564' title='bbox 826 2455 1009 2502; x_wconf 86' lang='lat' dir='ltr'>relinquat,</span> <span class='ocrx_word' id='word_1_565' title='bbox 1032 2459 1065 2489; x_wconf 74' lang='grc' dir='ltr'>δε</span> 
     </span>
     <span class='ocr_line' id='line_1_99' title="bbox 307 2503 1068 2539; baseline 0.003 -2"><span class='ocrx_word' id='word_1_566' title='bbox 307 2514 371 2538; x_wconf 78' lang='lat' dir='ltr'>tres</span> <span class='ocrx_word' id='word_1_567' title='bbox 386 2503 513 2538; x_wconf 85' lang='lat' dir='ltr'>nostros</span> <span class='ocrx_word' id='word_1_568' title='bbox 532 2516 635 2538; x_wconf 85' lang='lat' dir='ltr'>annos</span> <span class='ocrx_word' id='word_1_569' title='bbox 651 2516 727 2538; x_wconf 90' lang='lat' dir='ltr'>cum</span> <span class='ocrx_word' id='word_1_570' title='bbox 738 2503 876 2538; x_wconf 89' lang='lat' dir='ltr'>dimidio</span> <span class='ocrx_word' id='word_1_571' title='bbox 894 2503 1068 2539; x_wconf 51' lang='lat' dir='ltr'>&amp;Patribus</span> 
     </span>
     <span class='ocr_line' id='line_1_100' title="bbox 308 2549 1064 2600; baseline 0.001 -13"><span class='ocrx_word' id='word_1_572' title='bbox 308 2549 515 2588; x_wconf 57' lang='lat' dir='ltr'>&lt;Ambusto</span> <span class='ocrx_word' id='word_1_573' title='bbox 527 2552 706 2587; x_wconf 80' lang='lat' dir='ltr'>attributos</span> <span class='ocrx_word' id='word_1_574' title='bbox 716 2577 725 2589; x_wconf 85' lang='lat'><strong>,</strong></span> <span class='ocrx_word' id='word_1_575' title='bbox 748 2567 806 2600; x_wconf 89' lang='lat' dir='ltr'>pro</span> <span class='ocrx_word' id='word_1_576' title='bbox 816 2553 1021 2599; x_wconf 85' lang='lat' dir='ltr'>Propheticis</span> <span class='ocrx_word' id='word_1_577' title='bbox 1033 2558 1064 2588; x_wconf 88' lang='lat'>&amp;</span> 
     </span>
     <span class='ocr_line' id='line_1_101' title="bbox 308 2601 1067 2651; baseline 0.003 -15"><span class='ocrx_word' id='word_1_578' title='bbox 308 2603 501 2649; x_wconf 85' lang='lat' dir='ltr'>parabolicis</span> <span class='ocrx_word' id='word_1_579' title='bbox 519 2603 678 2648; x_wconf 60' lang='lat' dir='ltr'>accipiam</span> <span class='ocrx_word' id='word_1_580' title='bbox 702 2602 823 2637; x_wconf 83' lang='lat' dir='ltr'>talibus</span> <span class='ocrx_word' id='word_1_581' title='bbox 842 2601 965 2637; x_wconf 87' lang='lat' dir='ltr'>scilicet</span> <span class='ocrx_word' id='word_1_582' title='bbox 984 2617 1067 2651; x_wconf 89' lang='lat' dir='ltr'>quos</span> 
     </span>
     <span class='ocr_line' id='line_1_102' title="bbox 307 2651 1065 2688; baseline 0.004 -3"><span class='ocrx_word' id='word_1_583' title='bbox 307 2653 426 2687; x_wconf 76' lang='lat' dir='ltr'>necesse</span> <span class='ocrx_word' id='word_1_584' title='bbox 445 2651 489 2686; x_wconf 85' lang='lat' dir='ltr'>est</span> <span class='ocrx_word' id='word_1_585' title='bbox 501 2651 643 2685; x_wconf 77' lang='lat' dir='ltr'>multum</span> <span class='ocrx_word' id='word_1_586' title='bbox 658 2652 739 2687; x_wconf 89' lang='lat' dir='ltr'>ultra</span> <span class='ocrx_word' id='word_1_587' title='bbox 752 2652 1065 2688; x_wconf 82' lang='lat' dir='ltr'>Astronomicorum</span> 
     </span>
     <span class='ocr_line' id='line_1_103' title="bbox 306 2699 628 2738; baseline -0.003 -4"><span class='ocrx_word' id='word_1_588' title='bbox 306 2702 426 2736; x_wconf 86' lang='lat' dir='ltr'>limites</span> <span class='ocrx_word' id='word_1_589' title='bbox 441 2699 628 2738; x_wconf 69' lang='lat' dir='ltr'>extendere.</span> 
     </span>
    </p>

    <p class='ocr_par' dir='ltr' id='par_1_20' title="bbox 306 2748 1066 3243">
     <span class='ocr_line' id='line_1_104' title="bbox 354 2748 1066 2800; baseline -0.003 -15"><span class='ocrx_word' id='word_1_590' title='bbox 354 2753 467 2785; x_wconf 85' lang='lat' dir='ltr'>Tertia</span> <span class='ocrx_word' id='word_1_591' title='bbox 483 2749 640 2784; x_wconf 83' lang='lat' dir='ltr'>sententia</span> <span class='ocrx_word' id='word_1_592' title='bbox 661 2748 705 2783; x_wconf 88' lang='lat' dir='ltr'>est</span> <span class='ocrx_word' id='word_1_593' title='bbox 726 2751 861 2800; x_wconf 65' lang='lat' dir='ltr'>Hugonia</span> <span class='ocrx_word' id='word_1_594' title='bbox 875 2750 969 2784; x_wconf 85' lang='lat' dir='ltr'>Grotii</span> <span class='ocrx_word' id='word_1_595' title='bbox 985 2748 1066 2795; x_wconf 82' lang='lat' dir='ltr'>ejus-</span> 
     </span>
     <span class='ocr_line' id='line_1_105' title="bbox 309 2799 1064 2847; baseline 0 -14"><span class='ocrx_word' id='word_1_596' title='bbox 309 2811 371 2845; x_wconf 85' lang='lat' dir='ltr'>que</span> <span class='ocrx_word' id='word_1_597' title='bbox 400 2799 586 2847; x_wconf 83' lang='lat' dir='ltr'>parafitastri</span> <span class='ocrx_word' id='word_1_598' title='bbox 615 2799 773 2832; x_wconf 64' lang='lat' dir='ltr'>Doctoris</span> <span class='ocrx_word' id='word_1_599' title='bbox 794 2799 957 2834; x_wconf 76' lang='lat' dir='ltr'>Hamondi.</span> <span class='ocrx_word' id='word_1_600' title='bbox 994 2802 1064 2840; x_wconf 90' lang='lat' dir='ltr'>Qni</span> 
     </span>
     <span class='ocr_line' id='line_1_106' title="bbox 308 2849 1066 2895; baseline 0.003 -14"><span class='ocrx_word' id='word_1_601' title='bbox 308 2849 451 2894; x_wconf 81' lang='lat' dir='ltr'>ipsorum</span> <span class='ocrx_word' id='word_1_602' title='bbox 469 2850 725 2884; x_wconf 86' lang='lat' dir='ltr'>commentarios</span> <span class='ocrx_word' id='word_1_603' title='bbox 739 2849 770 2881; x_wconf 87' lang='lat' dir='ltr'>in</span> <span class='ocrx_word' id='word_1_604' title='bbox 782 2849 875 2883; x_wconf 85' lang='lat' dir='ltr'>locos</span> <span class='ocrx_word' id='word_1_605' title='bbox 887 2861 948 2895; x_wconf 86' lang='lat' dir='ltr'>prae</span> <span class='ocrx_word' id='word_1_606' title='bbox 961 2851 1066 2884; x_wconf 86' lang='lat' dir='ltr'>mani-</span> 
     </span>
     <span class='ocr_line' id='line_1_107' title="bbox 311 2896 1064 2938; baseline 0.004 -8"><span class='ocrx_word' id='word_1_607' title='bbox 311 2896 370 2931; x_wconf 84' lang='lat' dir='ltr'>bus</span> <span class='ocrx_word' id='word_1_608' title='bbox 380 2898 579 2933; x_wconf 88' lang='lat' dir='ltr'>consuluerit</span> <span class='ocrx_word' id='word_1_609' title='bbox 591 2922 601 2938; x_wconf 89' lang='lat'><strong>,</strong></span> <span class='ocrx_word' id='word_1_610' title='bbox 615 2896 850 2933; x_wconf 87' lang='lat' dir='ltr'>animadvertet</span> <span class='ocrx_word' id='word_1_611' title='bbox 860 2910 916 2933; x_wconf 89' lang='lat' dir='ltr'>eos</span> <span class='ocrx_word' id='word_1_612' title='bbox 929 2898 981 2933; x_wconf 85' lang='lat' dir='ltr'>liic</span> <span class='ocrx_word' id='word_1_613' title='bbox 993 2922 1002 2937; x_wconf 90' lang='lat'>‚</span> <span class='ocrx_word' id='word_1_614' title='bbox 1029 2909 1064 2933; x_wconf 91' lang='lat' dir='ltr'>ut</span> 
     </span>
     <span class='ocr_line' id='line_1_108' title="bbox 308 2946 1065 2995; baseline 0.004 -16"><span class='ocrx_word' id='word_1_615' title='bbox 308 2947 382 2981; x_wconf 89' lang='lat' dir='ltr'>alias</span> <span class='ocrx_word' id='word_1_616' title='bbox 395 2947 472 2995; x_wconf 82' lang='lat' dir='ltr'>saepe</span> <span class='ocrx_word' id='word_1_617' title='bbox 484 2976 491 2988; x_wconf 94' lang='lat'>,</span> <span class='ocrx_word' id='word_1_618' title='bbox 513 2946 689 2995; x_wconf 81' lang='lat' dir='ltr'>singulares</span> <span class='ocrx_word' id='word_1_619' title='bbox 702 2950 734 2980; x_wconf 85' lang='lat'>&amp;</span> <span class='ocrx_word' id='word_1_620' title='bbox 745 2947 893 2982; x_wconf 87' lang='lat' dir='ltr'>absurdas</span> <span class='ocrx_word' id='word_1_621' title='bbox 904 2950 1065 2983; x_wconf 89' lang='lat' dir='ltr'>novitates</span> 
     </span>
     <span class='ocr_line' id='line_1_109' title="bbox 308 2993 1062 3045; baseline 0.003 -17"><span class='ocrx_word' id='word_1_622' title='bbox 308 2993 466 3033; x_wconf 65' lang='lat' dir='ltr'>affeetare.</span> <span class='ocrx_word' id='word_1_623' title='bbox 495 2998 624 3032; x_wconf 84' lang='lat' dir='ltr'>Volunt</span> <span class='ocrx_word' id='word_1_624' title='bbox 646 2995 805 3031; x_wconf 76' lang='lat' dir='ltr'>Danielem</span> <span class='ocrx_word' id='word_1_625' title='bbox 826 2997 947 3045; x_wconf 88' lang='lat' dir='ltr'>ubique</span> <span class='ocrx_word' id='word_1_626' title='bbox 970 2999 1062 3032; x_wconf 74' lang='lat' dir='ltr'>oAn-</span> 
     </span>
     <span class='ocr_line' id='line_1_110' title="bbox 306 3042 1063 3095; baseline 0.008 -20"><span class='ocrx_word' id='word_1_627' title='bbox 306 3042 393 3077; x_wconf 72' lang='lat' dir='ltr'>tiochi</span> <span class='ocrx_word' id='word_1_628' title='bbox 414 3057 561 3093; x_wconf 88' lang='lat' dir='ltr'>tempora</span> <span class='ocrx_word' id='word_1_629' title='bbox 583 3045 752 3094; x_wconf 77' lang='lat' dir='ltr'>indigitare</span> <span class='ocrx_word' id='word_1_630' title='bbox 767 3071 776 3083; x_wconf 94' lang='lat'><em>‚</em></span> <span class='ocrx_word' id='word_1_631' title='bbox 800 3059 860 3081; x_wconf 88' lang='lat' dir='ltr'>nec</span> <span class='ocrx_word' id='word_1_632' title='bbox 888 3049 1063 3095; x_wconf 89' lang='lat' dir='ltr'>quicquam</span> 
     </span>
     <span class='ocr_line' id='line_1_111' title="bbox 307 3093 1061 3140; baseline 0.009 -17"><span class='ocrx_word' id='word_1_633' title='bbox 307 3095 449 3128; x_wconf 88' lang='lat' dir='ltr'>omnino</span> <span class='ocrx_word' id='word_1_634' title='bbox 469 3096 507 3129; x_wconf 87' lang='lat' dir='ltr'>de</span> <span class='ocrx_word' id='word_1_635' title='bbox 528 3093 709 3140; x_wconf 79' lang='lat' dir='ltr'>Antichristo</span> <span class='ocrx_word' id='word_1_636' title='bbox 730 3107 933 3132; x_wconf 79' lang='lat' dir='ltr'>memorare3</span> <span class='ocrx_word' id='word_1_637' title='bbox 953 3097 986 3130; x_wconf 87' lang='lat' dir='ltr'>in</span> <span class='ocrx_word' id='word_1_638' title='bbox 998 3095 1061 3130; x_wconf 86' lang='lat' dir='ltr'>hoc</span> 
     </span>
     <span class='ocr_line' id='line_1_112' title="bbox 306 3140 1061 3193; baseline 0.008 -19"><span class='ocrx_word' id='word_1_639' title='bbox 306 3140 388 3174; x_wconf 63' lang='lat' dir='ltr'>Iunii</span> <span class='ocrx_word' id='word_1_640' title='bbox 399 3143 468 3175; x_wconf 86' lang='lat' dir='ltr'>satis</span> <span class='ocrx_word' id='word_1_641' title='bbox 479 3143 628 3190; x_wconf 85' lang='lat' dir='ltr'>sequaces</span> <span class='ocrx_word' id='word_1_642' title='bbox 640 3160 648 3185; x_wconf 88' lang='lat'>·,</span> <span class='ocrx_word' id='word_1_643' title='bbox 678 3146 738 3180; x_wconf 73' lang='lat' dir='ltr'>Sed</span> <span class='ocrx_word' id='word_1_644' title='bbox 748 3146 781 3180; x_wconf 91' lang='lat' dir='ltr'>in</span> <span class='ocrx_word' id='word_1_645' title='bbox 792 3145 988 3193; x_wconf 83' lang='lat' dir='ltr'>Apocalypsi</span> <span class='ocrx_word' id='word_1_646' title='bbox 999 3147 1061 3180; x_wconf 90' lang='lat' dir='ltr'>mi-</span> 
     </span>
     <span class='ocr_line' id='line_1_113' title="bbox 308 3188 1063 3243; baseline 0.008 -20"><span class='ocrx_word' id='word_1_647' title='bbox 308 3188 342 3223; x_wconf 64' lang='lat' dir='ltr'>rcx</span> <span class='ocrx_word' id='word_1_648' title='bbox 368 3188 443 3225; x_wconf 88' lang='lat' dir='ltr'>sunt</span> <span class='ocrx_word' id='word_1_649' title='bbox 476 3192 655 3239; x_wconf 83' lang='lat' dir='ltr'>versipelles</span> <span class='ocrx_word' id='word_1_650' title='bbox 681 3199 713 3230; x_wconf 84' lang='lat'>&amp;</span> <span class='ocrx_word' id='word_1_651' title='bbox 749 3194 904 3243; x_wconf 69' lang='lat' dir='ltr'>perfritstae</span> <span class='ocrx_word' id='word_1_652' title='bbox 933 3194 1063 3231; x_wconf 85' lang='lat' dir='ltr'>frontis-</span> 
     </span>
    </p>
   </div>
   <div class='ocr_carea' id='block_1_12' title="bbox 1081 204 1096 3231">
    <p class='ocr_par' dir='ltr' id='par_1_21' title="bbox 1081 204 1096 3231">
     <span class='ocr_line' id='line_1_114' title="bbox 1081 204 1096 3231; baseline 0 0"><span class='ocrx_word' id='word_1_653' title='bbox 1081 204 1096 3231; x_wconf 95' lang='lat' dir='ltr'> </span> 
     </span>
    </p>
   </div>
   <div class='ocr_carea' id='block_1_13' title="bbox 1110 2356 1872 3277">
    <p class='ocr_par' dir='ltr' id='par_1_22' title="bbox 1111 2356 1872 3090">
     <span class='ocr_line' id='line_1_115' title="bbox 1113 2356 1870 2403; baseline 0 -13"><span class='ocrx_word' id='word_1_654' title='bbox 1113 2359 1157 2390; x_wconf 88' lang='lat' dir='ltr'>cis</span> <span class='ocrx_word' id='word_1_655' title='bbox 1168 2356 1322 2390; x_wconf 82' lang='lat' dir='ltr'>Coloniae</span> <span class='ocrx_word' id='word_1_656' title='bbox 1339 2356 1498 2390; x_wconf 77' lang='lat' dir='ltr'>Romanae</span> <span class='ocrx_word' id='word_1_657' title='bbox 1512 2380 1523 2396; x_wconf 90' lang='lat'>‚</span> <span class='ocrx_word' id='word_1_658' title='bbox 1544 2357 1642 2403; x_wconf 85' lang='lat' dir='ltr'>quiin</span> <span class='ocrx_word' id='word_1_659' title='bbox 1653 2356 1780 2402; x_wconf 85' lang='lat' dir='ltr'>templo</span> <span class='ocrx_word' id='word_1_660' title='bbox 1792 2358 1870 2390; x_wconf 74' lang='lat' dir='ltr'><em>lovis</em></span> 
     </span>
     <span class='ocr_line' id='line_1_116' title="bbox 1114 2403 1870 2452; baseline 0 -12"><span class='ocrx_word' id='word_1_661' title='bbox 1114 2403 1259 2452; x_wconf 82' lang='lat' dir='ltr'>Olympici</span> <span class='ocrx_word' id='word_1_662' title='bbox 1269 2406 1303 2438; x_wconf 93' lang='lat' dir='ltr'>in</span> <span class='ocrx_word' id='word_1_663' title='bbox 1316 2406 1424 2439; x_wconf 87' lang='lat' dir='ltr'>Zione</span> <span class='ocrx_word' id='word_1_664' title='bbox 1436 2406 1586 2439; x_wconf 62' lang='lat' dir='ltr'>extructo</span> <span class='ocrx_word' id='word_1_665' title='bbox 1594 2405 1684 2440; x_wconf 87' lang='lat' dir='ltr'>idola</span> <span class='ocrx_word' id='word_1_666' title='bbox 1696 2405 1870 2440; x_wconf 88' lang='lat' dir='ltr'>colebant:</span> 
     </span>
     <span class='ocr_line' id='line_1_117' title="bbox 1113 2453 1872 2502; baseline 0.003 -13"><span class='ocrx_word' id='word_1_667' title='bbox 1113 2457 1214 2489; x_wconf 86' lang='lat' dir='ltr'>etiam</span> <span class='ocrx_word' id='word_1_668' title='bbox 1233 2453 1402 2500; x_wconf 73' lang='lat' dir='ltr'>aprofanis</span> <span class='ocrx_word' id='word_1_669' title='bbox 1415 2454 1548 2501; x_wconf 87' lang='lat' dir='ltr'>Judaeis‚</span> <span class='ocrx_word' id='word_1_670' title='bbox 1568 2464 1680 2489; x_wconf 90' lang='lat' dir='ltr'>contra</span> <span class='ocrx_word' id='word_1_671' title='bbox 1699 2467 1784 2502; x_wconf 90' lang='lat' dir='ltr'>quos</span> <span class='ocrx_word' id='word_1_672' title='bbox 1801 2456 1872 2491; x_wconf 85' lang='lat' dir='ltr'>duae</span> 
     </span>
     <span class='ocr_line' id='line_1_118' title="bbox 1113 2503 1871 2552; baseline 0.003 -14"><span class='ocrx_word' id='word_1_673' title='bbox 1113 2503 1259 2540; x_wconf 75' lang='lat' dir='ltr'>Ecclesiae</span> <span class='ocrx_word' id='word_1_674' title='bbox 1270 2504 1472 2545; x_wconf 76' lang='lat' dir='ltr'>Christianae,</span> <span class='ocrx_word' id='word_1_675' title='bbox 1483 2506 1580 2539; x_wconf 86' lang='lat' dir='ltr'>altera</span> <span class='ocrx_word' id='word_1_676' title='bbox 1588 2517 1625 2538; x_wconf 84' lang='lat' dir='ltr'>ex</span> <span class='ocrx_word' id='word_1_677' title='bbox 1636 2503 1871 2552; x_wconf 85' lang='lat' dir='ltr'>Judaeis‚altera</span> 
     </span>
     <span class='ocr_line' id='line_1_119' title="bbox 1113 2552 1871 2602; baseline 0 -13"><span class='ocrx_word' id='word_1_678' title='bbox 1113 2568 1150 2589; x_wconf 83' lang='lat' dir='ltr'>ex</span> <span class='ocrx_word' id='word_1_679' title='bbox 1160 2552 1314 2602; x_wconf 85' lang='lat' dir='ltr'>gentibus</span> <span class='ocrx_word' id='word_1_680' title='bbox 1328 2552 1563 2599; x_wconf 85' lang='lat' dir='ltr'>Hierosolymis</span> <span class='ocrx_word' id='word_1_681' title='bbox 1573 2565 1643 2587; x_wconf 87' lang='lat' dir='ltr'>tum</span> <span class='ocrx_word' id='word_1_682' title='bbox 1656 2566 1871 2601; x_wconf 68' lang='lat' dir='ltr'>congregatae,</span> 
     </span>
     <span class='ocr_line' id='line_1_120' title="bbox 1113 2602 1869 2650; baseline 0 -12"><span class='ocrx_word' id='word_1_683' title='bbox 1113 2615 1295 2649; x_wconf 85' lang='lat' dir='ltr'>eorumque</span> <span class='ocrx_word' id='word_1_684' title='bbox 1320 2603 1387 2636; x_wconf 91' lang='lat' dir='ltr'>duo</span> <span class='ocrx_word' id='word_1_685' title='bbox 1419 2602 1571 2649; x_wconf 85' lang='lat' dir='ltr'>Episcopi</span> <span class='ocrx_word' id='word_1_686' title='bbox 1606 2602 1695 2636; x_wconf 69' lang='lat' dir='ltr'>dieto</span> <span class='ocrx_word' id='word_1_687' title='bbox 1721 2614 1869 2650; x_wconf 86' lang='lat' dir='ltr'>tempore</span> 
     </span>
     <span class='ocr_line' id='line_1_121' title="bbox 1115 2650 1868 2701; baseline -0.004 -14"><span class='ocrx_word' id='word_1_688' title='bbox 1115 2651 1328 2701; x_wconf 87' lang='lat' dir='ltr'>praedicabant</span> <span class='ocrx_word' id='word_1_689' title='bbox 1341 2667 1352 2695; x_wconf 79' lang='lat'>3</span> <span class='ocrx_word' id='word_1_690' title='bbox 1366 2652 1472 2686; x_wconf 89' lang='lat' dir='ltr'>donec</span> <span class='ocrx_word' id='word_1_691' title='bbox 1484 2650 1632 2688; x_wconf 16' lang='lat' dir='ltr'>Barcovzab</span> <span class='ocrx_word' id='word_1_692' title='bbox 1644 2650 1868 2687; x_wconf 83' lang='lat' dir='ltr'>seditiosorum</span> 
     </span>
     <span class='ocr_line' id='line_1_122' title="bbox 1118 2700 1867 2748; baseline 0 -13"><span class='ocrx_word' id='word_1_693' title='bbox 1118 2702 1299 2747; x_wconf 80' lang='lat' dir='ltr'>Judaeorurn</span> <span class='ocrx_word' id='word_1_694' title='bbox 1320 2701 1384 2736; x_wconf 86' lang='lat' dir='ltr'>dux</span> <span class='ocrx_word' id='word_1_695' title='bbox 1398 2725 1408 2742; x_wconf 92' lang='lat'>‚</span> <span class='ocrx_word' id='word_1_696' title='bbox 1435 2701 1594 2748; x_wconf 72' lang='lat' dir='ltr'>occupatfi</span> <span class='ocrx_word' id='word_1_697' title='bbox 1612 2701 1694 2736; x_wconf 67' lang='lat' dir='ltr'>AEliz&#39;i</span> <span class='ocrx_word' id='word_1_698' title='bbox 1709 2702 1785 2736; x_wconf 84' lang='lat' dir='ltr'>duas</span> <span class='ocrx_word' id='word_1_699' title='bbox 1797 2700 1867 2736; x_wconf 86' lang='lat' dir='ltr'>illas</span> 
     </span>
     <span class='ocr_line' id='line_1_123' title="bbox 1111 2749 1866 2798; baseline 0 -14"><span class='ocrx_word' id='word_1_700' title='bbox 1111 2749 1268 2785; x_wconf 85' lang='lat' dir='ltr'>Ecclesias</span> <span class='ocrx_word' id='word_1_701' title='bbox 1287 2751 1521 2785; x_wconf 81' lang='lat' dir='ltr'>Romanorum</span> <span class='ocrx_word' id='word_1_702' title='bbox 1540 2751 1684 2798; x_wconf 74' lang='lat' dir='ltr'>partibus</span> <span class='ocrx_word' id='word_1_703' title='bbox 1707 2761 1819 2785; x_wconf 87' lang='lat' dir='ltr'>contra</span> <span class='ocrx_word' id='word_1_704' title='bbox 1836 2750 1866 2785; x_wconf 89' lang='lat' dir='ltr'>se</span> 
     </span>
     <span class='ocr_line' id='line_1_124' title="bbox 1112 2799 1864 2847; baseline -0.001 -12"><span class='ocrx_word' id='word_1_705' title='bbox 1112 2800 1307 2835; x_wconf 80' lang='lat' dir='ltr'>adhaerentes</span> <span class='ocrx_word' id='word_1_706' title='bbox 1321 2799 1571 2847; x_wconf 72' lang='lat' dir='ltr'>pessundedisset.</span> <span class='ocrx_word' id='word_1_707' title='bbox 1604 2804 1704 2834; x_wconf 88' lang='lat' dir='ltr'>Parvo</span> <span class='ocrx_word' id='word_1_708' title='bbox 1717 2809 1864 2846; x_wconf 84' lang='lat' dir='ltr'>tempore</span> 
     </span>
     <span class='ocr_line' id='line_1_125' title="bbox 1112 2848 1866 2897; baseline 0.001 -15"><span class='ocrx_word' id='word_1_709' title='bbox 1112 2850 1167 2884; x_wconf 92' lang='lat' dir='ltr'>sub</span> <span class='ocrx_word' id='word_1_710' title='bbox 1180 2851 1350 2886; x_wconf 64' lang='lat' dir='ltr'>Barcozabae</span> <span class='ocrx_word' id='word_1_711' title='bbox 1360 2850 1494 2897; x_wconf 86' lang='lat' dir='ltr'>pedibus</span> <span class='ocrx_word' id='word_1_712' title='bbox 1509 2848 1596 2897; x_wconf 81' lang='lat' dir='ltr'>quasi</span> <span class='ocrx_word' id='word_1_713' title='bbox 1615 2850 1736 2882; x_wconf 89' lang='lat' dir='ltr'>mortui</span> <span class='ocrx_word' id='word_1_714' title='bbox 1751 2853 1866 2893; x_wconf 85' lang='lat' dir='ltr'>jacen-</span> 
     </span>
     <span class='ocr_line' id='line_1_126' title="bbox 1111 2897 1865 2936; baseline 0 -3"><span class='ocrx_word' id='word_1_715' title='bbox 1111 2910 1160 2933; x_wconf 89' lang='lat' dir='ltr'>tes</span> <span class='ocrx_word' id='word_1_716' title='bbox 1182 2900 1374 2934; x_wconf 90' lang='lat' dir='ltr'>miraculosa</span> <span class='ocrx_word' id='word_1_717' title='bbox 1393 2900 1457 2933; x_wconf 82' lang='lat' dir='ltr'>Dei</span> <span class='ocrx_word' id='word_1_718' title='bbox 1476 2900 1593 2933; x_wconf 87' lang='lat' dir='ltr'>virtute</span> <span class='ocrx_word' id='word_1_719' title='bbox 1612 2897 1738 2931; x_wconf 82' lang='lat' dir='ltr'>liberati</span> <span class='ocrx_word' id='word_1_720' title='bbox 1754 2923 1763 2936; x_wconf 86' lang='lat'>,</span> <span class='ocrx_word' id='word_1_721' title='bbox 1791 2912 1865 2935; x_wconf 88' lang='lat' dir='ltr'>cum</span> 
     </span>
     <span class='ocr_line' id='line_1_127' title="bbox 1111 2945 1866 2992; baseline 0 -11"><span class='ocrx_word' id='word_1_722' title='bbox 1111 2949 1341 2982; x_wconf 80' lang='lat' dir='ltr'>Romanorum</span> <span class='ocrx_word' id='word_1_723' title='bbox 1364 2949 1511 2992; x_wconf 78' lang='lat' dir='ltr'>legiones</span> <span class='ocrx_word' id='word_1_724' title='bbox 1529 2945 1726 2983; x_wconf 59' lang='lat' dir='ltr'>Barrozabam</span> <span class='ocrx_word' id='word_1_725' title='bbox 1744 2949 1866 2982; x_wconf 82' lang='lat' dir='ltr'>Hiero-</span> 
     </span>
     <span class='ocr_line' id='line_1_128' title="bbox 1111 2994 1867 3045; baseline 0 -14"><span class='ocrx_word' id='word_1_726' title='bbox 1111 2997 1245 3043; x_wconf 87' lang='lat' dir='ltr'>solymis</span> <span class='ocrx_word' id='word_1_727' title='bbox 1263 2995 1477 3042; x_wconf 79' lang='lat' dir='ltr'>expulissent,</span> <span class='ocrx_word' id='word_1_728' title='bbox 1512 2994 1726 3030; x_wconf 84' lang='lat' dir='ltr'>refloruerunt</span> <span class='ocrx_word' id='word_1_729' title='bbox 1750 2997 1867 3045; x_wconf 84' lang='lat' dir='ltr'>perdu-</span> 
     </span>
     <span class='ocr_line' id='line_1_129' title="bbox 1111 3044 1863 3090; baseline 0 -10"><span class='ocrx_word' id='word_1_730' title='bbox 1111 3057 1216 3081; x_wconf 84' lang='lat' dir='ltr'>rantes</span> <span class='ocrx_word' id='word_1_731' title='bbox 1240 3044 1475 3090; x_wconf 85' lang='lat' dir='ltr'>Hierosolymis</span> <span class='ocrx_word' id='word_1_732' title='bbox 1495 3046 1528 3079; x_wconf 88' lang='lat' dir='ltr'>in</span> <span class='ocrx_word' id='word_1_733' title='bbox 1549 3045 1635 3079; x_wconf 86' lang='lat' dir='ltr'>liunc</span> <span class='ocrx_word' id='word_1_734' title='bbox 1649 3046 1734 3079; x_wconf 88' lang='lat' dir='ltr'>diem</span> <span class='ocrx_word' id='word_1_735' title='bbox 1748 3072 1758 3087; x_wconf 90' lang='lat'><em>‚</em></span> <span class='ocrx_word' id='word_1_736' title='bbox 1785 3050 1818 3081; x_wconf 87' lang='lat'>&amp;</span> <span class='ocrx_word' id='word_1_737' title='bbox 1831 3048 1863 3080; x_wconf 85' lang='lat' dir='ltr'>in</span> 
     </span>
    </p>

    <p class='ocr_par' dir='ltr' id='par_1_23' title="bbox 1110 3094 1863 3277">
     <span class='ocr_line' id='line_1_130' title="bbox 1110 3094 1715 3142; baseline -0.003 -11"><span class='ocrx_word' id='word_1_738' title='bbox 1110 3107 1269 3131; x_wconf 68' lang='lat' dir='ltr'>aeternum</span> <span class='ocrx_word' id='word_1_739' title='bbox 1285 3094 1328 3128; x_wconf 92' lang='lat' dir='ltr'>ibi</span> <span class='ocrx_word' id='word_1_740' title='bbox 1340 3095 1489 3128; x_wconf 86' lang='lat' dir='ltr'>locorum</span> <span class='ocrx_word' id='word_1_741' title='bbox 1504 3095 1715 3142; x_wconf 82' lang='lat' dir='ltr'>perduraturi.</span> 
     </span>
     <span class='ocr_line' id='line_1_131' title="bbox 1157 3142 1863 3191; baseline -0.001 -13"><span class='ocrx_word' id='word_1_742' title='bbox 1157 3143 1373 3178; x_wconf 88' lang='lat' dir='ltr'>Miserrimam</span> <span class='ocrx_word' id='word_1_743' title='bbox 1392 3142 1475 3177; x_wconf 84' lang='lat' dir='ltr'>lianc</span> <span class='ocrx_word' id='word_1_744' title='bbox 1487 3144 1668 3191; x_wconf 84' lang='lat' dir='ltr'>Apostolici</span> <span class='ocrx_word' id='word_1_745' title='bbox 1689 3143 1794 3179; x_wconf 70' lang='lat' dir='ltr'>textfis</span> <span class='ocrx_word' id='word_1_746' title='bbox 1809 3144 1863 3177; x_wconf 76' lang='lat' dir='ltr'>de-</span> 
     </span>
     <span class='ocr_line' id='line_1_132' title="bbox 1111 3193 1863 3241; baseline -0.004 -13"><span class='ocrx_word' id='word_1_747' title='bbox 1111 3194 1350 3241; x_wconf 85' lang='lat' dir='ltr'>pravationem,</span> <span class='ocrx_word' id='word_1_748' title='bbox 1362 3204 1479 3229; x_wconf 82' lang='lat' dir='ltr'>contra</span> <span class='ocrx_word' id='word_1_749' title='bbox 1494 3195 1646 3229; x_wconf 88' lang='lat' dir='ltr'>omnium</span> <span class='ocrx_word' id='word_1_750' title='bbox 1665 3193 1863 3229; x_wconf 84' lang='lat' dir='ltr'>Christiano·</span> 
     </span>
     <span class='ocr_line' id='line_1_133' title="bbox 1789 3254 1858 3277; baseline -0.014 -3"><span class='ocrx_word' id='word_1_751' title='bbox 1789 3254 1858 3277; x_wconf 71' lang='lat' dir='ltr'>slim</span> 
     </span>
    </p>
   </div>
   <div class='ocr_carea' id='block_1_14' title="bbox 2040 2414 2048 3334">
    <p class='ocr_par' dir='ltr' id='par_1_24' title="bbox 2040 2414 2048 3334">
     <span class='ocr_line' id='line_1_134' title="bbox 2040 2414 2048 3334; baseline 0 0"><span class='ocrx_word' id='word_1_752' title='bbox 2040 2414 2048 3334; x_wconf 95' lang='lat' dir='ltr'> </span> 
     </span>
    </p>
   </div>
  </div>
 </body>
</html>
