2048 3343
277 126 328 155 6ss
612 113 941 150 Oxvl-:Rls

275 182 447 235 saepiusque
456 182 529 233 purfi
538 182 623 218 ablui
634 187 667 218 &
677 183 768 219 vario
778 181 926 231 perfundi
937 183 1025 222 oleo,

274 236 406 271 tandem
417 232 544 269 concidi
557 235 590 268 in
604 234 757 268 minutias
771 258 780 273 ,
797 233 955 267 exclamat
966 232 1026 265 mi-

273 286 419 321 serrimus
432 284 560 319 senecio
571 307 580 323 ,
594 280 705 318 Deum
722 282 964 328 hominumque
975 293 1025 315 te-

273 335 373 370 statur
384 333 482 369 fidem
493 343 606 368 contra
619 344 766 367 natarum
787 330 960 366 infandum
976 327 1025 364 fa·

274 386 381 419 cinus.
409 384 578 418 Clamatur
593 380 711 422 surdis,
730 391 867 429 pergunt
886 382 945 415 illae
962 381 1024 414 ala-

274 445 343 470 cres,
361 431 411 480 spe
430 430 669 467 certa'videndi
688 430 759 478 post
784 431 909 478 aliquot
934 427 1027 463 horas

273 481 508 517 adolescentem
521 491 656 528 patrerm
666 481 868 515 obtruncant
877 477 956 525 ergo
966 477 1027 511 suis

274 532 424 567 manibus
436 558 444 571 ‚
460 529 610 565 dissecant
621 541 706 564 artus
716 555 725 570 ,
739 531 920 574 conjiciunt
931 528 962 559 in
975 539 1029 560 ca-

272 580 385 622 lidam,
398 580 488 615 addit
500 579 614 615 Medea
624 579 848 614 Pharmacum,
857 578 897 610 de
910 573 1028 609 effectu

270 631 363 675 jubet
374 628 431 665 esse
440 631 560 665 securas
575 642 583 663 t
609 640 717 663 curate
731 628 871 673 (inquit)
883 624 1025 659 bullien-

274 691 339 715 tem
354 691 476 726 patrem
497 678 604 713 donec
624 678 640 710 a
652 690 705 711 me
725 679 760 709 in
776 675 886 723 Regiae
898 673 1029 722 fastigio

271 733 366 765 Luna
376 728 431 764 fiat
442 726 645 763 sacrificium.
664 724 867 759 Condixerat
878 724 940 759 hoc
951 736 1028 758 cum

272 779 374 825 Iasone
383 779 497 814 Medea
509 777 633 824 signum
644 797 652 809 ‚
674 787 771 822 quam
785 775 927 820 primum
939 773 1026 807 vide—

272 840 322 863 ret
336 830 471 863 emicare
488 825 670 862 flammam,
690 822 806 858 adeffet
828 821 934 857 statim
953 833 1029 855 cum

272 875 336 911 suis
345 902 354 917 ,
375 888 481 924 parata
492 874 550 909 effe
561 874 682 908 omnia.
712 872 837 906 Adsunt
849 883 930 918 ergo
942 870 1031 904 dieto

274 928 368 959 citius
377 928 409 959 in
422 925 518 972 agris,
528 925 561 958 in
575 923 665 960 urbe,
674 923 706 955 in
718 919 941 970 Regifistrictis
951 919 1031 954 ensi-

275 975 336 1008 bus
352 977 551 1022 Argonautae
564 995 572 1008 ,
590 971 671 1006 nihil
681 984 794 1005 eorum
808 972 961 1006 virtutem
977 982 1030 1003 va-

273 1025 335 1058 luit
346 1023 494 1058 sustinere
505 1047 515 1063 ,
526 1031 732 1067 occupantur
742 1022 856 1055 omnia
868 1044 878 1060 ,
899 1020 939 1054 de
950 1016 1031 1053 Pelia'¹

272 1075 346 1107 satis
366 1076 432 1117 jam
455 1073 552 1106 coeto
570 1071 654 1104 nulli
677 1069 759 1104 ultra
777 1081 893 1104 metus.
927 1070 969 1102 Et
988 1068 1030 1103 fic

272 1124 415 1169 primam
437 1120 571 1156 finimus
590 1118 733 1154 fabulam
751 1143 760 1156 ‚
783 1118 867 1155 varia
892 1118 1029 1165 quidem

271 1171 342 1219 post
354 1171 420 1208 haec
433 1170 647 1206 fortunatum
661 1169 764 1215 Iafianis
777 1192 786 1205 ‚
805 1180 876 1203 tum
893 1168 1012 1203 Medea
1022 1190 1031 1204 ,

271 1233 344 1256 tum
356 1224 472 1270 Argao.
499 1221 558 1255 Sed
571 1218 960 1267 nosjamdudumpiguit
976 1220 1030 1252 in-

272 1273 447 1318 eptiarum.

109 1322 241 1361 Expeditio
317 1319 494 1367 Expeditio
505 1315 646 1352 Thebana
657 1317 696 1352 sic
707 1315 816 1351 habet.
843 1317 936 1360 Lajus
945 1312 1027 1349 The-

108 1363 231 1411 Thebana.
271 1366 408 1403 banorum
427 1369 497 1403 Rex
521 1379 676 1402 mouetur
694 1363 828 1401 oraculo
847 1367 1027 1412 periturum

109 1403 239 1474 oec‘iiepolc‘ia
271 1418 300 1452 se
315 1417 491 1466 aliquando
510 1416 569 1451 filii
582 1429 701 1455 manu3
725 1416 955 1463 parturientem
967 1416 1027 1462 igi-

102 1454 250 1524 ini‘spistera-
270 1478 325 1502 tur
339 1480 475 1503 uxorem
487 1466 663 1514 diligenter
672 1464 833 1499 observari
851 1474 940 1498 curat
952 1487 962 1504 ‚
972 1466 1026 1498 in-

107 1538 197 1555 necm-
224 1527 226 1530 ’
270 1516 394 1553 fantem
414 1529 450 1552 ut
465 1517 606 1564 primum
619 1526 732 1550 natum
745 1513 928 1558 tradijubet
944 1515 1028 1548 neci.

107 1567 173 1597 dum·
271 1568 337 1601 Cui
356 1566 387 1601 id
400 1567 529 1614 negotii
543 1564 751 1601 commissum
772 1564 897 1610 pueruli
919 1563 1027 1598 miser-

265 1625 316 1650 tus
328 1642 338 1657 ,
350 1628 418 1650 non
430 1615 536 1650 statim
547 1625 660 1652 necat3
687 1614 736 1648 sed
753 1613 894 1657 trajectis
903 1614 1026 1648 vimine

264 1666 340 1700 talis
356 1664 519 1712 suspendit
530 1662 548 1697 a
558 1663 693 1712 pedibus
704 1664 737 1697 in
748 1662 860 1696 arbore
871 1658 1025 1708 sylvestri:

265 1714 421 1750 transiens
435 1713 520 1750 forte
535 1714 665 1748 fortuna
677 1712 784 1760 pastor
798 1710 895 1747 solvit
906 1725 1026 1759 appen-

266 1764 335 1798 sum
347 1788 356 1803 ,
368 1775 457 1798 curat
468 1763 676 1798 educandum
688 1786 697 1803 ‚
710 1765 740 1796 &
751 1773 873 1796 nomen
883 1762 1000 1797 indidit
1010 1762 1027 1797 a

267 1813 471 1848 tumentibus
480 1826 517 1847 ex
529 1813 660 1847 vulnere
670 1813 742 1846 talis
753 1810 917 1856 Oedipoda.

317 1862 459 1898 Adultus
472 1860 557 1910 regia
569 1860 696 1908 prorsus
707 1860 815 1895 indole
826 1873 915 1907 puer,
924 1861 963 1896 ad
975 1863 1026 1897 A-

261 1911 398 1959 pollinem
409 1911 529 1946 institui
541 1913 602 1945 iter
609 1911 648 1945 de
662 1924 737 1945 vero
750 1910 963 1945 sciscitaturus
971 1923 1027 1957 pa·

267 1973 359 1995 rente
371 1984 382 2000 ‚
400 1962 433 1994 in
447 1958 495 1995 via
506 1971 746 2008 praeproperans
757 1960 773 1994 ἆ
785 1970 877 2008 tergo
891 1960 1025 2009 quidam

268 2023 369 2058 eques
389 2010 487 2044 illidit
511 2009 559 2044 sui
577 2011 651 2057 cqui
671 2011 829 2056 ungulam
848 2010 882 2043 in
899 2021 1026 2045 antece-

270 2059 374 2093 dentis
391 2060 510 2094 calces:
536 2060 675 2093 irritatus
693 2058 811 2101 injuria
829 2059 958 2108 Oedtpm
978 2061 1027 2094 in-

268 2107 369 2154 surgit
387 2112 419 2142 &
440 2110 584 2156 equitem
613 2109 766 2154 perimit:
793 2110 841 2149 is,
867 2121 902 2143 ut
919 2107 1029 2156 postea

109 2156 248 2221 zajumpat-
268 2168 477 2203 compertum
490 2183 499 2196 ,
526 2156 693 2205 ipsissimus
702 2156 766 2192 fuit
782 2161 875 2205 Lajm
898 2159 1027 2206 Oedipo-

109 2204 167 2222 trem
178 2204 233 2220 neca
269 2206 310 2240 dis
348 2216 427 2239 ater·

109 2235 218 2274 oedtpns.
318 2218 441 2288 Ipnterea
461 2266 516 2301 pet
538 2255 691 2288 omnium
706 2266 761 2287 ora
782 2256 898 2289 volitat
909 2253 1026 2289 Theba-

271 2316 370 2339 norum
381 2304 524 2338 edictum
537 2302 574 2337 de
583 2315 685 2350 regno
696 2303 800 2344 urbis,
829 2307 863 2338 δε
875 2303 958 2351 regia
970 2305 1024 2338 de-

269 2355 392 2388 mortui
412 2350 524 2392 vidua,
543 2353 576 2387 in
588 2354 758 2400 praemium
769 2352 904 2388 solventi
917 2351 1025 2400 Sphin-

264 2405 308 2453 gis
331 2405 469 2450 aenigma
491 2415 501 2442 5
538 2402 661 2437 accedit
682 2402 810 2449 Oedipus
822 2426 830 2439 ‚
856 2403 1026 2437 hominem

268 2451 327 2486 effe
337 2453 433 2487 docet
444 2451 526 2485 illud
540 2453 661 2486 animal
672 2451 763 2499 quod
777 2451 872 2487 mane
883 2452 1026 2497 quadru-

269 2514 346 2547 pes,
375 2501 468 2547 bipes
485 2499 558 2535 esset
574 2501 727 2540 meridie,
753 2505 785 2536 &
804 2503 899 2537 noete
920 2503 1026 2548 tripes.

271 2550 464 2597 Qaestione
481 2548 584 2584 solut&
595 2552 791 2598 praecipitem
807 2550 836 2584 se
847 2551 902 2585 dat
913 2549 1028 2596 Sphinx·

271 2601 303 2634 in
323 2611 437 2647 caput,
456 2598 595 2634 salutant
619 2599 770 2646 Oedzpoda
789 2600 944 2634 Thebani
961 2601 1028 2635 Re-

270 2662 344 2697 gem
359 2654 391 2684 &
410 2651 564 2683 maritum
582 2649 698 2690 locastae.
723 2650 769 2681 Ex
780 2648 815 2683 ca
828 2649 927 2683 binos
938 2651 1027 2684 tollit

272 2712 373 2733 mares
400 2697 589 2731 Eteoclem&
607 2696 777 2739 *Polynicem
795 2711 805 2731 .·
827 2696 886 2731 ‘sed
914 2696 1023 2744 postea

272 2749 432 2794 comperit
454 2759 554 2796 quam
573 2745 704 2781 duxerat
723 2744 783 2780 esse
803 2757 963 2786 matrem3
989 2750 1023 2781 δέ

270 2810 369 2844 quem
380 2798 543 2831 occiderat
562 2794 651 2830 fuisse
664 2806 799 2840 patrem.
822 2797 950 2830 Dolore
963 2797 1022 2844 igi-

269 2857 321 2880 tur
343 2847 457 2893 prioris
477 2844 638 2893 parricidii
657 2847 691 2878 δέ
714 2844 906 2892 insequentis
931 2847 1023 2880 ince-

267 2895 333 2929 stus
344 2919 353 2934 ,
373 2896 480 2930 evellit
492 2895 609 2929 oculos
623 2891 815 2929 :difficulter
828 2894 867 2929 ab
879 2895 1021 2937 οαίἵᾶφονῖφ

267 2945 453 2980 continetur
465 2970 475 2984 ,
494 2945 568 2979 filiis
579 2943 666 2978 cedit
681 2957 784 2991 regno
795 2969 805 2984 ‚
818 2942 1020 2991 paciscuntur

267 2993 311 3025 illi
321 3006 464 3028 annuum
476 2996 603 3029 alterius
614 2993 886 3041 regimemven‘un
899 2995 1021 3028 Eteocles

267 3043 372 3086 primo
390 3042 562 3078 dcfun&us
573 3056 659 3078 anno
672 3068 682 3082 ‚
704 3042 854 3078 secundas
866 3045 1020 3090 regnandi

110 2527 171 2552 Mat
176 2534 224 2551 rem

109 2569 163 2591 Iota
168 2565 233 2591 fiam

110 2607 174 2633 ducit
187 2608 213 2633 in

110 2658 212 2675 uxorem.

108 2962 123 2985 ]
131 2957 212 2984 leocles

108 3009 155 3024 non
166 2998 221 3023 vult

101 3040 211 3074 fratrem

99 3080 238 3153 ssssyg'r‘g'
266 3091 351 3124 vices
363 3103 458 3137 negat
469 3091 500 3126 se
510 3092 601 3127 fratri
615 3091 741 3135 Polynici
753 3092 960 3128 traditurum.

100 3132 245 3195 griaieslaec-
313 3138 476 3186 Confugit
497 3142 594 3187 igitur
613 3141 767 3185 ‘Polynices
786 3141 827 3175 ad
846 3141 1012 3176 Adrastum

106 3199 155 3227 lm.
265 3198 454 3236 regnantem
465 3191 570 3239 Avgt'15
579 3189 647 3225 sero
661 3194 747 3230 venit
760 3191 797 3227 ad
810 3191 961 3240 Regiam,
970 3205 1010 3226 nc

1004 109 1478 149 HlsTORIc-1

1072 179 1190 217 subiret
1203 181 1431 229 intempestive
1453 181 1583 218 divertit
1609 183 1649 219 ad
1670 183 1828 232 posticam

1073 229 1175 266 casam
1192 245 1210 271 :¹
1231 232 1346 267 eodem
1358 233 1517 277 temporis
1529 234 1665 268 articulo
1683 233 1831 281 superve-

1073 282 1120 315 nit
1132 279 1243 325 Tydeus
1257 307 1265 318 ‚
1285 283 1342 329 qui
1361 280 1502 327 ejusdem
1523 282 1652 316 Adraffi'
1666 284 1831 329 opibusin

1073 332 1197 365 avitum
1210 331 1364 375 Calydoniae
1372 343 1505 377 regnum
1517 330 1741 373 restitueretur,
1753 336 1833 367 utri-

1074 392 1138 425 que
1155 379 1259 415 casula
1277 393 1346 415 non
1359 379 1475 415 sufficit
1493 381 1527 415 in
1545 378 1745 428 hospitium,
1771 395 1831 429 pu-

1076 438 1192 474 gnatur
1208 429 1246 464 de
1260 430 1436 465 diversorio
1447 454 1457 470 ,
1478 430 1516 464 ad
1535 430 1702 477 strepitum
1721 443 1831 466 armo-

1076 490 1147 510 rum
1158 481 1302 513 occurrit
1311 480 1467 526 Adrastum
1482 481 1515 514 in
1525 479 1749 514 dimicantium
1759 481 1831 528 cly-

1077 528 1142 572 peis
1161 538 1252 561 notat
1266 527 1342 563 hinc
1362 529 1464 563 leonis
1484 529 1575 562 illinc
1586 528 1661 564 utsae
1679 530 1805 577 signum
1820 542 1828 563 :

1079 577 1167 610 venit
1180 578 1213 610 in
1224 579 1418 612 memoriam
1430 578 1573 617 oraculi,
1601 591 1670 625 quo
1679 581 1760 612 olim
1771 579 1830 627 ipsi

1079 625 1267 672 praedichim
1279 651 1288 663 ‚
1305 626 1430 661 filiabus
1451 626 1624 674 aliquando
1638 626 1700 662 suis
1719 628 1833 663 neces-

1078 673 1161 709 sario
1173 675 1364 711 nubendum
1373 677 1460 711 leoni
1473 680 1505 711 &
1519 677 1605 717 ursa-*3
1614 678 1761 723 agnoscit
1771 678 1835 712 sta-

1078 725 1136 758 tirn
1149 738 1288 772 generos
1301 753 1310 767 ,
1327 726 1457 761 adducit
1471 727 1504 760 in
1520 728 1643 774 regiam
1655 752 1666 766 ‚
1692 727 1835 761 celebrat

1078 771 1234 819 sponsalia
1246 800 1256 815 ‚
1284 774 1424 823 amplam
1436 776 1564 823 utrique
1575 788 1676 823 opem
1693 777 1837 824 pollice-

1079 832 1129 855 tur
1144 847 1153 860 ,
1187 822 1241 858 sed
1269 824 1395 868 Polynici
1416 826 1554 872 primam
1581 827 1670 860 locat
1688 839 1833 874 operam.
1852 823 1956 854 ,Adra-

1081 871 1272 905 Conscribit
1288 872 1384 919 quam
1404 874 1508 920 potest
1522 874 1728 910 numerosum
1745 878 1833 910 mili·
1848 866 1965 914 stae.»-

1078 931 1147 953 tem
1160 945 1169 960 ‚
1194 921 1277 954 iuter
1288 922 1367 954 alios
1381 919 1505 956 socium
1525 924 1665 959 advocat
1684 923 1831 974 Amphia·
1852 908 1982 977 Ιᾷᾜὲἵι

1079 982 1160 1002 raum
1178 971 1320 1004 vicinum
1339 980 1446 1004 vatem
1467 970 1603 1006 simul&
1624 975 1829 1023 Principem:
1849 950 1953 1029 ‚fimf

1079 1021 1105 1052 is
1116 1016 1214 1054 futuri
1228 1019 1369 1066 praescius
1382 1021 1471 1053 exitii
1484 1019 1601 1067 respuit
1613 1022 1690 1063 iter3
1708 1037 1775 1058 non
1788 1027 1831 1060 ita

1078 1068 1218 1103 dimittit
1237 1070 1341 1103 virum
1362 1067 1527 1109 Adranas,
1551 1068 1663 1105 sedulo
1673 1075 1740 1120 agit
1755 1086 1831 1108 cum

1066 1114 1068 1118 ¹
1079 1130 1179 1153 uxore
1188 1117 1336 1164 Eurypyle,
1347 1130 1530 1165 gemmeam
1544 1119 1599 1165 ipsi
1610 1132 1756 1156 catenam
1772 1123 1833 1157 do-

1079 1179 1134 1202 nat
1145 1193 1154 1207 ‚
1170 1166 1232 1215 qua
1242 1168 1339 1202 semel
1350 1166 1481 1214 accepta
1492 1193 1500 1209 ,
1514 1179 1608 1216 urget
1624 1182 1660 1203 ea
1682 1171 1748 1206 dics
1768 1184 1834 1206 no-

1077 1215 1205 1264 &esque
1219 1219 1511 1256 marirummomen
1523 1229 1558 1251 ut
1569 1218 1654 1252 daret
1667 1220 1835 1257 Thebanae

1078 1267 1201 1301 militiae
1218 1283 1229 1310 3
1253 1267 1349 1301 tradit
1366 1268 1417 1301 ille
1432 1267 1565 1302 demum
1585 1269 1683 1303 victas
1695 1283 1833 1310 manus;

1078 1314 1220 1364 sequitur
1238 1316 1403 1351 Adrastum
1423 1316 1475 1351 sed
1495 1319 1528 1351 in
1548 1315 1674 1351 disceffu
1694 1320 1830 1354 mandat

1079 1363 1149 1400 filio
1162 1391 1171 1406 ‚
1193 1377 1328 1400 matrem
1341 1377 1375 1400 ut
1388 1367 1557 1412 perimeret
1568 1389 1577 1404 ‚
1600 1380 1669 1414 quae
1681 1366 1742 1403 suae
1755 1371 1828 1403 vitae

1077 1415 1258 1462 praetuliffet
1266 1417 1419 1451 catenulae
1429 1417 1580 1462 pretium,
1591 1419 1761 1463 exequitur
1775 1431 1833 1464 pa..

1075 1465 1132 1498 tr-is
1143 1466 1277 1511 imperia
1290 1464 1659 1512 parricidafiliu5,1edin
1668 1469 1748 1501 tanti
1759 1469 1834 1501 vin-

1076 1514 1195 1548 dictam
1207 1514 1346 1553 sceleris,
1365 1514 1476 1549 dentes
1495 1526 1597 1548 armat
1611 1516 1703 1549 Vena
1715 1532 1726 1550 .·
1750 1516 1830 1551 dum

1075 1562 1199 1599 strenue
1214 1563 1272 1598 sub
1287 1563 1455 1598 moenibus
1473 1563 1709 1599 Thebanorum
1731 1565 1833 1599 dimi-

1077 1623 1128 1648 cat
1139 1610 1351 1660 Amphiaraus,
1361 1612 1428 1648 hiat
1439 1625 1534 1653 terra,
1553 1611 1747 1649 absorbetur
1757 1627 1830 1649 cum
1851 1618 2000 1655 Ampblaw
2036 1640 2037 1644 ,

1076 1675 1171 1697 curru
1184 1662 1274 1697 simul
1285 1667 1316 1697 δι
1332 1664 1424 1710 equis
1435 1662 1550 1697 infelix
1563 1673 1664 1697 vates,

1123 1712 1295 1746 Exercitus
1315 1714 1347 1746 in
1365 1713 1480 1747 itinere
1490 1715 1645 1746 convenit
1662 1712 1829 1747 mulierem

1075 1760 1251 1808 gestantem
1264 1762 1351 1796 ulnis
1368 1760 1565 1797 infantulum
1579 1786 1589 1801 ‚
1606 1771 1642 1797 ea
1653 1760 1713 1796 fuit
1726 1764 1832 1810 Hypfi-

1072 1810 1137 1858 pyle
1149 1835 1158 1850 ‚
1185 1823 1284 1859 quam
1300 1811 1346 1845 ob
1355 1810 1513 1851 servatum
1529 1821 1651 1859 patrem
1671 1815 1834 1857 ejecerant

1077 1859 1179 1895 insula
1190 1860 1349 1894 Lemniacae
1361 1875 1371 1895 .·
1396 1859 1462 1896 haec
1480 1875 1517 1896 ex
1531 1860 1638 1907 lafimis
1654 1860 1832 1895 coutuber-

1077 1912 1134 1945 nio
1151 1911 1310 1958 gemellos
1330 1909 1471 1944 ediderat
1484 1938 1493 1951 ,
1518 1910 1588 1958 post
1610 1911 1745 1945 exilium
1768 1913 1832 1954 Ly-

1076 1961 1153 2007 curgi
1172 1961 1301 1995 Nemeae
1311 1960 1411 2009 Regis
1422 1958 1527 1994 filium
1540 1958 1647 1994 alebat
1659 1983 1668 1999 ‚
1687 1972 1786 2007 quem
1795 1961 1829 1994 in

1079 2011 1190 2057 Argivi
1203 2011 1360 2044 exercitus
1371 2007 1506 2044 occursu
1517 2008 1643 2044 ferebat
1654 2008 1733 2045 sinu.
1759 2012 1829 2052 [151-
1850 2011 1991 2050 Hypfipyles

1071 2059 1193 2107 pfipylen
1204 2062 1407 2107 interrogant
1416 2059 1705 2106 duces‚ecquemin
1717 2058 1829 2092 vicino
1850 2053 1970 2100 (alumnus.

1075 2108 1202 2144 fontem
1220 2109 1269 2143 vel
1287 2108 1423 2143 fluvium
1441 2106 1646 2156 cognovisset
1658 2131 1668 2148 ‚
1693 2107 1829 2141 demon·
1850 2095 1984 2161 ‘'xxm'

1077 2158 1184 2193 strabo
1197 2185 1206 2197 ,
1225 2159 1352 2206 iuquit,
1372 2159 1406 2192 in
1424 2158 1577 2204 proximo
1595 2154 1805 2204 scaturigines
1818 2180 1829 2196 ‚
1844 2143 1976 2214 Jupmssr‘

1077 2207 1168 2254 quod
1181 2217 1216 2240 ut
1238 2206 1330 2240 fieret
1353 2204 1487 2240 celerius
1505 2205 1642 2253 deponit
1660 2203 1832 2240 alumnum

1077 2255 1186 2290 humi,
1213 2267 1326 2288 verum
1342 2255 1375 2288 in
1391 2254 1498 2289 reditu
1509 2268 1547 2288 ex
1559 2253 1669 2290 morsu
1682 2253 1833 2303 serpentis

1078 2314 1197 2350 reperit
1210 2315 1406 2338 exanimem.
1542 2336 1547 2341 ,

1126 2353 1176 2386 Ad
1195 2353 1330 2387 Thebas
1348 2353 1418 2401 post
1438 2354 1563 2401 aliquot
1579 2364 1711 2388 cruenta
1729 2355 1834 2400 praelia

1077 2404 1300 2437 committitur
1326 2404 1473 2438 unanimi
1499 2406 1650 2438 omnium
1678 2401 1833 2439 sententia

1078 2463 1202 2486 restota
1216 2452 1362 2500 singulari
1375 2451 1510 2487 fratrum
1532 2453 1723 2488 certamini,
1751 2466 1834 2486 con-

1077 2514 1211 2536 currunt
1227 2515 1306 2549 ergo
1322 2500 1517 2536 ferociffime
1535 2501 1667 2536 Eteocles
1685 2504 1718 2534 δε
1733 2500 1829 2545 Poly-
1851 2494 1957 2521 Eteoclcs

1076 2551 1152 2584 nices
1164 2575 1172 2589 ‚
1192 2550 1366 2586 festinabat
1382 2553 1513 2585 interim
1543 2553 1653 2584 locafla
1673 2560 1774 2584 mater
1791 2550 1829 2585 ad
1849 2535 1974 2613 {3255ng

1076 2600 1315 2635 monomachiae
1327 2599 1448 2633 famam
1462 2611 1496 2633 ut
1513 2597 1624 2633 fratres
1642 2599 1830 2637 dirimeret,
1849 2617 1990 2651 tres‚fhror-
2034 2623 2035 2629 η

1075 2648 1126 2682 sed
1140 2660 1257 2682 mutuo
1277 2646 1432 2682 confosfis
1453 2650 1586 2683 vulnere
1608 2647 1831 2695 serosuperve-
1850 2667 1895 2694 que
1910 2659 1983 2685 An·
2036 2653 2038 2660 '

1075 2699 1141 2734 nit,
1163 2709 1237 2732 ante
1249 2697 1380 2745 quidem
1395 2699 1489 2746 plena
1507 2699 1667 2732 malorum
1681 2723 1690 2738 ‚
1710 2698 1753 2732 ast
1766 2698 1828 2732 hoc
1850 2705 1987 2735 ugonem-

1075 2745 1204 2781 efferata
1222 2746 1404 2794 spec‘taculo
1424 2749 1557 2796 corripit
1581 2747 1699 2782 ferrum
1715 2774 1723 2785 ,
1747 2751 1778 2781 &
1799 2745 1829 2781 se
1848 2738 1990 2804 meluch-l

1076 2798 1201 2831 tertiam
1213 2799 1350 2831 mortuis
1361 2803 1517 2832 comitem
1529 2797 1684 2843 adjungit.
1849 2778 1976 2848 52&fo

1129 2847 1211 2880 Non
1240 2846 1306 2881 haec
1342 2848 1571 2894 tragoediarum
1602 2843 1827 2889 catastrophe,

1073 2895 1239 2942 persuadet
1250 2894 1419 2930 Thebanis
1430 2903 1448 2930 ί
1458 2909 1524 2929 reon
1534 2892 1681 2929 infestum
1692 2894 1764 2928 urbi
1776 2893 1827 2929 su-

1072 2955 1180 2978 turum
1195 2957 1315 2978 numen
1327 2968 1336 2983 ,
1353 2945 1508 2991 quamdiu
1526 2945 1558 2977 in
1577 2941 1612 2977 ea
1634 2939 1824 2990 superessent

1072 2994 1143 3028 ulla:
1170 2993 1337 3027 incestuosi
1358 2993 1514 3040 Oedipodas
1538 2991 1705 3039 reliquiae:
1728 2993 1825 3038 jube-

1072 3054 1211 3088 turei·go
1230 3042 1366 3089 publico
1378 3043 1510 3076 decreto
1532 3055 1608 3075 cum
1623 3041 1691 3075 totS
1704 3041 1824 3078 familiz'i

1070 3091 1197 3127 exulare
1228 3090 1425 3125 miserandus
1455 3091 1583 3139 Oedipm
1604 3116 1613 3130 ,
1648 3092 1753 3126 videas
1770 3092 1822 3126 hic

1069 3153 1189 3177 caecum
1211 3139 1316 3175 senem
1336 3140 1503 3186 expulsum
1522 3141 1620 3188 patriai
1634 3166 1642 3177 ‚
1657 3153 1775 3189 reptare
1788 3143 1821 3175 in

1070 3192 1216 3226 Atticam
1242 3189 1422 3225 deducente
1443 3189 1506 3225 filia
1530 3191 1690 3237 Amtgone.
1724 3192 1819 3224 Vetat

1733 3238 1819 3274 insu‘

1851 1699 1920 1726 biatu
1927 1699 1975 1727 ab·

1843 1741 1948 1780 βψω.

1850 1668 1907 1686 raus
1913 1666 1978 1687 term
2001 1671 2004 1674 ·
2016 1669 2023 1681 x
2036 1663 2037 1684 i
