2048 3343
288 131 363 166 160
633 122 946 164 OPERrs

1009 121 1482 161 H15TOR1c1

275 200 358 245 pistus
373 195 477 245 prope
503 195 544 231 ad
566 196 664 233 finem
684 199 814 245 Imperii
837 196 1027 235 Persarum3
1077 197 1221 230 enormis
1237 196 1317 242 Esdrae
1329 206 1404 230 aetas
1417 195 1523 230 multo
1538 196 1628 245 supra
1639 194 1822 236 ducentesi-

274 249 317 284 εὸ
327 248 417 296 quod
429 246 530 282 Esdrae
544 259 592 282 io.
609 261 637 282 v.
649 253 680 282 6.
693 247 820 281 dicatur
831 244 957 280 intrasse
970 256 1028 278 cu-

276 298 422 333 biculum
446 299 576 331 lolianan
596 298 697 344 patris
709 298 817 330 jaddim
837 319 846 333 ‚
872 296 929 340 qui
946 305 1027 328 tcm-

274 347 412 395 poribus
425 347 579 381 Alexandri
591 344 766 392 Magnifuit
780 343 943 379 Pontifex.

322 393 424 444 Resp.
450 396 500 429 Eo
514 405 664 441 tempore
678 396 809 429 lohanan
823 405 891 428 erat
903 393 1027 427 admo-

274 443 501 489 dumjuvenis,
513 442 619 478 adhuc
633 445 721 477 enim
735 447 805 487 ejus
818 455 895 477 avus
905 439 1026 486 Elzasln'b

274 493 396 541 agebat
410 491 607 527 Pontificem
623 516 633 530 ‚
653 496 686 527 ὃς
700 494 790 527 aetus
803 493 886 536 Efclrae
897 491 941 524 ibi
954 501 1025 521 mc—

273 554 433 577 moratus.
448 545 514 586 ejus
526 540 660 575 ultimus
671 539 734 575 fuit
746 543 784 575 de
795 553 862 586 quo
877 540 1027 582 Scriptu-

275 604 320 629 ra.
346 591 536 626 Secundum
551 591 730 625 multorum
744 587 942 622 Pontificum
952 596 1026 618 aeta-

275 652 325 675 tes
344 640 362 674 a
378 643 551 684 juventute
563 645 672 674 Ioannis
686 639 726 670 ad
742 637 943 670 seneffiucm
953 635 1024 668 tad-

276 692 333 725 duae
353 688 476 724 fluxisse
494 687 587 722 facile
610 696 760 732 poterant
779 684 873 731 supra
893 694 1023 718 centum

275 752 393 775 annos.
439 735 596 772 Praeterea
613 737 736 769 lolianan
758 735 896 780 Eliasliibi
915 734 1025 779 negati

273 788 384 835 potest
397 785 489 821 fuisse
503 796 594 831 pater
606 785 715 818 [addua
728 809 738 824 ,
760 790 836 816 n‘am
851 787 918 826 ejus
931 782 1024 828 pater

272 835 337 870 fuit
356 836 496 871 tonarium
518 831 604 869 filius
623 834 724 879 tojadae
736 857 746 871 ‚
759 844 865 879 nepos
884 831 1024 878 Eliaslnbi

273 885 447 920 Nehemiae
462 896 475 916 1
486 895 514 917 z.
527 895 556 917 v.
567 894 615 917 10.

319 934 382 968 Sed
405 942 639 980 argumentum
659 930 722 964 hoc
741 930 813 978 post
828 932 1022 977 Brugtbonum

270 983 411 1029 Nisbetm
422 992 516 1027 urget
529 1006 540 1022 ,
559 981 709 1026 inprimis
720 977 736 1013 ὲ
747 992 838 1027 parte
849 979 949 1014 ante:
977 980 1022 1024 Es-

269 1034 334 1067 dras
354 1031 540 1076 (inquiunt)
563 1030 647 1063 filius
667 1040 735 1062 erat
753 1031 851 1063 Seram
875 1028 976 1062 Esdrae
990 1041 1024 1074 7.

268 1092 301 1115 v.
317 1093 346 1115 1.
375 1082 605 1115 Scraiasautem
632 1077 648 1112 ὲ
666 1079 928 1115 Nebuclmdnezare
948 1088 1023 1112 ante

270 1130 499 1177 captivitatem
511 1139 644 1161 necatus
662 1125 723 1161 fuit
737 1141 756 1161 2
768 1130 852 1174 Reg.
869 1138 915 1172 25.
930 1140 961 1161 v.
974 1129 1022 1160 13.

271 1177 362 1224 Ergo
374 1178 468 1224 Esdras
480 1189 577 1211 natus
589 1178 632 1211 cst
644 1187 718 1210 ante
729 1176 924 1212 destructam
937 1176 1022 1209 Hie-

268 1228 466 1273 rosolymam
481 1231 513 1261 δ(
526 1227 666 1273 septimo
681 1226 852 1260 Artaxerxis
868 1227 1024 1260 Mnemonis

270 1289 341 1323 quo
355 1275 620 1321 Hierosolymam
635 1277 733 1309 rediit
747 1299 756 1312 ‚
768 1274 862 1322 egisse
872 1274 1024 1322 oportuit

270 1338 379 1359 annos
390 1326 484 1373 supra
494 1326 664 1358 ducentos.

320 1374 416 1421 Resp.
444 1376 493 1407 De
516 1372 580 1407 fine
600 1372 694 1418 liujus
714 1369 1022 1406 calculidecidendi

270 1425 417 1471 primum
430 1422 591 1469 sexaginta
605 1448 612 1461 ‚
629 1433 714 1471 quot
728 1420 843 1455 scilicet
856 1419 1024 1466 aseptimo

270 1476 440 1520 Longimani
454 1474 493 1507 ad
505 1470 838 1519 leptimumMnemonis
850 1469 1027 1512 fluxerunt3

271 1534 349 1555 nam
366 1547 374 1561 ‚
394 1532 430 1555 ut
450 1534 529 1554 mox
549 1520 737 1555 videbimus
750 1545 759 1561 ‚
781 1528 952 1553 Artaxerxes
966 1518 1026 1553 fuir

270 1573 460 1618 Longimanm
490 1582 560 1603 non
577 1576 710 1604 Mnemon
729 1594 738 1608 ,
765 1568 821 1602 sub
841 1581 910 1614 quo
931 1567 1026 1614 esdras

272 1624 307 1655 δε
321 1623 472 1655 Nehemz'as
486 1618 754 1665 Hierosolymam
765 1628 934 1652 venerunt.
947 1630 979 1652 2.
995 1620 1024 1650 A

271 1670 377 1718 capite
392 1670 508 1703 calculi
521 1671 662 1704 multum
675 1667 922 1709 abradendum3
933 1678 1024 1706 nam,

271 1731 309 1753 ut
323 1718 410 1753 ῐεὲὶέ
423 1720 578 1756 Reinoldm,
590 1718 688 1764 Esdras
698 1716 910 1750 immediatus
925 1716 1026 1751 Seraiae¹

271 1768 360 1802 :silius
371 1780 438 1800 non
452 1768 513 1803 fuit
523 1793 532 1808 ‚
550 1766 628 1801 dato
641 1769 728 1801 enim
739 1768 868 1800 Seraiam
879 1766 979 1799 Esdrae
994 1778 1026 1811 7.

274 1829 498 1851 memoratum
511 1817 709 1851 Pontificem
720 1813 811 1850 fuiffe
825 1839 834 1854 ,
856 1827 954 1860 quem
968 1820 1026 1848 Ne-

274 1867 479 1902 buclmdnezar
500 1868 647 1907 necavit,
668 1867 710 1900 de
730 1877 796 1912 quo
807 1875 916 1898 tamen
929 1862 1026 1898 dubi-

275 1917 337 1948 tari
351 1915 473 1961 potest,
491 1912 567 1948 cum
581 1917 678 1949 serm
690 1915 796 1959 plures
808 1915 906 1947 etiam
920 1912 961 1947 de
973 1924 1028 1961 gc—

275 1976 352 1998 nere
372 1964 582 1998 sacerdotum
601 1962 643 1997 ab
660 1960 746 2008 Esdrd
761 1967 794 1998 δ(
806 1959 946 1997 ΝεΙκηιὶλ
961 1974 1027 1995 no-

276 2015 446 2047 minentur
468 2037 478 2053 ,
504 2023 614 2047 tamen
642 2013 738 2059 EsdrM
763 2013 933 2058 proximus
959 2015 1029 2057 ejus

278 2061 366 2096 filius
389 2074 459 2105 non
478 2062 608 2096 videtur
630 2086 640 2101 ‚
665 2073 700 2096 ut
711 2061 796 2096 redte
810 2064 842 2095 in
860 2062 1029 2094 annotatis

278 2109 469 2156 Anglicanis
486 2111 660 2158 postremis
673 2110 916 2145 observaturad
930 2111 1029 2144 Eldrae

279 2171 314 2205 7.
330 2171 390 2192 v.t.
403 2171 518 2192 contra
531 2161 649 2205 prioris
660 2161 813 2194 editionis
825 2160 1029 2193 temerariam

279 2208 378 2241 nimis
399 2209 661 2241 annotationem.
736 2208 830 2241 uidni
844 2210 932 2242 enim
950 2209 1033 2249 Efilrae

280 2255 410 2304 septimi
431 2257 574 2302 primum
601 2267 764 2299 exponere
789 2255 866 2288 licet
891 2281 900 2294 ,
932 2266 1031 2300 prout

282 2317 401 2339 omnes
412 2303 554 2338 fatentur
563 2303 703 2349 ejusdem
714 2305 847 2338 tertium
859 2302 1031 2337 neceffirio

280 2353 519 2401 exponendum
541 2378 552 2394 ,
577 2352 635 2387 ubi
658 2353 777 2387 dicitur
804 2355 917 2390 Azaria
945 2350 1031 2385 filius

280 2405 446 2443 Meraioth,
467 2403 542 2436 licet
560 2402 643 2436 inter
665 2405 811 2439 azariam
832 2406 865 2437 δε
887 2403 1030 2436 meraioth

280 2452 448 2487 brevitatis
471 2450 567 2485 causa
584 2453 647 2486 illic
660 2451 768 2486 omissi
779 2464 843 2485 non
858 2452 1031 2498 pauciores

281 2502 381 2547 quarn
413 2501 536 2547 septem
562 2503 800 2546 interficiantur
831 2513 843 2535 1
858 2499 988 2535 Chron.
1000 2504 1030 2535 6.

281 2564 349 2595 v.7,
364 2552 394 2588 8,
407 2561 439 2591 9.
463 2551 548 2595 Esdrae
560 2549 673 2597 scopus
685 2550 728 2583 est
741 2547 929 2596 prosapiam
941 2548 1030 2582 suam

280 2600 325 2633 ad
341 2608 481 2633 Aaronem
495 2597 611 2633 referre
624 2623 633 2638 ,
646 2603 680 2633 &
697 2602 836 2641 majores
847 2596 919 2631 suos
930 2600 962 2630 iu
975 2609 1031 2644 ge—

280 2661 358 2682 nere
370 2647 572 2682 sacerdotum
587 2647 823 2686 demonstrare,
833 2647 896 2680 hoc
908 2646 1030 2692 pratstat

280 2695 500 2744 significando
512 2695 541 2730 se
552 2695 567 2730 a
580 2693 682 2731 Seruili
702 2707 902 2742 prognatum
915 2718 925 2734 ,
941 2693 1031 2740 quod

281 2759 397 2781 verum
409 2745 454 2780 est
465 2771 473 2785 ‚
489 2745 542 2780 scu
557 2744 640 2778 filius
652 2771 659 2783 ,
670 2744 722 2777 seu
734 2756 853 2790 nepos,
866 2742 917 2776 seu
930 2743 1030 2776 abne·

282 2796 410 2842 pos‚seu
424 2796 586 2841 trinepos,
596 2794 648 2827 seu
659 2807 695 2829 cx
707 2792 844 2839 polletis
853 2796 922 2838 ejus
934 2792 1030 2827 fuerit

282 2846 314 2878 iu
336 2843 511 2887 cujuslibet
535 2843 657 2890 gradus
684 2842 844 2876 distantifi.
879 2844 911 2876 Si
924 2852 1029 2874 autem

285 2905 359 2926 cum
374 2893 492 2938 Nisbeto
505 2890 673 2939 requiras&
688 2891 817 2926 Reinoldo
829 2891 1030 2926 fundamen-

285 2952 356 2974 tum
377 2941 517 2987 aliquod
538 2955 574 2975 ex
594 2943 757 2987 Scriptura
778 2939 908 2984 huiusce
920 2940 1031 2980 distin?

286 2990 401 3024 &ionis
414 2990 615 3037 applicanda:
634 2991 674 3025 ad
688 2993 802 3024 locum
815 3001 872 3034 pra
882 2987 1030 3031 sentem3

284 3039 420 3072 dicimus
431 3040 521 3084 atque
541 3041 659 3086 requiri
676 3036 766 3087 posse
786 3037 802 3073 ὲ
823 3039 942 3084 Nisbeto
954 3036 1029 3071 soli-

285 3087 362 3120 dam
381 3085 522 3131 aliquam
548 3091 711 3122 rationem
739 3089 882 3135 negandi
905 3087 1028 3120 hancce

284 3134 560 3181 applicationem.
596 3137 707 3171 Nobis
729 3137 815 3171 certe
831 3135 1030 3171 fundamen-

284 3194 356 3219 tum
375 3181 469 3228 hujus
489 3183 567 3218 fatfti
592 3185 775 3233 legitimum
802 3186 875 3220 satis
899 3185 1028 3220 videtur

1077 257 1168 279 mum
1188 270 1196 285 ‚
1221 257 1322 291 quam
1342 244 1383 278 ab
1403 257 1467 279 una
1486 257 1575 293 parte
1595 250 1768 294 Brughtonm
1787 251 1822 282 δέ

1076 295 1209 339 Nisbetm
1227 305 1381 340 premunt
1401 320 1409 332 ,
1438 298 1470 329 ἃ
1499 294 1539 328 ab
1559 295 1656 328 altera
1679 295 1823 341 ipsorum

1073 342 1165 388 aeque
1185 342 1325 376 absurda
1344 354 1460 377 contra
1479 356 1595 378 omnes
1609 343 1728 378 doctos
1740 347 1826 377 anti-

1074 403 1159 436 quos
1186 395 1220 424 δε
1241 403 1348 426 novos
1365 417 1375 432 ‚
1407 394 1536 440 Imperii
1561 391 1725 426 Persarum
1748 404 1825 426 cum

1074 438 1267 485 quibusdam
1287 440 1394 475 deliris
1409 441 1532 487 Judaeis
1542 442 1724 476 decurtatio
1738 465 1748 482 ‚
1767 453 1826 474 an-

1075 500 1122 521 nis
1137 487 1311 522 minimum
1323 501 1477 524 centum:
1496 503 1563 535 quo
1576 502 1693 526 omnes
1708 501 1823 524 eorum

1076 538 1218 570 rationes
1231 537 1292 571 huc
1305 538 1455 573 tendunt.
1486 539 1550 572 Sed
1562 550 1677 585 praeter
1687 539 1743 572 ista
1755 552 1827 575 ,ex-

1075 585 1211 633 pressum
1225 588 1390 634 Scriptura
1401 586 1659 621 fundamentum
1671 586 1829 634 suppedi-

1075 647 1142 668 tare
1166 633 1266 669 nobis
1278 635 1408 670 videtur
1428 636 1644 670 distinctionis
1671 637 1755 670 illius
1772 647 1830 682 ap-

1073 683 1232 730 plicandae
1245 683 1408 718 adlocum
1424 698 1486 730 prae
1500 684 1664 725 manibus,
1675 683 1717 719 eo
1730 684 1827 731 quod

1073 732 1151 767 alibi
1162 732 1359 779 semper,ubi
1370 737 1472 768 Seraiae
1484 734 1651 768 Pontificis
1662 734 1827 781 genealo-

1072 783 1124 829 gia
1135 782 1327 816 describitur
1339 807 1348 820 ,
1364 787 1435 829 ejus
1445 782 1531 818 filius
1542 785 1735 818 nominetur
1747 788 1826 830 losa—

1072 832 1139 873 daki
1149 841 1236 873 pater
1253 831 1330 875 lofim
1348 855 1359 870 ‚
1387 844 1558 878 nunquam
1579 844 1691 866 autern
1715 834 1823 879 esdras.

1074 879 1118 911 Ex
1132 878 1195 911 istis
1205 878 1435 913 concludimus
1446 905 1455 920 ‚
1471 880 1552 914 nihil
1565 894 1719 929 apparere
1729 881 1822 929 quod

1073 927 1370 962 extraordinariam
1386 928 1467 971 Esclrae
1479 939 1606 963 :etatem
1621 930 1750 976 probet.

1125 977 1235 1022 Qod
1247 977 1287 1010 ad
1298 978 1548 1018 Sanballatum‚in
1562 990 1630 1024 quo
1644 981 1822 1026 scaligeri&
1841 984 1874 1011 Et
1883 986 1954 1012 San-

1073 1027 1197 1071 Calvtsti
1209 1027 1361 1072 primaria
1374 1025 1443 1073 spes
1458 1026 1513 1063 cst.
1531 1025 1630 1073 Resp.
1643 1026 1824 1075 Suppofito
1842 1024 1937 1054 ballati.

1074 1077 1246 1110 Neliemiam
1258 1086 1348 1108 anno
1362 1081 1518 1110 Mnemonis
1532 1074 1689 1110 vicesimo
1704 1078 1826 1110 Hiero—

1072 1123 1233 1169 solymam
1248 1124 1363 1158 venisse
1377 1128 1466 1171 (quae
1480 1124 1615 1169 quidem
1630 1125 1771 1173 Scaligeri
1788 1130 1824 1161 &

1074 1173 1261 1219 sequacium
1288 1173 1445 1208 sententia
1462 1173 1528 1216 est)
1555 1173 1720 1209 Sanballati
1746 1186 1824 1210 aetas

1073 1223 1329 1256 extraordinaria
1350 1235 1416 1256 non
1430 1225 1508 1256 erit.
1546 1225 1655 1257 Fuerit
1676 1226 1824 1258 vicennis

1074 1276 1231 1311 Mnemonis
1242 1270 1494 1313 vicefimo,inde
1505 1271 1545 1306 ad
1558 1272 1714 1308 Alexandri
1726 1275 1824 1320 quin-

1074 1331 1145 1353 tum
1158 1333 1224 1353 non
1236 1319 1307 1354 sunt
1319 1320 1409 1368 supra
1420 1324 1671 1369 quinquaginta3
1682 1322 1824 1369 quando

1074 1371 1106 1402 in
1121 1369 1297 1403 obsidione
1314 1371 1392 1417 Tyri
1413 1382 1564 1404 mortuus
1581 1371 1625 1404 est
1640 1373 1823 1406 Sanballatus

1072 1431 1141 1452 non
1157 1421 1263 1462 major
1274 1417 1529 1466 septuagenario·
1552 1422 1582 1453 Si
1594 1420 1672 1454 vero
1685 1423 1826 1455 Neliemiae

1073 1468 1255 1503 adversatus
1270 1467 1306 1501 sit
1319 1469 1472 1502 vicesimo
1489 1471 1658 1516 Longimcini
1672 1472 1826 1515 oportuit

1073 1519 1106 1550 in
1129 1516 1304 1551 obsidione
1322 1518 1399 1562 Tyri
1420 1529 1524 1550 annos
1537 1515 1680 1550 habuiffe
1693 1528 1828 1551 centum

1072 1568 1213 1613 triginta.
1228 1564 1428 1610 Hujusmodi
1438 1566 1698 1614 longaevitatem,
1711 1577 1745 1600 ut
1757 1566 1828 1600 satis

1073 1617 1274 1650 ordinariam
1297 1629 1336 1650 eo
1349 1615 1456 1651 seculo
1470 1642 1478 1656 ,
1501 1618 1626 1663 Scaliger
1639 1619 1673 1650 δε
1687 1615 1827 1661 Calvifius

1073 1665 1225 1699 hocloco
1238 1676 1370 1699 tuentur
1395 1680 1403 1700 ε
1431 1664 1485 1700 sed
1511 1669 1638 1712 capellus
1651 1692 1658 1705 ,
1678 1668 1828 1704 Petamus,

1073 1717 1238 1755 torniellus,
1251 1717 1284 1748 &
1296 1717 1431 1749 Henricus
1445 1716 1562 1761 Philippi
1578 1743 1585 1754 ‚
1602 1711 1712 1762 potius
1727 1714 1827 1761 quarn

1073 1764 1136 1798 hoc
1147 1765 1336 1803 admittant,
1346 1766 1517 1812 geminum
1531 1763 1658 1798 faciunt
1670 1765 1829 1799 Sanbulla-

1074 1824 1136 1849 tum
1155 1830 1163 1848 .-
1189 1815 1288 1848 alium
1302 1818 1358 1859 qui
1372 1816 1521 1854 Neliemiae,
1532 1814 1700 1861 Lvngimani
1711 1811 1827 1847 vicefi-

1075 1876 1132 1897 mo
1147 1860 1208 1897 sese
1218 1861 1386 1910 opposuit,
1397 1868 1431 1897 δε
1445 1867 1536 1908 cnjus
1546 1874 1644 1909 gener
1654 1862 1670 1896 ὲ
1682 1863 1827 1896 Netiemia

1075 1914 1197 1957 ejectus
1211 1913 1255 1946 est
1267 1912 1514 1958 templodiebus
1527 1914 1632 1952 Darii‚·
1649 1923 1717 1944 non
1734 1911 1828 1945 codo-

1075 1964 1175 1998 manni
1185 1987 1193 2002 ‚
1212 1972 1247 1995 ut
1258 1964 1380 2009 Scaliger
1390 1985 1398 1998 ‚
1416 1961 1466 1996 sed
1478 1958 1571 1996 Nothi
1581 1955 1727 1994 Nelmz.
1738 1972 1828 1995 v.22.

1077 2014 1154 2057 Ejus
1169 2013 1258 2045 enim
1278 2011 1395 2045 diebus
1410 2009 1643 2045 Pontificatum
1668 2010 1747 2042 inire
1765 2020 1830 2056 po-

1077 2064 1138 2096 tuit
1150 2063 1260 2095 larlrlcca
1271 2086 1281 2102 ‚
1308 2064 1341 2095 ὃ(
1353 2060 1394 2094 ad
1408 2061 1601 2095 Alexandrum
1615 2057 1710 2092 facile
1725 2057 1831 2103 persc-

1077 2113 1302 2145 verarezalium
1313 2108 1597 2145 verosanballatum
1609 2107 1729 2142 volunt
1739 2107 1829 2151 prio-

1077 2161 1117 2193 ris
1132 2159 1237 2193 filium
1251 2161 1300 2192 vel
1311 2171 1462 2204 nepotem
1472 2183 1479 2195 ‚
1493 2160 1583 2199 cujus
1595 2156 1695 2188 filiam
1708 2154 1828 2199 Nicaso-

1076 2220 1139 2241 nem
1160 2208 1319 2251 Manaffl’s,
1340 2208 1449 2240 laddnae
1461 2204 1631 2238 Pontificis
1641 2201 1738 2236 frater
1758 2228 1767 2243 ‚
1795 2204 1830 2235 in

1077 2266 1211 2287 uxorem
1233 2256 1369 2287 duxerat
1387 2267 1395 2287 z
1415 2264 1616 2300 quapropter
1629 2264 1694 2285 non
1707 2250 1723 2286 a
1735 2254 1832 2286 Νείκ-

1078 2305 1138 2337 mia
1159 2302 1212 2336 sed
1234 2301 1251 2336 ὲ
1272 2301 1373 2336 fratre
1385 2304 1495 2337 iaddna
1514 2301 1829 2347 (uthabetlofhplius)

1847 2105 1980 2133 sanballa.

1847 2150 1970 2184 turgemi-

1848 2197 1900 2216 nus.

1077 2353 1207 2399 templo
1219 2355 1251 2385 δε
1264 2350 1344 2385 urbe
1355 2350 1506 2398 depulsus
1518 2351 1574 2392 est,
1588 2355 1620 2385 δε
1631 2351 1664 2383 in
1675 2354 1743 2394 ejus
1753 2361 1847 2396 gra--

1080 2405 1160 2435 tiam
1196 2402 1374 2435 Sanballatus
1401 2399 1556 2435 secundus
1588 2399 1760 2447 impetrata
1787 2397 1829 2431 ab

1079 2452 1239 2485 Alexandro
1252 2457 1358 2496 Magno
1370 2450 1707 2496 potestate,templum
1720 2450 1831 2482 Sama-

1077 2502 1221 2533 ritanurn
1240 2501 1272 2531 in
1287 2510 1404 2533 monte
1417 2500 1551 2533 Garizin
1563 2498 1711 2531 eittruxit.

1128 2552 1191 2582 Pro
1206 2547 1311 2581 nostra
1329 2547 1487 2582 sententia
1499 2557 1767 2595 argumentamur
1780 2543 1831 2578 se-

1079 2595 1189 2632 cundo
1201 2608 1234 2630 ut
1246 2595 1335 2644 prius
1345 2609 1381 2630 ex
1392 2597 1524 2642 Haggaei
1539 2609 1568 2629 2.
1579 2607 1647 2636 v.4,
1678 2593 1727 2628 lbi
1741 2591 1833 2627 affir-

1079 2657 1187 2679 matur
1230 2647 1358 2691 aliquos
1393 2644 1588 2690 Judaeorutn
1630 2640 1830 2690 conspexisse

1078 2693 1288 2741 splendorem
1303 2697 1419 2740 templi
1433 2696 1542 2741 primi,
1552 2697 1585 2728 &
1597 2705 1672 2726 cum
1684 2706 1724 2727 eo
1736 2704 1832 2725 com-

1078 2741 1198 2790 parasse
1217 2742 1358 2789 gloriam
1379 2743 1533 2780 secundi,
1554 2740 1750 2789 impossibile
1771 2752 1831 2773 au-

1078 2803 1145 2825 tem
1167 2793 1232 2825 hoc
1253 2791 1343 2826 fanu
1355 2789 1417 2826 fuit
1442 2814 1450 2828 ‚
1476 2791 1498 2825 fi
1518 2804 1584 2825 non
1603 2800 1678 2823 ante
1700 2789 1829 2823 sextum

1076 2843 1164 2875 Darii
1183 2844 1272 2876 Nothi
1291 2833 1471 2875 secundum
1495 2839 1653 2885 templum
1673 2835 1711 2870 sit
1729 2836 1830 2872 aedisi-

1077 2902 1200 2923 catum:
1212 2902 1287 2922 nam
1302 2890 1339 2924 ca
1349 2892 1477 2924 ratione
1490 2888 1635 2921 videntes
1647 2898 1826 2932 utrumque

1078 2939 1238 2985 templum
1259 2941 1342 2972 ultra
1362 2936 1494 2971 centum
1522 2937 1698 2982 oetoginta
1724 2947 1830 2969 annos

1077 2987 1229 3034 oportuit
1249 2986 1355 3020 vixisse
1377 3002 1387 3029 3
1414 2996 1542 3019 tantum
1564 2997 1672 3019 autem
1695 2986 1832 3018 incom-

1077 3036 1219 3070 modum
1232 3036 1362 3069 admitti
1373 3047 1436 3067 non
1451 3034 1568 3080 potest.
1604 3036 1721 3081 Haggaei
1737 3035 1831 3067 locus

1855 2551 1968 2591 2..A›;g;

1076 3085 1117 3119 de
1128 3083 1405 3130 conspicientibus
1415 3095 1593 3129 utrumque
1603 3081 1780 3128 templum,
1792 3092 1828 3115 ut
1850 3123 1854 3126 ῃ

1074 3133 1336 3180 supradiximus,
1351 3144 1418 3165 non
1431 3133 1536 3178 potest
1550 3131 1648 3167 eludi.
1681 3132 1828 3164 Contra-

1075 3185 1144 3217 &io
1168 3182 1267 3216 etiam
1292 3193 1483 3229 temporum
1511 3182 1527 3216 a
1554 3189 1625 3227 Cyro
1637 3179 1679 3214 ad
1703 3181 1827 3213 Darium

1684 3223 1827 3269 Notlmm,
