2048 3343
30 1206 81 1233 Pro
89 1205 153 1230 Sca-

30 1242 162 1283 Iugeropn'-

0 1301 2 1319 y
28 1294 96 1312 mum
103 1282 168 1309 Cal-

0 1335 2 1366 }
29 1325 136 1360 ‘rifiiar-

0 1375 4 1398 ξ.
25 1374 128 1404 gumm-

99 2673 128 2692 εδ

434 90 499 121 ΕΤ
556 82 1218 122 CHRONOLoclcx

1282 81 1401 120 L113.
1434 81 1464 119 I.
1662 83 1731 118 161

182 156 321 198 Nothum
332 182 342 199 ,
358 169 455 204 quam
479 157 524 192 vel
537 157 624 192 Iudai
642 157 691 192 vel
703 154 874 193 Beroaldus,
900 157 931 187 &
981 154 1042 190 fuit
1054 167 1154 195 unus,
1170 165 1268 202 quem
1283 168 1392 189 recens
1415 153 1495 189 illud
1507 152 1546 190 de
1559 153 1736 188 extruendo

181 208 252 258 post
263 221 337 242 eum
351 204 535 259 Brughtonus
554 219 590 241 ac
603 206 747 254 Nisbetus
757 203 933 238 commini-

179 259 327 294 scuntur,
353 268 420 291 tam
442 255 487 290 est
508 254 642 290 absurda
660 278 671 295 ,
704 264 740 288 ut
757 265 828 289 eam
847 251 935 285 doffi

181 319 237 341 om
244 320 298 341 nes
309 306 552 340 abominentur.

229 357 351 391 Unum
368 355 498 389 tantum
517 350 604 386 aliud
633 362 862 398 proponemus
885 362 935 384 ar-

182 415 390 454 gumentum.
417 405 446 436 A
463 403 554 447 jaeris
572 402 687 447 templi
708 399 836 435 secundi
858 399 935 435 fun—

182 454 342 490 damentis
369 451 406 486 ad
431 451 540 498 operis
577 449 806 497 perfcffioncm
833 450 938 497 plures

181 516 251 539 non
263 513 353 537 erant
364 502 440 536 anni
461 513 557 546 quam
570 500 785 547 quadraginta
798 496 849 533 sex
862 523 872 538 ,
901 510 937 532 ut

181 553 317 588 habetur
332 552 385 600 J0.
408 563 437 584 2.
463 549 539 584 vers.
563 561 619 583 20.
636 550 781 597 plerique
801 547 933 594 quidem

185 602 363 637 doctorum
376 600 546 647 pauciores
563 610 752 634 numerant.
767 595 819 631 sed
832 598 938 643 plui-cs

184 664 255 688 non
274 650 348 685 sunt
371 648 577 684 admittendi.
605 650 636 683 Si
650 646 726 682 vero
743 648 857 679 ‘Darius
873 649 940 680 No-

183 698 250 736 thus
261 713 329 734 non
344 699 479 747 Hystaspis
489 696 590 732 fuerat
606 722 616 738 ‚
635 695 692 731 sub
702 709 768 743 quo
780 696 941 743 templum

185 749 365 786 secundum
380 748 424 783 est
438 745 631 783 :edificatum
647 770 656 783 ‚
676 746 717 779 ab
737 746 834 779 initio
852 745 889 779 ad
904 743 942 778 fi-

186 811 262 834 nem
283 799 392 844 operis
417 809 572 832 numerus
604 796 656 830 ille
681 807 841 829 annorum
869 795 940 841 plus

185 846 284 896 quam
296 848 538 894 duplicabitur,
556 858 632 879 nam
645 847 661 877 a
674 843 814 878 secundo
825 842 941 887 (yriad

184 897 312 933 sextum
325 894 422 931 Nothi
437 897 508 929 sunt
524 890 700 928 minimum
712 904 843 927 centum
858 893 941 925 duo-

187 948 291 982 decim
305 972 312 983 ,
332 950 361 980 &
377 945 417 979 (ic
434 946 567 988 jacuerit
588 943 749 989 templum
767 943 799 974 in
820 940 940 973 ruderi-

187 997 250 1031 bus
261 1020 269 1035 ,
290 999 321 1029 ἃ
333 995 519 1029 abstinuerit
532 989 695 1039 populus&
711 988 832 1023 solenni
850 987 940 1022 sacri-

188 1045 340 1080 ficiorum
370 1044 462 1078 cultu
494 1053 563 1075 non
591 1037 720 1073 tantum
754 1038 940 1085 septuagin-

189 1107 242 1130 ta,
269 1092 319 1128 sed
341 1091 441 1140 prope
462 1090 565 1124 tribus
582 1087 819 1136 septuagelimis
836 1099 938 1121 anno-

190 1156 275 1180 rum.

237 1187 346 1223 Primo
360 1201 416 1234 pro
432 1185 591 1221 contraria
612 1184 768 1220 sententia
790 1184 829 1219 fic
843 1197 939 1232 argu-

188 1249 385 1272 mentantur.
418 1239 528 1270 Darius
551 1234 606 1269 sub
626 1248 694 1283 quo
717 1236 875 1283 templum
897 1232 940 1267 est

186 1286 375 1335 perfectum,
388 1285 446 1320 stat
464 1286 678 1320 mediusinter
693 1285 774 1319 duos
788 1287 941 1318 Artaxer-

187 1351 260 1377 xes,
285 1347 321 1370 ut
341 1347 430 1382 patet
459 1349 495 1369 ex
516 1336 604 1369 Ezrae
625 1336 730 1382 quarti
752 1346 787 1375 23
807 1358 814 1371 ‚
834 1345 892 1378 24.
907 1335 941 1367 &

186 1386 266 1421 sexti
282 1398 333 1429 ¹÷v
350 1395 451 1431 ¹5,ac
470 1398 538 1430 7-v.
553 1397 579 1418 1.
592 1386 674 1419 inter
688 1383 716 1419 se
728 1384 868 1417 collatis:
883 1384 942 1416 At-

187 1437 244 1485 qui
259 1437 369 1469 Dauus
389 1435 528 1481 Histaspis
546 1447 614 1468 non
636 1434 694 1468 stat
715 1433 838 1467 medius
860 1433 943 1466 inter

187 1487 269 1519 duos
288 1486 494 1523 Artaxerxes,
521 1496 595 1517 nam
617 1494 690 1518 ante
711 1495 786 1516 eum
800 1483 943 1525 regnavit

187 1531 334 1579 C‘ambyfis
353 1533 417 1572 Cyri
429 1537 462 1567 δε
474 1533 542 1579 post
553 1545 628 1566 eum
640 1532 708 1567 suus
721 1530 806 1566 filius
821 1533 943 1570 Xerxes,

190 1584 304 1617 Darius
317 1593 423 1616 autem
437 1579 558 1616 Notlms
568 1594 641 1616 ante
655 1582 682 1616 sc
696 1580 810 1616 habuit
826 1584 944 1615 eArta-

190 1645 309 1665 xerxem
325 1631 534 1680 Longimanum
545 1655 554 1671 ,
572 1634 602 1665 Ex·
617 1633 688 1680 post
698 1633 727 1666 se
743 1633 947 1666 Artaxerxem

193 1684 402 1717 Ildnwnonem.

241 1729 337 1776 Resp.
366 1727 523 1776 Negando
537 1729 698 1763 minorem
711 1753 720 1767 ‚
739 1741 813 1762 nam
824 1726 948 1772 Camby-

194 1782 234 1821 fin·
246 1781 298 1813 ille
313 1792 411 1826 quem
423 1789 495 1812 ante
507 1777 535 1810 se
549 1777 660 1812 habuit
678 1779 788 1812 Dariws
809 1777 952 1825 Hystaspis

193 1830 280 1863 Ezrae
291 1841 324 1870 4.
336 1841 366 1862 v.
382 1838 396 1859 2
407 1840 433 1871 3.
452 1838 590 1862 vocatur
603 1830 810 1866 Artaxerxes,
842 1839 876 1861 ut
896 1826 950 1862 su-

193 1876 248 1925 pra
270 1875 482 1922 probavimus
493 1901 502 1916 ,
517 1880 547 1910 &
562 1876 676 1911 habuit
688 1878 739 1911 ille
754 1876 822 1924 post
835 1875 865 1911 se
876 1877 953 1912 licet

193 1938 265 1961 non
292 1925 481 1961 immediate
497 1927 953 1975 effltaxerxem‘Longimanum

194 1975 253 2010 sub
265 1988 333 2021 quo
348 1975 452 2021 Esdraes
464 1980 495 2010 &
507 1973 673 2010 Nehemias·
684 1977 953 2024 Hierosolymam

195 2023 334 2072 profesti
346 2022 438 2064 sunt;
466 2029 499 2059 &
515 2025 592 2060 vero
604 2027 660 2074 qui
676 2027 813 2074 cingunt
832 2026 955 2060 Darium

197 2071 336 2108 Nothnm
350 2077 537 2108 Artaxerxes
549 2099 559 2114 ,
580 2088 648 2110 non
659 2074 732 2109 sunt
744 2075 793 2110 isti
805 2087 888 2124 quos
900 2077 954 2122 Es:

197 2122 262 2157 driu
280 2123 363 2156 locis
381 2124 489 2158 citatis
509 2136 670 2159 memorat
689 2138 697 2164 ;
739 2138 813 2159 nam
836 2125 954 2159 horum

198 2174 286 2219 ptior
296 2170 359 2206 fuit
379 2172 578 2222 Longimanus
589 2198 596 2212 ,
616 2173 774 2220 posterior
786 2178 933 2209 Mnemon
947 2187 955 2207 t

199 2223 333 2255 illorum
346 2221 422 2256 vcro
443 2223 530 2270 prior
540 2221 601 2257 fuit
611 2220 760 2269 Cambjses
774 2233 827 2256 aut
838 2225 957 2269 aliquis

201 2271 317 2318 Judaeis
335 2271 487 2306 inimicus
511 2297 520 2311 ‚
556 2273 611 2318 qui
631 2274 746 2319 templi
767 2271 957 2307 [ὶι-ιιθωτᾱιη

202 2319 415 2364 impediverat
435 2321 546 2367 (quod
556 2323 595 2354 de
610 2324 792 2369 Longtmano
805 2321 878 2354 vere
890 2333 956 2355 non

205 2365 350 2407 dicitur)
367 2372 397 2400 &
409 2370 565 2413 posterior
577 2372 675 2404 Mna
686 2381 778 2403 cerxes
792 2369 855 2404 fuit
868 2371 892 2403 is
905 2372 960 2416 qui

205 2419 320 2451 ,Evam
340 2419 370 2449 &
384 2414 560 2450 Nehema'am
580 2420 613 2451 in
631 2418 771 2462 Judaeam
787 2420 960 2465 ablegavit.

206 2466 284 2498 Hoc
297 2465 479 2514 Longimano
498 2465 628 2513 quidem
647 2489 656 2503 ,
682 2470 738 2512 qui
761 2468 929 2513 Hyflaspr'dt
945 2467 964 2500 εὶ

208 2525 305 2559 tergo
321 2513 422 2548 stabat
443 2515 514 2560 post
530 2517 680 2550 Xerxem,
695 2516 784 2549 belle
797 2518 947 2562 congruit
959 2540 966 2552 ‚

211 2561 268 2597 sed
282 2575 349 2596 non
361 2564 518 2597 Mnemom'
529 2566 586 2610 qui
598 2563 734 2598 Nothnm
744 2564 885 2612 sequitur
898 2587 906 2601 ‚
933 2576 967 2598 ut

213 2624 290 2645 mox
303 2612 482 2658 apparebit.
726 2646 740 2651 ,

260 2662 410 2695 Alterum
432 2661 553 2703 Calvifii
571 2673 804 2709 argumentum
825 2661 888 2696 hoc
911 2660 968 2695 cst.

212 2711 361 2756 Tempus
380 2709 396 2744 31
417 2713 523 2757 primo
541 2712 609 2753 Cyri
627 2713 666 2745 ad
679 2726 754 2746 eum
778 2711 902 2746 Darium
913 2709 969 2743 sub

211 2771 278 2806 quo
297 2761 455 2805 templum
475 2761 517 2794 est
543 2760 776 2794 cxaedificatum
791 2785 800 2800 ‚
829 2772 895 2793 tam
909 2760 971 2793 fuit

213 2809 432 2856 longinquum
445 2835 454 2850 ,
480 2821 516 2843 ut
528 2809 669 2842 edictum
687 2816 705 2843 ί
716 2810 757 2850 yri
770 2811 808 2842 dc
822 2808 972 2841 solvenda

217 2857 397 2903 Judaeorum
424 2862 607 2905 captiv1tate
626 2862 656 2891 δέ
679 2857 870 2892 aedificando
886 2867 972 2890 tem-

218 2905 276 2950 plo
287 2932 294 2943 ,
314 2908 474 2942 oblivioni
488 2909 526 2942 ab
541 2907 698 2941 omnibus
715 2907 809 2942 Persis
823 2907 859 2941 fit
878 2906 974 2940 tradi-

220 2962 291 2986 tum
310 2977 317 2990 ‚
341 2969 397 2990 nec
417 2959 473 2992 nisi
493 2957 663 2991 difficulter
682 2970 801 3005 magno
825 2955 974 2991 adhibito

221 3000 374 3038 scrutinio
387 3006 419 3039 in
438 3008 570 3041 archivis
585 3009 765 3041 inventum.
792 3009 822 3040 A
841 3011 904 3049 Cyn
919 3017 976 3038 au-

222 3060 289 3084 tem
312 3053 416 3088 edieto
437 3057 475 3090 ad
498 3057 619 3090 Darium
638 3056 789 3102 ffissiaffiir
807 3057 898 3102 pauci
921 3054 976 3088 ad-

222 3100 358 3134 modum
374 3101 500 3138 fuerunt
511 3107 583 3138 anni
595 3130 603 3144 ‚
620 3119 686 3139 non
700 3101 791 3152 supra
804 3105 953 3139 undecim
967 3118 974 3136 .-

222 3152 254 3184 &
268 3149 342 3186 vcro
355 3152 468 3188 Darius
484 3154 627 3202 Hystaspis
646 3167 682 3191 cx
701 3156 770 3202 cyri
790 3154 978 3191 consiliariis

984 205 1166 251 judaeorum
1188 204 1315 249 templo
1338 204 1478 238 edietum
1500 203 1599 251 probe
1618 204 1739 237 memi-

985 251 1060 287 niffc
1075 253 1224 300 oportuit
1237 275 1247 286 ‚
1273 261 1384 299 utpote
1395 253 1484 297 quod
1504 252 1566 287 una
1578 265 1652 287 cum
1666 258 1740 295 Cyro

986 301 1047 348 ipse
1063 298 1266 336 condidisset.

1033 350 1132 397 Resp.
1158 351 1282 384 Omnia
1316 347 1383 383 haec
1411 359 1499 382 mera
1523 348 1593 384 sunt
1619 347 1740 394 Calvisi

986 410 1176 433 commenta
1189 421 1197 434 ‚
1215 410 1289 432 nam
1311 396 1444 444 aprimo
1458 398 1660 442 Monarchiae
1673 400 1741 443 Cyri

987 449 1025 482 ad
1045 447 1219 482 lecundum
1244 447 1332 481 Darii
1351 447 1426 480 anni
1447 457 1537 481 erant
1562 449 1742 482 novemde-

990 499 1052 532 cim
1068 522 1076 536 ‚
1094 510 1154 532 nec
1169 496 1277 531 Darius
1289 496 1372 529 ullus
1385 495 1448 529 fuit
1464 507 1503 530 ex
1515 496 1582 539 Cyri
1593 495 1742 538 consilia,-

991 549 1058 581 riis.
1084 545 1181 581 Ceri&
1196 547 1228 580 in
1240 545 1329 580 bello
1342 542 1554 593 Mess'agctico
1566 557 1639 579 cum
1654 543 1745 578 Darii

994 595 1231 643 paterl-Iystaspis
1243 596 1311 640 Cyri
1322 594 1417 629 castra
1430 592 1697 642 sequeretur,ipse
1710 603 1745 627 ut

994 645 1221 680 adolescensin
1236 643 1334 679 Persia
1345 645 1477 679 renerus
1488 644 1543 678 est.
1568 647 1603 678 In
1617 645 1747 677 Princi-

994 707 1071 742 pum
1099 695 1178 728 aulis
1198 705 1359 728 annorum
1381 693 1614 728 novemdecim
1640 690 1745 740 spatio

994 757 1092 792 quam
1120 744 1181 777 altfi
1200 743 1372 777 oblivione
1399 743 1500 776 multa
1525 742 1748 790 sepeliuntur,

993 806 1062 840 quae
1079 792 1245 839 Rempub.
1263 793 1370 839 magis
1387 791 1532 838 specrant
1547 790 1645 839 quam
1663 801 1748 825 tem-

995 845 1084 887 plum
1105 853 1263 875 extraneae
1283 845 1315 875 &
1339 837 1546 888 paupcr'rimae
1562 841 1669 889 gentis
1691 840 1748 886 Ju-

993 891 1152 924 daeorum.
1187 890 1338 935 inprimis
1356 891 1389 922 in
1410 891 1614 936 temporibus
1632 889 1748 923 turbu-

993 940 1089 974 lentis
1098 963 1107 978 ‚
1119 939 1225 984 qualia
1236 937 1413 971 admodum
1424 937 1557 972 fuerunt
1568 940 1601 973 in
1612 937 1749 978 Perside,

992 989 1008 1022 ὲ
1026 991 1134 1035 primo
1148 988 1211 1032 Qvi-i
1229 985 1272 1020 ad
1285 985 1460 1020 secundum
1477 987 1569 1020 Darii⁴
1583 1002 1593 1021 .·
1623 992 1653 1022 &
1669 985 1746 1020 vero

993 1038 1135 1072 edistum
1156 1036 1234 1071 illud
1255 1036 1293 1070 de
1311 1034 1428 1081 Judaeis
1449 1048 1517 1069 non
1539 1036 1638 1081 usque
1665 1035 1748 1069 adeo

993 1087 1157 1122 oblivioni
1175 1085 1330 1120 traditum
1350 1095 1417 1119 erat
1431 1109 1441 1124 ‚
1472 1085 1553 1130 quin
1575 1095 1676 1130 parvo
1696 1096 1752 1117 ne-

990 1137 1087 1184 gotio
1114 1137 1148 1170 in
1169 1134 1306 1169 archivis
1333 1133 1451 1168 Mediae
1478 1132 1751 1168 Ecbatanensibus

993 1188 1163 1220 inventum
1177 1184 1225 1219 lit.

1044 1235 1147 1279 Quod
1161 1236 1258 1269 tertio
1277 1245 1337 1281 pro
1358 1231 1415 1266 hac
1434 1231 1594 1266 sententia
1611 1229 1752 1270 Calvifius
1820 1238 1846 1260 3-

993 1282 1083 1318 affert
1094 1284 1133 1318 ab
1152 1282 1412 1318 hebdomadibus
1426 1281 1559 1315 Danielis
1575 1306 1584 1318 ,
1606 1280 1662 1315 suo
1674 1281 1751 1314 loco

995 1333 1222 1382 perpendetur.
1251 1334 1379 1368 Caetera
1398 1334 1465 1376 ejus
1490 1329 1700 1365 firmamenta
1717 1330 1752 1363 in

995 1386 1103 1432 primo
1113 1382 1224 1418 nostro
1235 1391 1430 1431 argumento
1440 1380 1652 1435 dissolvimus.

1133 1472 1585 1511 ‘QUAEST101X.

1023 1547 1105 1594 Qis
1124 1545 1213 1587 fuerit
1229 1546 1429 1579 Artaxerxes
1442 1567 1449 1578 ‚
1468 1541 1486 1577 ὰ
1504 1556 1556 1592 quo
1572 1539 1682 1577 Esdras
1693 1539 1732 1575 <2²⁰

1113 1595 1289 1630 Nelremias
1308 1592 1536 1639 Hierqfflbvmam
1557 1592 1630 1639 mcffi

1324 1647 1394 1691 fiant
1406 1647 1418 1677 ?

1068 1725 1142 1773 Esp.
1171 1724 1220 1760 Εὸ
1237 1726 1436 1760 accuratiore
1462 1725 1642 1759 attentione
1669 1723 1760 1758 deci-

1070 1776 1214 1810 dendum
1232 1775 1276 1809 est
1288 1775 1389 1810 hocce
1400 1773 1566 1821 quaesitum
1579 1799 1588 1813 ,
1606 1773 1699 1820 quod
1715 1772 1758 1807 ab

1003 1825 1200 1860 eArta.=:erxis
1217 1823 1313 1869 hujus
1325 1823 1483 1871 (quisquis
1497 1823 1628 1857 tandem
1640 1819 1759 1864 fuerit)

1003 1886 1089 1908 anno
1107 1874 1158 1909 vel
1183 1873 1322 1921 septimo
1341 1874 1392 1908 vel
1413 1871 1568 1908 vicesimo
1587 1873 1685 1911 multi
1704 1871 1766 1906 sta-

1002 1934 1095 1957 tuant
1117 1923 1402 1958 celeberrimarum
1425 1921 1560 1956 Danielis
1578 1919 1765 1956 hebdoma-

1003 1974 1114 2007 danim
1127 1974 1327 2020 principium
1340 1987 1348 2012 ;
1363 1975 1520 2005 &tamen
1532 1982 1631 2016 pauca
1645 1970 1764 2004 admo-

1003 2023 1081 2057 dum
1095 2022 1165 2056 sunt
1174 2034 1244 2069 quae
1255 2021 1402 2055 hocloco
1414 2018 1626 2067 superioribus
1638 2018 1767 2064 poffunt

1004 2072 1087 2107 addi.
1121 2073 1205 2106 Tres
1221 2070 1293 2105 sunt
1316 2069 1494 2104 d0‹.0c0rum
1516 2068 1557 2103 de
1575 2069 1771 2104 «Artaxerxe.

1006 2123 1065 2157 isto
1080 2119 1260 2156 sententiae.
1286 2116 1418 2166 Iosephus
1432 2131 1506 2152 curn
1529 2117 1636 2164 paucis
1652 2116 1765 2164 sequa-

1007 2171 1099 2207 cibus
1121 2172 1269 2209 Xerxem,
1295 2169 1391 2201 ‘Dart't
1417 2168 1561 2214 Hystaspi<
1571 2164 1674 2200 filium
1689 2178 1765 2199 eum

1007 2221 1180 2255 arbitratur
1197 2232 1205 2252 t
1232 2222 1256 2251 S
1260 2216 1378 2264 ulpitius
1397 2219 1525 2250 Severus
1545 2217 1768 2250 eArtaxerxem

1009 2274 1206 2305 Mnemonem
1217 2292 1227 2308 ‚
1253 2266 1344 2301 Darii
1360 2263 1459 2300 Nothi
1473 2264 1577 2300 filium
1595 2276 1742 2299 autumat
1757 2277 1767 2296 :

1009 2319 1096 2354 hunc
1116 2317 1263 2366 sequitur
1281 2315 1407 2364 Scalrger
1422 2319 1456 2349 &
1468 2313 1609 2362 superius
1628 2316 1716 2348 citati
1731 2325 1769 2345 ex

1012 2369 1126 2403 nostris
1138 2391 1146 2404 ,
1164 2368 1219 2413 qui
1243 2365 1373 2400 Dasium
1392 2361 1531 2398 Notlmm
1550 2364 1670 2408 templi*
1685 2374 1771 2396 exec-

1012 2416 1216 2451 dificatorem
1230 2415 1383 2449 statuunt.
1406 2411 1540 2459 Eusebius
1553 2410 1630 2446 vero
1642 2415 1671 2444 δέ
1687 2412 1769 2444 Hm-

1012 2480 1138 2511 ronymus
1148 2465 1218 2512 post
1230 2463 1336 2498 lullum
1348 2463 1540 2507 Africanum,
1554 2461 1770 2510 Longimanum

1017 2518 1144 2548 malunt
1165 2527 1173 2550 ;
1205 2525 1289 2559 quos
1318 2513 1421 2543 Graeci
1449 2523 1483 2544 ac
1512 2511 1618 2542 Latini
1645 2512 1770 2547 Patres,

1017 2561 1229 2607 Chronologi
1244 2558 1407 2593 Pontificii
1421 2582 1431 2598 ,
1441 2557 1566 2606 (lupellus
1576 2581 1585 2594 ‚
1605 2559 1702 2592 etiam
1715 2562 1743 2590 U
1757 2575 1772 2581 -

1016 2611 1140 2646 herus&
1153 2611 1204 2644 alii
1218 2608 1405 2654 sequuntur.
1735 2624 1737 2627 ι

1067 2662 1196 2694 Contra
1217 2659 1352 2704 primam
1367 2654 1474 2704 lvftphi
1493 2655 1532 2690 sic
1550 2667 1773 2703 argumentor.
1793 2674 1914 2712 ΝΟΜ-Μ

1019 2717 1126 2746 Xerxes
1139 2708 1312 2743 secundum
1334 2709 1460 2740 nullum
1475 2706 1639 2739 aufftorcm
1652 2705 1773 2740 triceli-
1793 2717 1931 2744 Xerxes„ae

1020 2772 1110 2794 mum
1121 2759 1227 2805 Regni
1240 2769 1359 2790 annum
1371 2755 1547 2802 superavit,
1559 2753 1612 2789 sed
1622 2757 1772 2789 Artaxer·
1792 2756 1846 2782 vult
1856 2757 1917 2791 lose-

1020 2823 1070 2843 ,τες
1085 2810 1140 2854 qui
1157 2805 1420 2852 Hierosolymam
1434 2804 1514 2838 misit
1529 2803 1690 2850 Esdram&
1705 2806 1772 2838 Ne·
1790 2795 1861 2834 th-

1021 2855 1369 2904 hemmm‚quadraginta
1381 2852 1556 2889 minimum
1568 2855 1658 2888 annis
1669 2856 1713 2887 im
1720 2866 1775 2900 pe-

1023 2909 1105 2941 rium
1118 2905 1354 2940 administravit
1371 2903 1544 2939 secundum
1557 2915 1672 2936 omnes
1683 2913 1774 2937 vete-

1024 2969 1082 2990 res.
1113 2953 1374 2991 Certetricesimi
1389 2958 1455 2999 ejus
1474 2950 1776 2986 sccundiNehemias

1025 3004 1147 3039 disertis
1162 3005 1265 3038 verbis
1282 3006 1435 3038 meminit
1447 3004 1532 3048 Cap.
1545 3012 1615 3047 5.v.
1633 3014 1684 3043 14.
1696 3005 1778 3036 Prae-

1026 3067 1112 3089 terea
1122 3056 1232 3087 Xerxes
1243 3052 1284 3086 ab
1303 3057 1476 3087 Artaxerxe
1493 3054 1546 3085 {uo
1559 3049 1627 3085 filio
1639 3049 1705 3097 ipso
1717 3063 1779 3084 no,

1027 3105 1112 3137 mine
1129 3103 1336 3149 distinguitur
1348 3126 1357 3141 ‚
1380 3114 1440 3135 nec
1466 3101 1635 3149 quisquam
1652 3102 1781 3134 Xerxem

1026 3156 1229 3190 Artaxerxem
1240 3153 1425 3188 nominavit
1435 3175 1444 3191 ‚
1456 3150 1513 3187 nisi
1523 3149 1608 3187 forte
1617 3153 1780 3186 Artaxer-

1401 3202 1434 3235 X
1710 3209 1780 3231 ‚vem
