2048 3343
297 65 373 101 164
656 52 964 88 OPER1s

288 127 443 163 definitis.
472 123 574 159 Ridet
592 123 707 158 multis
733 121 925 169 hujusmodi
950 132 1043 168 argu-

287 187 438 214 mentum
458 172 634 214 himoldus,
662 184 806 208 attamen
825 169 961 220 paulum
985 172 1047 204 im-

289 224 413 261 mutata‘i
425 223 528 259 forma
536 234 766 272 argumentum
776 223 839 257 hoc
851 220 944 256 fa'cile
954 218 1046 254 susti-

290 277 383 312 nebit
393 300 400 311 ,
415 280 446 310 δε
462 276 642 310 immotum
654 272 790 308 Reinoldt
807 284 925 306 omnes
937 271 1046 305 arietes

291 326 439 372 repellet.
461 325 589 359 Nititur
599 324 722 371 vulgari
734 320 1045 368 Maximfi‚Pariapa-

293 374 369 409 ribus
379 374 577 413 conveniunt,
608 372 629 408 fi
653 372 787 408 definita
812 370 1047 406 determinatio

293 425 454 472 prioribus
474 434 664 471 temporum
691 421 852 470 periochis
871 420 1028 455 convenit
1041 440 1048 452 ι

293 473 402 509 multo
416 476 516 521 magis
525 474 644 508 ultimae
657 472 732 506 huic
743 470 988 519 periochae‚quae
999 464 1046 499 us-

291 536 353 571 que
363 524 401 558 ad
411 531 430 559 C
440 520 520 570 lmstt
534 534 677 558 mortem
697 522 826 557 deducit
840 544 849 559 ,
879 514 1049 571 certissima

291 574 523 608 determinatio
543 573 719 608 convenire
739 568 854 604 debet:
874 578 948 600 nam
961 577 1048 612 prio-

291 635 365 658 rum
375 625 529 658 omniurn
541 615 902 668 temporumcertitudo
913 614 978 649 fixa
986 613 1049 649 fuit

292 670 437 720 aSpiritu
448 674 576 711 saneto,
589 683 630 705 eo
642 668 791 715 inprimis
803 664 868 701 fine
878 677 913 699 ut
924 664 940 700 a
952 677 1049 699 mun-

294 721 436 757 diinitio
455 722 496 756 ad
514 718 656 766 Christum
668 717 787 764 passum
804 715 959 764 expedito
974 738 984 753 ,
1013 717 1047 748 δε

293 783 383 806 certo
403 770 461 804 filo
472 767 582 803 fideles
602 767 847 802 deducerentur.
871 763 1052 799 Posteriora

291 832 440 866 tempora
452 818 468 853 ἷι
478 815 589 863 Clmflo
601 815 686 864 passo
697 814 815 862 suaque
826 810 976 863 promissa
987 813 1049 846 im-

290 870 409 916 plente,
422 881 458 901 ac
470 880 554 915 opus
573 867 807 912 redemptionis
818 863 1053 899 consumman-

288 930 320 953 te
332 943 341 954 ,
359 918 398 951 ad
415 917 529 951 mundi
547 915 647 952 finem
667 913 774 950 dedita
790 913 891 962 opera
911 914 1049 960 Spiritus

287 968 422 1003 Sanetus
447 966 591 1008 omnino
609 964 860 1000 indeterminata
877 963 1049 1008 relinquit,

287 1031 330 1052 ne
347 1018 413 1051 ulia
426 1015 621 1063 quotidiano
639 1016 775 1062 piorum
797 1013 930 1048 redituri
941 1009 1051 1057 Christi

287 1066 446 1102 desiderio
465 1079 500 1100 ac
520 1065 741 1112 expefizationi
760 1076 889 1098 remora
905 1062 1051 1104 injicere-

290 1128 389 1151 retur.
414 1115 572 1149 Periocha
582 1112 660 1149 vero
672 1113 864 1147 immediate
872 1109 1048 1158 paffionem

291 1164 482 1201 antecedens
505 1164 545 1207 (fi
558 1176 621 1212 qua
635 1164 718 1204 alia)
733 1160 904 1197 definitam
917 1162 1052 1196 certitu-

289 1217 400 1250 dinem
422 1213 616 1261 requirebat.
642 1215 888 1259 Argumentum
901 1210 1055 1258 procedit

290 1277 363 1300 non
388 1263 576 1311 simpliciter
603 1263 764 1310 (qualiter
797 1262 869 1296 vult
895 1259 1055 1294 Reinoldm

292 1311 495 1365 Brughtonum
511 1314 676 1361 pueriliter
688 1311 908 1360 argumentari
921 1313 935 1352 )
947 1309 999 1344 sed
1014 1323 1052 1344 ex

295 1362 525 1410 suppositione.
532 1363 641 1397 Deum
654 1363 806 1396 ultimam
821 1359 904 1395 hanc
916 1356 1060 1404 κῶὲιοχζώ

294 1414 407 1461 aliquo
420 1425 559 1447 numero
572 1410 747 1460 expressisse
759 1435 770 1452 ,
791 1410 855 1446 hoc
866 1410 1060 1458 supposito,

295 1472 528 1510 argumentum
549 1462 664 1509 probat
684 1461 825 1496 firmiter
838 1472 1011 1496 numerum
1028 1459 1056 1494 iss

298 1511 384 1547 stum
395 1509 567 1546 definitum
575 1510 680 1546 fuisse.

350 1561 454 1610 Qod
475 1560 644 1608 distinguit
657 1558 815 1594 Reinoldm
831 1560 916 1594 inter
924 1567 1058 1605 tempo-

303 1623 376 1646 rum
397 1609 567 1657 periochas
584 1612 619 1644 in
629 1608 780 1645 historica
792 1609 1059 1656 narrationepro-

301 1659 421 1708 positas
432 1686 440 1700 ‚
460 1663 493 1695 &
512 1660 545 1694 in
559 1658 752 1707 Propheticz‘i
765 1658 974 1706 proediffione
991 1670 1061 1692 me-

301 1722 465 1751 moratas,
483 1708 565 1745 nihil
581 1711 683 1758 ipsum
701 1710 837 1744 relevat.
862 1709 953 1743 Deus
969 1708 1060 1742 enim

302 1761 354 1794 cui
366 1759 472 1795 futura
489 1759 582 1807 aeque
601 1760 769 1806 praesentia
787 1756 860 1792 sunt
876 1770 911 1791 ac
933 1767 1062 1804 praeter-

304 1809 367 1845 ita,
385 1820 451 1844 tam
469 1809 513 1844 est
525 1820 629 1844 certus
648 1813 680 1843 δε
698 1807 898 1843 definitusin
911 1804 975 1841 suis
987 1820 1062 1854 prae-

304 1858 505 1893 dictionibus
516 1857 704 1892 futurorum
715 1885 724 1897 ‚
743 1855 850 1905 quam⁴
860 1857 893 1890 in
905 1858 1064 1891 narratio-

306 1907 406 1942 nibus
422 1907 674 1953 praeteritorum.

357 1956 463 2003 Qiod
473 1956 511 1990 ad
521 1955 687 1989 instantias
697 1954 812 1988 attinet
821 1979 828 1991 ‚
840 1952 959 2001 quibus
969 1966 1065 2002 argu-

306 2017 458 2042 mentum
471 2004 638 2039 infirmare
656 2014 792 2038 conatur
808 2003 988 2044 Reinoldus,
1015 2016 1065 2038 ca-

306 2069 379 2091 rum
393 2055 480 2090 nulla
492 2054 570 2089 facit
581 2053 622 2089 ad
633 2066 701 2088 rem
716 2052 904 2101 praesentern
917 2077 926 2093 ‚
954 2063 1067 2100 praetcr

306 2117 406 2139 unam
419 2104 457 2137 de
475 2105 567 2139 annis
583 2104 847 2152 quadringentis,
872 2102 996 2149 quibus
1007 2116 1067 2150 po-

306 2153 380 2188 steri
401 2150 585 2187 eAbrahami
610 2153 765 2187 dicuntur
800 2154 998 2200 peregrinati
1031 2154 1064 2186 in

308 2205 474 2249 AEgypt03
495 2200 570 2235 cum
590 2212 702 2234 tamen
720 2202 853 2247 triginta
871 2201 964 2245 supra
983 2213 1064 2246 qua-

308 2251 502 2299 dringentos
517 2252 550 2284 in
560 2248 592 2284 esi
603 2247 730 2283 summa
741 2247 829 2282 certo
841 2247 901 2281 fint
911 2248 1064 2281 subintel-

308 2300 444 2349 ligendi.
462 2298 557 2346 Resp.
567 2299 619 2333 Ad
631 2298 815 2333 instantiam
826 2295 910 2331 lianc
921 2295 976 2331 suo
988 2297 1065 2330 loco

309 2349 535 2397 respondimus
553 2346 683 2396 gemina
697 2346 917 2382 distinRionc.
950 2358 977 2380 1.
995 2347 1066 2380 Ro-

308 2399 460 2434 tundatio
486 2410 699 2432 numerorum
723 2410 776 2444 per
798 2395 992 2431 minutiores
1010 2409 1066 2430 ex-

309 2447 408 2484 cessus
425 2445 634 2483 autdefetf'cus
645 2460 714 2481 non
734 2445 812 2481 facit
829 2458 1002 2480 numerum
1015 2446 1067 2480 in-

307 2510 433 2534 certum
451 2500 486 2531 &
498 2496 718 2531 indefinitum.
749 2509 781 2530 2.
796 2497 888 2530 Anni
904 2493 1068 2529 diffisum

308 2546 437 2596 praecise
451 2546 691 2594 quadringenti,
710 2544 997 2592 velquadringenti
1009 2546 1066 2578 tri-

310 2600 404 2646 ginta
430 2595 610 2630 secundum
639 2597 698 2630 alia
729 2599 762 2629 &
788 2596 846 2629 alia
871 2594 1067 2628 numerandi

309 2647 478 2696 principia.
504 2645 601 2679 Adde
625 2656 654 2688 3.
667 2643 822 2678 Periocha
833 2641 875 2675 ab
895 2642 1017 2677 Adamo
1030 2643 1068 2677 ad

310 2697 426 2743 populi
436 2696 561 2729 exitum
573 2707 611 2728 ex
619 2697 777 2740 AEgypw,
793 2704 831 2726 ex
840 2691 908 2724 aliis
920 2692 1067 2738 Scriptu-

309 2759 348 2782 rae
359 2747 439 2781 locis
452 2743 622 2783 definitur,
649 2756 718 2777 non
737 2756 774 2776 ex
788 2755 828 2776 co
844 2739 912 2774 solo
925 2739 992 2788 quo
1012 2754 1066 2775 ro-

309 2796 429 2830 tundus
440 2796 494 2829 ille
506 2805 656 2829 numerus
677 2793 992 2839 quadringentorum
1010 2803 1065 2824 an·

308 2858 430 2880 norum
442 2845 638 2891 exprimitur
651 2856 658 2876 :
673 2842 783 2886 ὡοχῖι
796 2852 907 2875 autem
922 2853 981 2886 prae
993 2853 1065 2874 ma-

309 2895 407 2929 nibus
420 2894 458 2929 ad
471 2893 584 2928 Christi
603 2903 744 2927 mortem
761 2892 947 2938 pertingens
960 2916 969 2929 ,
991 2888 1066 2924 nus-

311 2958 408 2989 quam
428 2944 506 2978 alibi
524 2942 774 2992 quamindiffis
795 2938 1064 2975 Damelishcbdo-

311 2993 412 3027 madis
434 2995 646 3040 exprimitur:
679 2991 728 3026 isti
748 3003 826 3038 ergo
847 2991 972 3023 numeri
998 3001 1065 3022 non

314 3040 388 3074 sunt
399 3044 539 3076 omnino
551 3055 651 3088 pares.

361 3090 505 3129 Quinto.
533 3089 668 3125 Reinoldc'
683 3089 747 3124 hoc
765 3098 994 3123 commentum
1009 3085 1066 3120 ad-

313 3140 404 3173 mitti
414 3139 553 3173 omnint>
563 3141 579 3175 a
590 3139 782 3176 Christianis
791 3151 860 3174 non
871 3138 981 3177 debct3
990 3147 1064 3172 nam

1025 47 1502 89 H1sronic1

1070 449 1072 458 ,
1094 418 1186 464 ginta
1198 430 1314 458 annOS,
1324 420 1454 467 quando
1468 422 1636 457 Hadriam
1647 436 1779 472 gentem
1792 427 1852 474 Ju-

1098 130 1226 168 tempus
1239 122 1393 156 adventus
1414 123 1530 169 Mcssiae
1539 123 1618 161 facit
1635 127 1778 164 omnin&
1797 129 1851 164 in-

1096 181 1236 208 certum.
1265 171 1314 205 Ut
1325 172 1413 206 enim
1429 173 1585 209 Reinoldus
1595 200 1605 216 ‚
1619 190 1688 213 non
1699 178 1852 214 obstante

1096 222 1230 254 Danielis
1245 219 1415 268 Prophetiz'i
1426 246 1435 261 ,
1462 224 1546 257 ultra
1556 225 1756 276 septuaginta
1766 228 1850 263 heb‘

1094 269 1250 304 domadas
1270 270 1376 305 differt
1393 269 1649 315 Christimortem
1661 279 1754 312 annis
1771 280 1849 313 totis

1096 317 1302 366 septuaginta
1314 343 1322 355 ‚
1332 322 1445 368 quidni
1457 334 1532 356 cum
1544 323 1659 370 Judaeis
1670 327 1849 372 Prophetiae

1094 367 1179 402 iliius
1197 367 1273 402 finis
1284 370 1413 404 extendi
1436 373 1554 418 poterit
1568 374 1606 408 ad
1624 375 1702 410 alios
1722 374 1850 423 septua-

1095 466 1238 500 daeorum
1258 477 1387 503 tantum
1406 482 1474 504 non
1495 472 1615 506 excidit
1635 478 1648 508 ?
1682 474 1755 508 Imo
1774 488 1850 509 cum

1095 514 1286 563 Apollinare,
1312 518 1424 565 quidni
1445 521 1479 554 in
1498 518 1600 555 finem
1621 521 1720 567 usque
1738 526 1852 559 muudi

1095 565 1256 612 possemus
1267 565 1394 602 differre
1404 570 1519 602 incerti
1529 569 1623 615 hujus
1637 576 1796 619 temporis
1812 574 1854 609 fi-

1096 619 1197 650 nem?
1222 616 1353 663 ejusque
1371 619 1568 665 principium
1587 619 1629 653 ab
1649 620 1715 668 ipso
1734 622 1854 657 Adamo

1098 677 1172 698 cum
1182 668 1312 716 Origene
1323 665 1494 702 arceffere?
1519 668 1635 703 Procul
1645 669 1706 705 fuit
1719 673 1855 708 Reinoldi

1097 713 1221 750 summa
1239 718 1337 761 pietas
1358 717 1542 752 &eruditio
1558 717 1574 753 a
1591 723 1768 756 teterrimis
1787 722 1853 757 istis

1097 765 1324 800 incommodis
1334 791 1344 807 ,
1360 778 1503 802 attamen
1515 770 1657 803 extentio
1669 769 1854 806 hebdoma-

1099 811 1209 847 darum
1219 813 1258 847 ad
1269 814 1459 851 indefinitos
1468 819 1629 852 terminos
1639 820 1677 853 ad
1690 821 1852 855 incertum

1100 862 1299 909 'principium
1326 867 1358 897 &
1380 865 1539 901 incertum
1562 867 1685 906 finem,
1709 869 1853 905 absurdis

1099 911 1292 947 hominibus
1309 910 1408 947 latam
1430 916 1530 948 nimis
1542 918 1710 953 cavillandi
1721 932 1851 966 portam

1103 963 1217 1009 aperit.

1146 1012 1298 1058 Denique
1307 1022 1418 1046 contra
1428 1012 1602 1048 Reinoldum
1611 1013 1733 1050 faciunt
1741 1019 1855 1053 omnia

1098 1060 1274 1095 ἀοξὶοῑιιιῃ
1296 1063 1448 1096 omnium
1476 1063 1662 1098 testimonia
1683 1078 1691 1097 :
1715 1078 1856 1114 quanta-

1100 1123 1228 1157 cunque
1239 1112 1328 1144 enim
1342 1112 1426 1145 inter
1444 1111 1562 1146 doctos
1575 1115 1697 1149 multos
1710 1117 1743 1151 in
1763 1118 1856 1152 variis

1098 1173 1167 1207 quae
1178 1159 1399 1194 hebdomadas
1409 1159 1497 1195 hasce
1506 1160 1664 1209 spediant,
1677 1164 1857 1214 discrepan-

1100 1212 1144 1244 tia
1154 1209 1219 1250 est3
1244 1222 1360 1244 omnes
1385 1221 1495 1245 tamen
1511 1223 1579 1246 uno
1599 1225 1654 1247 ore
1671 1212 1856 1256 affirmant,

1101 1270 1225 1294 certum
1250 1260 1385 1308 aliquod
1410 1271 1540 1308 tempus
1571 1259 1637 1296 istis
1661 1263 1856 1310 significari:

1101 1307 1172 1344 imo
1185 1307 1264 1345 vero
1283 1322 1391 1344 earum
1411 1311 1635 1346 certitudinem
1653 1324 1721 1347 non
1733 1326 1859 1360 negant

1103 1361 1158 1405 qui
1180 1360 1380 1406 principium
1399 1361 1434 1394 in
1453 1361 1569 1396 mundi
1587 1355 1794 1408 primordio,
1822 1367 1858 1399 δε

1103 1408 1205 1444 finem
1216 1410 1250 1443 in
1260 1408 1376 1443 mundi
1386 1411 1476 1444 exitu
1487 1412 1666 1445 collocant.

1148 1459 1229 1492 Non
1239 1458 1283 1492 est
1295 1458 1386 1505 quod
1396 1471 1433 1492 ex
1445 1458 1510 1493 hoc
1527 1459 1700 1494 doctorum
1713 1461 1863 1508 catalogo
1885 1470 2004 1502 Pemblius

1105 1505 1396 1550 Pemblium(virum
1407 1506 1480 1541 sane
1490 1507 1623 1542 doftum
1636 1512 1670 1543 &
1680 1509 1863 1552 eruditum)
1883 1512 1993 1547 hicidem
2036 1513 2037 1540 1

1105 1557 1323 1603 excipiamus;
1340 1568 1418 1592 nam
1435 1555 1589 1604 scripturn
1606 1558 1685 1593 illud
1702 1559 1794 1607 quod
1805 1558 1864 1594 sub
1883 1557 2003 1596 ‘’MR“'t
2036 1580 2037 1583 ¹

1102 1605 1230 1641 'Pemblii
1241 1618 1368 1641 nomen
1382 1604 1502 1641 refutat
1521 1605 1676 1653 Nisbetm,
1688 1609 1868 1645 commode
1882 1595 1968 1625 'mm‘

1108 1655 1213 1705 potest
1230 1656 1269 1690 ad
1287 1655 1389 1703 ipsum
1408 1655 1602 1697 Reinoldum‚
1629 1670 1688 1692 nec
1706 1658 1745 1692 ad
1764 1657 1866 1695 alium

1108 1718 1339 1755 quemcunque
1352 1704 1483 1748 referri,
1500 1720 1575 1742 nam
1593 1706 1633 1741 ab
1644 1706 1716 1755 ipso
1735 1706 1868 1743 Pemblio

1109 1756 1228 1791 nonest
1242 1756 1367 1790 editum
1377 1782 1386 1795 ,
1401 1755 1454 1791 sed
1465 1769 1594 1792 tantum
1606 1758 1691 1792 inter
1698 1760 1764 1802 ejus
1773 1758 1868 1792 char-

1109 1817 1156 1840 tas
1168 1816 1330 1854 repertum
1339 1830 1349 1846 ‚
1360 1819 1436 1854 quas
1447 1808 1529 1842 olim
1541 1807 1733 1842 adolescens
1742 1820 1780 1841 ex
1790 1808 1867 1841 Rei-

1109 1854 1190 1890 nola'i
1201 1855 1470 1903 praelectionibus
1483 1879 1494 1892 ‚
1510 1855 1712 1902 excerpserat
1724 1857 1758 1889 in
1770 1868 1867 1891 com-

1112 1907 1230 1954 pendio
1245 1904 1359 1953 absque
1370 1906 1416 1939 sui
1428 1907 1554 1953 ingenii
1572 1903 1636 1940 ullzi
1649 1904 1765 1953 operfi,
1790 1905 1812 1939 fi
1832 1917 1869 1939 u—

1112 1968 1187 1990 nam
1199 1954 1479 1990 abbreviationem
1486 1956 1643 2002 excipias.

1164 2006 1251 2052 Qae
1271 2018 1329 2052 pro
1357 2002 1410 2039 sua
1424 2003 1583 2039 sententia
1599 2001 1759 2038 Reinoldus
1777 2001 1866 2037 affert
1883 2007 2004 2046 Responfia

1113 2056 1264 2104 primaria
1289 2065 1481 2102 argumenta
1509 2054 1579 2090 haec
1596 2052 1680 2087 sunt.
1711 2065 1739 2086 1.
1758 2054 1795 2085 In
1808 2063 1865 2086 va-

1113 2107 1166 2140 riis
1177 2105 1346 2151 Scripturae
1354 2102 1436 2138 locis
1446 2105 1574 2138 numeri
1585 2103 1709 2136 dierum
1719 2105 1750 2134 &
1760 2112 1865 2134 anno-

1113 2167 1186 2188 rum
1215 2152 1342 2186 definiti
1369 2166 1427 2198 pro
1437 2151 1617 2186 indefinitis
1653 2150 1866 2196 accipiuntur.

1112 2200 1200 2246 Ergo
1217 2200 1418 2246 septuaginta
1435 2199 1570 2234 Danielis
1591 2197 1805 2235 hebdomadae
1826 2199 1867 2235 fic

1114 2247 1244 2296 possunt
1257 2249 1391 2295 exponi.

1161 2296 1254 2343 Resp.
1278 2297 1435 2344 Agnoscit
1447 2296 1607 2333 Reinoldm
1616 2298 1785 2346 probabile
1794 2309 1869 2334 tan·
1886 2304 1944 2335 „Aa
1957 2314 1978 2333 1.

1113 2345 1186 2381 tum
1206 2344 1265 2380 effe
1290 2346 1354 2381 hoc
1376 2359 1606 2393 argumentum
1627 2361 1636 2381 :
1671 2347 1756 2394 certe
1776 2361 1869 2395 argu-

1114 2398 1277 2431 mentatio
1295 2395 1312 2430 a
1325 2396 1570 2444 particularibus
1584 2398 1703 2432 vitium
1722 2398 1767 2432 est
1779 2398 1870 2444 quod

1115 2445 1213 2494 ipsam
1234 2445 1498 2492 probabilitatem
1519 2446 1675 2481 excludit.
1706 2447 1870 2481 Admitti-

1115 2508 1191 2543 mus¹
1207 2495 1338 2543 quidem
1363 2495 1539 2542 aliquando
1555 2507 1685 2542 tempus
1696 2494 1874 2530 definitum

1116 2559 1174 2593 pro
1192 2543 1365 2579 indefinito
1382 2545 1607 2591 accipiendum
1623 2568 1633 2581 ‚
1659 2542 1712 2578 sed
1722 2546 1873 2580 rarumid

1115 2595 1172 2634 est,
1183 2597 1217 2627 δε
1232 2592 1436 2642 plerumque,
1449 2591 1518 2626 imo
1531 2592 1596 2628 fere
1608 2593 1732 2640 semper
1742 2598 1871 2629 numeri

1114 2643 1239 2677 dierum
1260 2646 1295 2676 &
1322 2655 1487 2677 annorum
1511 2642 1726 2690 propriissime
1753 2643 1870 2691 absque

1113 2693 1182 2726 ullo
1193 2704 1301 2739 trop0,
1313 2692 1377 2726 ulla
1392 2692 1601 2736 Synecdoclie
1611 2694 1819 2738 accipiuntur:
1838 2697 1871 2727 ἃς

1114 2741 1190 2776 vero
1224 2741 1362 2789 quando
1387 2741 1601 2786 Synecdoche
1627 2741 1802 2786 usurpanda
1833 2742 1868 2775 sit

1113 2791 1287 2837 Scriptura!
1302 2791 1441 2825 indicare
1463 2789 1545 2825 solet
1561 2817 1570 2830 ,
1595 2790 1707 2824 saltem
1730 2790 1810 2824 clarfi
1828 2803 1869 2825 ex

1112 2840 1255 2888 quodam
1271 2842 1346 2875 loco
1366 2838 1613 2888 consequentifi,
1633 2838 1695 2873 hoc
1709 2851 1818 2875 autem
1832 2843 1866 2874 in

1111 2889 1246 2924 Danielis
1257 2889 1483 2928 hebdomadis,
1497 2901 1563 2922 non
1576 2887 1718 2923 obtinet.

1159 2938 1346 2972 Secundum
1364 2939 1455 2972 suum
1476 2948 1705 2984 argumentum
1724 2939 1861 2974 desumit
1880 2943 1972 2974 atda-

1113 2987 1267 3020 Reinoldas
1280 3000 1317 3021 ex
1334 2987 1401 3033 ipso
1414 2986 1546 3020 Daniel„
1558 2998 1665 3027 textu,
1686 2989 1783 3037 idque
1795 2988 1861 3022 vult

1112 3035 1317 3071 necessarium
1336 3041 1367 3070 ὅ(
1386 3036 1675 3071 demonstrativum
1695 3052 1703 3070 .-
1731 3050 1798 3072 tora
1809 3050 1864 3071 au-

1112 3097 1178 3120 tem
1192 3088 1262 3130 ejus
1279 3086 1325 3119 vis
1342 3086 1405 3120 huc
1426 3085 1568 3121 devenit.
1597 3087 1724 3121 Ultima
1740 3088 1866 3135 septua-

1112 3136 1201 3183 ginta
1219 3134 1496 3171 hebdomadarum
1519 3136 1672 3172 sumenda
1689 3136 1731 3171 cst
1750 3140 1867 3182 Synce-

1730 3184 1867 3219 docnitc·

1883 2129 1955 2159 noldi.

1883 2048 1916 2074 ad
1923 2057 2001 2086 argu·

1882 2090 2021 2130 mentaRei.
2038 2108 2042 2135 ⁴.
