2048 3343
318 106 391 159 1-28
671 104 1082 143 OrestisH

313 179 418 214 salvos
435 176 599 215 reduxerit
619 178 653 212 in
673 179 855 213 Graeciam.
891 179 991 224 Legat
1011 177 1064 210 cui

318 230 447 262 animus
458 228 501 261 est
517 232 551 263 &
561 230 668 262 otium
683 230 716 261 in
729 229 914 275 Xenophontis
926 225 1066 266 ascensu,

320 282 392 328 Cyri
413 280 516 312 multa
536 279 569 312 in
589 277 654 312 hoc
674 279 789 311 itinere
802 273 984 323 dignissima
995 287 1066 308 me-

321 337 466 367 moratu.
496 327 634 362 Certum
648 326 691 361 est
702 327 796 373 quod
807 326 867 360 hac
880 325 1069 370 tempestate

320 377 429 411 fecere
447 378 550 410 Graeci
577 374 777 410 infirmitatis
799 373 927 410 Perficae
946 374 1070 420 expeti-

323 437 473 459 mentum
483 450 492 466 ‚
503 422 952 460 Lacedaemoniosconcitaffe
965 424 1003 456 ad
1016 423 1068 454 in-

321 475 513 515 vadendum
540 474 620 515 Afiae
639 475 814 521 imperium
836 499 846 514 ,
871 473 963 519 quod
975 471 1069 503 nimis

316 526 446 570 jamdiu
457 522 774 560 tenuiffefoemineas
784 534 897 555 manus
909 518 1069 554 dolebant

318 575 380 608 >viri
409 588 416 608 :
445 572 497 608 sed
521 572 606 608 bella
621 574 728 607 civilia
749 571 867 607 abhoc
879 580 935 602 eos
946 578 1069 605 conatii

320 633 546 663 retraxerunt,
567 634 603 656 ut
628 622 786 657 Alexandro
813 619 962 651 Macedoni
987 627 1067 663 prm,-

320 672 527 713 destinatusa
541 673 616 705 Deo
628 670 723 702 locus
734 667 981 712 relinqueretur.

370 720 506 756 parabat
528 728 698 753 Artaxerxes
714 716 901 751 rebellionis
926 717 995 759 Cyri
1015 713 1067 748 so-

320 773 390 805 cios
410 783 470 817 pro
495 768 617 802 meritis
635 766 777 813 accipere
796 789 806 805 ,
833 768 867 798 δε
896 775 970 797 ante
983 763 1065 796 alios

318 829 398 855 ionas
422 835 432 854 :
467 827 615 851 metuens
641 814 695 849 sibi
715 815 809 848 Ionia
835 812 878 847 ad
904 823 1066 860 cognatos

319 872 452 903 Graecos
465 867 581 905 mittit,
595 866 650 910 qui
665 863 832 912 postulent
842 875 958 910 opem:
972 863 1064 895 variae

315 916 433 965 Sparta
444 917 579 950 veniunt
592 914 698 949 classes
718 937 729 955 ,
757 912 894 947 tandem
914 911 979 959 ipse
993 911 1065 944 Rex

316 969 456 1015 Agefilaus
469 963 692 1000 transmittens
702 987 711 1003 ‚
730 960 819 997 tetra
831 963 974 1008 marique
987 972 1068 1006 pro--

314 1016 408 1063 fligat
420 1014 543 1062 ubique
554 1012 720 1048 barbaros.
754 1010 854 1046 Persae
872 1023 940 1058 quo
956 1011 1063 1044 virum

314 1064 517 1100 retraherent
532 1075 568 1098 ex
584 1061 659 1096 Asia
673 1087 683 1103 ‚
709 1062 881 1097 consuetas
907 1057 1066 1094 adhibent

315 1127 397 1151 arus
416 1139 426 1155 ,
453 1115 484 1148 in
510 1115 689 1160 Spartanos
715 1113 884 1149 concitant
911 1121 1063 1148 caeteram

315 1165 479 1199 Graeciam
492 1189 502 1205 ‚
521 1164 613 1209 quod
636 1161 710 1208 ipiis
723 1157 1060 1206 faetufuirperfacile4

315 1215 439 1247 namin
450 1211 558 1246 socios
570 1210 738 1258 superbius
749 1209 984 1247 dominabatur
994 1219 1064 1247 tum

313 1264 431 1309 Sparta
443 1260 539 1307 quam
553 1262 640 1308 prius
651 1260 807 1295 Athenae:
827 1261 924 1307 igitur
938 1257 976 1291 fit
987 1270 1066 1293 con-

314 1309 574 1359 spiratio.Antea
585 1309 811 1357 recuperfirant
823 1307 1065 1356 patriamAthe-

317 1359 444 1395 nienses
460 1360 567 1395 exules
586 1386 594 1400 ‚
621 1364 655 1395 δέ
676 1359 919 1394 Thebanorum
930 1370 991 1404 ope
1006 1357 1067 1390 tti-

319 1411 411 1458 ginta
431 1421 586 1455 tyrannos
606 1413 772 1455 ejecerant
790 1434 800 1448 ,
826 1405 882 1441 sed
903 1406 980 1441 urbs
1001 1405 1067 1443 sine

320 1458 487 1493 moenibus
498 1472 564 1493 rem
571 1458 773 1499 anfir,d0nec
787 1466 882 1493 Conon
894 1458 963 1500 (cui
978 1464 1066 1490 Arta-

318 1521 414 1543 xerxes
427 1508 471 1542 ob
486 1510 531 1542 rei
544 1511 681 1542 nauticae
692 1509 840 1555 peritiam
857 1511 887 1541 δι
901 1505 1017 1540 odium
1030 1506 1064 1538 in

320 1558 593 1592 Lacedaernonios
602 1556 689 1592 suam
700 1554 827 1591 classem
839 1554 1063 1597 commiserat)

319 1606 523 1641 eaPersarum
539 1606 668 1652 sumptu
682 1605 754 1640 satis
765 1603 940 1653 magnifice
950 1604 1064 1638 reaedi-

318 1654 442 1690 ficaffet
459 1673 469 1696 3
492 1669 560 1703 quo
571 1654 662 1690 facto
676 1667 790 1703 parum
802 1652 921 1692 abfuit,
932 1656 1014 1700 quin
1023 1654 1064 1689 ad

316 1705 484 1753 pristinam
509 1705 649 1753 gloriam
675 1705 798 1739 rediret
822 1703 877 1738 ille
898 1702 1063 1751 populus.

318 1753 419 1788 Certe
434 1767 536 1801 parvo
548 1755 622 1801 post
642 1766 791 1800 tempore
802 1755 835 1786 in
854 1755 1065 1800 Peloponne-

319 1800 390 1836 sum
401 1806 553 1839 emittere
567 1806 668 1840 valuit
678 1804 827 1838 triremes
838 1802 1000 1837 ducentas
1011 1827 1019 1841 ,
1030 1806 1064 1837 δε

320 1852 402 1885 terra
415 1854 529 1898 viginti
543 1853 684 1887 militum
695 1851 808 1886 millia.
836 1853 883 1885 Hi
895 1852 1067 1886 cumThe-

319 1900 412 1936 banis
431 1901 563 1936 firmam
583 1900 670 1936 adeo
690 1915 750 1947 pro
763 1900 916 1936 libertate
930 1901 1066 1936 Graeco.

317 1962 389 1983 rum
404 1950 594 1985 societatem
606 1953 766 1988 inierunt,
778 1962 811 1984 ut
823 1950 1066 1985 Lacedaemonii

314 2001 462 2046 undique
473 1999 565 2047 presli
578 2024 586 2036 ,
603 2000 677 2034 hinc
691 1998 818 2034 aversis
830 2023 837 2035 ‚
853 1999 931 2034 inde
945 1999 961 2034 a
973 2001 1067 2034 Grae-

313 2050 483 2088 cis‚coa<5ti
496 2049 555 2084 sint
567 2048 674 2085 sociis,
686 2053 751 2095 jam
764 2048 881 2096 sponte
895 2052 1066 2083 excutien-

313 2101 400 2134 tibus
413 2097 590 2145 superbum
601 2098 1066 2146 dominorumjugum,liber-

317 2159 421 2183 tatem
434 2147 520 2181 dare.

163 725 287 755 lundens

162 772 302 800 Artaxer-

162 820 206 836 xes
215 812 287 837 Ionae

162 851 266 878 attrabit

161 893 188 918 in
198 891 297 925 Asiam

161 932 259 969 Agefi-

158 974 231 1001 laum.

163 1467 279 1497 Condunt

160 1511 236 1546 Per-fit
244 1520 295 1537 mu-

161 1561 198 1578 ros
205 1549 297 1581 ,Albe-

160 1601 192 1620 ΗΔ
195 1602 256 1621 ruma

364 2195 542 2231 Defecerat
563 2207 638 2230 ante
657 2195 724 2230 hacc
737 2196 779 2230 ab
794 2205 954 2232 Artaxerxe
965 2199 1066 2244 AEgy-

316 2256 394 2295 ptus
404 2271 414 2287 ,
429 2245 510 2279 hanc
523 2244 815 2280 cffoeininatissimis
828 2244 990 2278 Persarum
1005 2257 1066 2278 co-

314 2297 373 2343 piis
387 2295 542 2330 reducere
555 2293 728 2341 desperans
742 2290 892 2338 Rex-‚quo
905 2297 1063 2338 majorem

315 2357 354 2378 cx
365 2346 491 2379 Graecia
503 2344 782 2378 mercenariorum
795 2342 931 2376 haberet
945 2355 1066 2377 nume-

313 2405 386 2427 rum
407 2420 415 2433 ‚
443 2392 529 2428 misit
548 2393 588 2426 :id
608 2404 787 2426 commune
798 2390 991 2426 concilium,
1005 2392 1063 2438 qui

313 2442 487 2477 suaderent
497 2440 711 2476 cessationem
727 2440 768 2474 ab
788 2442 885 2475 armis
902 2440 1063 2475 civilibus.

315 2492 401 2526 Non
417 2489 593 2525 difficulter
609 2503 666 2538 pax
677 2492 853 2531 convenit,
871 2490 1064 2524 conceden-

313 2540 404 2575 tibus
424 2542 543 2575 cuntsta
566 2539 822 2573 Lacedaemoniis
839 2543 906 2583 jam
922 2538 1077 2586 pertaeiisr

312 2588 390 2625 belli
403 2604 410 2623 :
421 2589 473 2624 sed
486 2590 541 2623 diu
553 2602 610 2636 pax
624 2602 689 2622 non
701 2590 808 2622 tenuit
823 2613 830 2627 ‚
841 2590 957 2622 iterum
972 2591 1061 2622 enim

312 2640 477 2672 inhiantes
506 2639 702 2684 principatui
729 2636 951 2670 molestiffime
977 2635 1062 2671 sere-

314 2688 394 2721 bant
405 2688 561 2735 Spartani,
574 2686 608 2719 id
624 2684 680 2718 sibi
694 2687 883 2730 exrorqueri
895 2685 988 2731 quod
1001 2697 1061 2718 an-

314 2739 365 2770 nis
385 2749 488 2784 prope
513 2735 700 2783 quingentis
727 2732 915 2768 tenuiffent.
958 2734 1060 2781 Igitur

316 2798 479 2832 occupare
499 2782 618 2818 insulas
639 2809 648 2823 ,
676 2788 706 2816 in
735 2783 909 2817 Thraciam
931 2785 1060 2817 mittere

314 2837 424 2882 copias
437 2849 444 2869 ι
458 2834 504 2868 hae
517 2837 549 2867 in
562 2836 611 2867 via
622 2846 657 2866 ex
671 2835 848 2877 inopinato
863 2832 1060 2866 adoriuntur

314 2888 349 2919 &
367 2886 501 2931 capiunt
516 2885 672 2918 Cadmeam
683 2880 921 2915 Thebanorum
934 2893 1057 2921 arcem,

312 2944 440 2980 captam
458 2945 525 2967 uno
542 2934 686 2966 alterove
711 2943 798 2963 anno
817 2930 973 2975 injuriose
1002 2930 1059 2964 de-

311 2985 436 3018 tinent,
447 2981 610 3017 censentes
620 2981 683 3013 hoc
697 2980 798 3014 fraeno
814 2977 1059 3026 potentissimos

310 3032 375 3071 jam
388 3034 583 3065 Graecorum
602 3028 784 3064 Thebanos
800 3031 840 3063 ab
853 3031 947 3062 omni
964 3039 1059 3062 motu

312 3078 459 3111 cohiberi
473 3081 572 3126 polle.

156 3139 273 3174 spartani
362 3128 402 3158 V<
414 3138 484 3158 rum
504 3129 671 3163 enimvero
683 3128 749 3162 haec
762 3128 879 3172 injuria
891 3127 1056 3174 Spartanis

156 3179 277 3208 Thebanos
312 3176 412 3211 ruinae
424 3200 433 3214 ‚
450 3175 618 3211 Thebanis
631 3179 759 3224 imperii
776 3179 808 3213 in
828 3177 1057 3224 Graecosprin-

1089 860 1226 896 scient.
1261 865 1307 897 Ea
1327 868 1360 899 in
1389 867 1633 903 Thebanorum
1662 870 1770 904 castris
1798 870 1860 905 fuit
1877 880 2014 911 Nanaudee
2047 866 2048 871 ¹

1088 926 1090 936 ι
1109 911 1261 946 ordinum
1280 910 1471 960 dispositio,
1495 929 1533 949 ea
1544 919 1858 954 animorum'contra
1874 923 2016 959 „Agesilaus

1116 113 1513 146 isToR101

1114 177 1238 225 cipium
1250 175 1312 212 fuit
1334 191 1343 213 τ
1361 190 1438 212 nam
1450 179 1526 214 cuin
1535 178 1691 216 Thebani
1705 181 1781 218 vi&
1793 182 2007 225 arte'Pm-“m

1114 225 1202 260 suam
1215 225 1451 275 recuperassent
1461 230 1639 270 Cadmeam,
1653 233 1864 279 implacabile
1875 227 1962 256 gram·

1115 287 1232 310 contra
1243 279 1393 324 Spartam
1408 277 1524 312 odium
1538 282 1774 326 conceperunt.
1785 283 1862 316 Erat

1116 325 1239 359 Thebis
1253 337 1367 372 praeter
1378 325 1458 361 alios
1471 326 1613 376 insignes
1628 329 1725 363 duces
1743 331 1864 376 Epami-

1115 376 1218 408 nondas
1231 376 1298 408 :hic
1309 376 1508 411 ssoeotorum
1520 376 1656 412 robusta
1668 390 1809 425 corpora
1821 383 1866 414 ita

1116 424 1259 456 exercuit
1276 446 1285 459 ‚
1311 429 1344 458 ὄε
1360 423 1522 460 affuefecit
1534 426 1708 475 disciplinae
1722 429 1864 469 militari,

1117 481 1152 503 ut
1173 472 1369 507 cunftorum
1382 477 1574 510 mortalium
1586 478 1619 510 in
1629 477 1690 510 hac
1702 488 1770 511 arte
1782 479 1866 524 peri-v

1117 518 1227 553 tiffiini
1239 520 1406 557 evaserint.
1434 526 1563 559 Primos
1574 524 1779 572 sumpserunt
1793 528 1865 560 anis

1118 581 1190 603 mos
1201 594 1211 610 ,
1229 567 1310 603 cum
1324 574 1483 622 Agesilaum
1497 585 1533 607 ex
1548 572 1622 607 Afia
1633 585 1750 608 contra
1762 574 1792 609 se
1810 589 1864 610 rc-

1116 630 1271 652 vocatum
1293 644 1303 660 ‚
1327 619 1486 655 sensrss'ent
1510 622 1669 656 declinare
1698 635 1865 671 pugnam.

1116 669 1259 702 Venerat
1280 680 1355 703 cum
1384 668 1500 717 infigni
1526 673 1669 706 exercitu
1695 672 1862 707 deleturus

1113 716 1245 752 Thebas
1264 721 1402 769 Agefilaus
1422 745 1432 760 ‚
1459 718 1524 753 sine
1544 721 1863 757 controverfifiistius

1110 762 1210 800 seculi
1224 767 1456 803 celtberrimus
1468 772 1669 817 Imperator:
1683 782 1864 805 occurrunt

1112 813 1285 856 Thebani,
1302 816 1370 851 loci
1386 816 1512 864 captarit
1524 820 1767 854 commoditate
1780 833 1862 855 con-

2047 894 2048 926 l

1111 962 1297 1008 ingruentes
1310 962 1416 996 hostes
1428 961 1538 999 sedata
1553 965 1702 1008 firmitas,
1713 979 1749 1002 ut
1762 970 1854 1017 Agefi-
1874 972 1925 1009 ‘'Q'’
1933 967 1999 1000 Epa·

1110 1013 1175 1045 lam
1190 1012 1222 1044 in
1236 1012 1350 1058 iniquo
1363 1012 1440 1047 loco
1458 1012 1545 1060 ipsos
1566 1016 1698 1063 aggredi
1711 1016 1858 1056 horrens,
1872 1003 1989 1072 mmm?

1111 1059 1255 1108 primum
1277 1060 1460 1096 transiverit
1482 1061 1547 1099 sinc
1559 1065 1668 1111 pugnfi
1685 1091 1694 1107 ‚
1725 1069 1758 1100 &
1781 1055 1956 1102 mox-“mgre
1975 1055 1993 1072 ἡ

1111 1120 1326 1146 reverteretur
1345 1112 1500 1146 domum.
1537 1116 1600 1147 Hic
1618 1113 1781 1150 fortissimi
1800 1119 1861 1151 viri

1113 1172 1218 1196 metus
1231 1160 1409 1195 Thebanos
1431 1159 1511 1197 fecit
1530 1173 1635 1197 certos
1652 1164 1708 1198 suae
1725 1166 1863 1206 virtutis,

1113 1212 1204 1254 cujus
1223 1223 1300 1244 mox
1317 1210 1441 1259 infigne
1462 1214 1525 1246 toti
1547 1215 1679 1247 Graeciae
1699 1214 1864 1249 dederunt

1113 1260 1372 1306 experimentum
1391 1285 1400 1298 ‚
1426 1258 1502 1294 cum
1523 1264 1697 1308 pauciores
1716 1264 1748 1296 in
1765 1277 1863 1311 aequo

1113 1308 1193 1342 loco
1210 1311 1450 1357 Spartanorum
1470 1311 1578 1358 plures
1597 1311 1759 1346 fudiffcnt.
1800 1315 1867 1346 Ex-

1114 1358 1193 1393 inde
1210 1359 1292 1392 nihil
1304 1362 1394 1406 parvi
1406 1358 1519 1408 spirare
1533 1385 1543 1400 ,
1564 1361 1688 1395 ambire
1702 1362 1783 1396 vices
1801 1365 1865 1395 im-

1113 1409 1247 1455 perandi
1270 1410 1399 1445 Giaeciae
1420 1434 1431 1450 ‚
1458 1421 1539 1458 quas
1559 1410 1646 1446 hunc
1663 1411 1702 1446 ad
1720 1412 1868 1447 niodum·

1113 1458 1224 1504 adepti
1236 1457 1319 1492 sunt.

1159 1506 1314 1542 Secundo
1352 1506 1503 1556 persuasit
1542 1509 1663 1545 Graecis
1689 1517 1863 1545 Artaxerxes

1109 1569 1325 1591 communem
1336 1558 1866 1605 pacem‚hancadmittuntomnes

1109 1605 1143 1640 ea
1152 1605 1277 1653 lege,ut
1288 1608 1414 1641 cunctae
1426 1609 1458 1640 in
1472 1610 1598 1641 Graecia
1610 1609 1757 1642 civitates
1766 1606 1863 1642 liber-

1112 1666 1178 1689 tate
1191 1656 1395 1690 fruerentur.-
1413 1660 1563 1690 annuunt
1576 1659 1693 1694 caeteri,
1704 1660 1757 1691 uni
1770 1656 1859 1690 The·
1876 1654 2001 1688 Thebano-

2040 1689 2042 1700 .

1112 1704 1189 1738 bani
1206 1704 1350 1739 recusant
1370 1704 1420 1738 isti
1433 1704 1612 1756 starclegi‚
1635 1717 1739 1741 totam
1756 1708 1856 1740 Boeo-
1874 1703 2014 1749 ramsuper·
2039 1701 2042 1739 l

1112 1755 1190 1787 tiam
1203 1752 1258 1788 ase
1271 1753 1413 1802 pendere
1427 1753 1555 1791 volunt.
1592 1754 1681 1791 Cum
1694 1755 1859 1790 obstinate*
1872 1743 1924 1771 hm·

1113 1801 1318 1850 persisterent
1331 1806 1361 1836 in
1374 1805 1438 1837 hoc
1450 1806 1572 1851 placito
1591 1832 1600 1845 ‚
1620 1805 1860 1853 paciscentibus

1114 1853 1238 1887 caetcris
1254 1878 1262 1892 ,
1284 1851 1342 1900 ipsi
1366 1852 1426 1887 soli
1445 1852 1660 1888 excluduntur
1684 1853 1700 1888 ὲ
1719 1854 1863 1892 foedere.

1115 1901 1275 1936 Oblatam
1287 1903 1394 1936 statim
1408 1901 1613 1936 occasionem
1627 1904 1784 1951 arripiunt
1798 1905 1861 1937 La-

1113 1953 1308 1986 cedaemonii
1322 1951 1510 1985 vindicandi
1523 1954 1673 1997 antiquas
1689 1962 1864 1986 contume-

1112 2000 1217 2039 lias‚&
1230 2003 1438 2047 opprimendi
1454 2001 1557 2035 nudas
1573 2005 1636 2045 jam
1651 2000 1692 2035 ab
1702 2000 1860 2035 omnibns

1112 2049 1207 2085 sociis
1221 2049 1369 2087 Thebas.
1406 2049 1773 2097 Pergitfestinabundus
1789 2051 1858 2084 Rex
1877 2059 1986 2088 zenan}

1112 2101 1301 2134 Cleombrotus
1322 2101 1471 2133 maximis
1485 2113 1556 2133 cum
1580 2102 1679 2144 copiis
1698 2124 1708 2139 ‚
1738 2099 1858 2132 exscin-
1875 2104 1975 2138 Epami·

1112 2149 1294 2183 dendarum
1301 2147 1494 2181 Thebarum
1506 2146 1744 2181 certissimum
1756 2149 1858 2181 i‘oeo-
1878 2140 1973 2188 '¹⁰”d’ff

1111 2199 1189 2230 tiam
1204 2199 1311 2231 venit,
1328 2196 1368 2229 ad
1383 2196 1598 2229 Cheronaeam
1614 2196 1767 2242 primum,
1783 2209 1861 2230 mox
1873 2181 1985 2249 filij?

1112 2245 1152 2278 ad
1165 2246 1306 2278 Leuctra
1324 2243 1497 2289 procedit5
1526 2248 1729 2292 Epaminondas
1747 2245 1862 2280 contra
1878 2262 1990 2291 Lacedae-
2038 2274 2040 2284 r

1113 2305 1187 2326 cum
1201 2291 1285 2327 senis
1294 2305 1405 2340 praeter
1418 2305 1555 2340 propter
1568 2296 1711 2330 millibus
1722 2320 1732 2336 ‚
1752 2296 1859 2343 plures
1878 2305 1961 2331 moniis
1970 2307 2011 2332 m·-
2037 2315 2039 2338 3

1113 2344 1201 2376 enim
1227 2344 1260 2376 in
1283 2342 1527 2377 urbefeoendis
1547 2347 1646 2378 armis
1667 2356 1732 2378 non
1751 2356 1860 2383 crant3
1879 2345 1981 2374 &oriam

1113 2402 1259 2425 caeteram
1281 2392 1467 2426 imbellium
1480 2392 1610 2426 turbam
1624 2392 1711 2440 ,quo
1725 2392 1796 2427 tota
1814 2393 1860 2428 se·
1878 2385 1958 2422 refert.
2043 2390 2048 2434 l

1114 2440 1206 2474 deret
1240 2452 1332 2475 extra
1359 2439 1435 2475 belli
1451 2442 1538 2475 casus
1555 2467 1562 2480 ,
1584 2443 1682 2476 mittit
1696 2442 1842 2477 Athenas
1855 2468 1863 2476 .

1113 2490 1225 2524 Multa
1246 2492 1316 2524 viro
1339 2490 1372 2522 in
1393 2492 1442 2523 via
1462 2490 1594 2525 obviam
1614 2490 1861 2528 fiuntinfausta‚

1111 2538 1166 2572 scd
1178 2541 1323 2572 omniais
1342 2538 1440 2572 flocci
1459 2539 1581 2581 facere,
1603 2539 1664 2573 hoc
1683 2552 1784 2574 unum
1802 2540 1830 2573 se
1845 2539 1862 2574 ὲ

1111 2600 1215 2634 puero
1234 2587 1376 2622 didiciiie
1392 2586 1477 2621 fatus
1493 2590 1676 2636 augurium,
1687 2601 1744 2635 pro
1759 2591 1862 2636 patria

1110 2635 1243 2670 fortiter
1253 2647 1453 2682 pugnantem
1466 2649 1548 2670 mori
1561 2652 1568 2671 :
1581 2650 1620 2671 ne
1633 2649 1743 2672 tamen
1755 2641 1862 2685 inper-

1110 2683 1300 2718 stitionibus
1318 2684 1428 2719 dedita
1447 2688 1541 2733 ple'os
1566 2688 1683 2721 animis
1695 2687 1862 2724 deficeret,

1111 2730 1211 2767 efficit
1233 2746 1270 2767 ex
1290 2734 1371 2767 urbe
1394 2736 1425 2767 in
1445 2735 1543 2769 castra
1560 2738 1670 2770 volare
1689 2738 1859 2776 nuncium,

1108 2781 1227 2817 sacrata
1245 2796 1317 2829 quae
1343 2784 1375 2816 in
1399 2786 1531 2831 templis
1551 2783 1742 2832 pendebant
1768 2797 1858 2818 arma

1109 2843 1176 2865 non
1191 2831 1332 2880 amplius
1342 2833 1599 2880 apparerc,quod
1614 2832 1670 2877 ipsi
1684 2845 1720 2865 ea
1733 2833 1858 2868 induis·-

1110 2881 1176 2914 sent
1190 2881 1306 2914 heroes
1319 2906 1326 2920 ,
1342 2891 1497 2915 exeuntes
1516 2882 1546 2915 in
1567 2883 1667 2915 aciem
1686 2881 1857 2916 Thebanis

1111 2941 1210 2975 opem
1222 2929 1317 2962 laturi
1335 2941 1451 2962 contra
1462 2933 1646 2975 Spartanos.
1678 2933 1745 2964 Tot
1760 2932 1857 2975 hujus

1110 2979 1233 3026 generis
1253 2979 1313 3011 alia
1343 2990 1554 3012 commentus
1581 2980 1622 3013 est
1647 2979 1857 3026 prudentissi-

1111 3039 1182 3060 mus
1195 3029 1386 3073 imperator,
1401 3037 1435 3060 ut
1446 3037 1518 3060 tota
1530 3031 1595 3071 jam
1609 3029 1702 3073 plebs
1714 3032 1758 3065 nil
1769 3029 1856 3064 aliud

1110 3078 1212 3122 magis
1223 3085 1331 3108 averet
1343 3074 1439 3121 quam
1455 3078 1610 3123 praelium.
1626 3080 1658 3110 ln
1673 3092 1780 3126 pugna
1792 3079 1857 3112 hoc

1109 3124 1180 3158 usus
1192 3125 1235 3157 est
1248 3124 1471 3171 stratagemate
1483 3151 1492 3166 ‚
1512 3138 1683 3174 quotquot
1695 3139 1784 3161 erant
1796 3128 1855 3161 viri

1108 3171 1210 3208 fortes
1227 3198 1238 3215 ,
1264 3176 1365 3207 eosin
1378 3174 1495 3211 dextro
1508 3176 1631 3213 locavit
1646 3188 1751 3210 cornu
1774 3199 1781 3211 ,
1804 3177 1856 3209 in-

1734 3222 1852 3260 firmos
