2048 3343
303 100 368 125 100
702 80 1056 118 DrATRIB

303 168 357 191 vos
369 153 484 193 adhuc,
497 163 577 200 quos
589 150 641 184 diu
654 150 686 183 in
700 148 836 184 subsidiis
849 148 1017 188 abdiderat,
1032 149 1063 183 in

304 205 441 250 apricum
457 214 554 249 nuper
567 200 725 236 deduxerit
739 199 826 247 plane
842 199 980 238 triarios,
997 199 1064 246 qui-

303 252 429 288 buscum
443 254 509 286 unis
522 253 553 285 in
567 248 721 298 praesentia
735 261 821 283 mens
835 249 928 282 nobis
944 248 1063 282 estma-

304 316 378 338 num
392 300 565 336 conserere:
580 300 716 347 intellige
728 298 781 338 sis,
806 297 1064 332 Remonstrantes

305 351 522 400 Apologistas5
538 349 631 398 usque
645 348 724 384 adei>
738 346 902 395 praefracizae
915 349 997 383 viros
1013 360 1064 392 au-

305 403 412 441 daciae‚
428 413 460 436 ut
472 401 609 448 ultimam
617 400 722 433 cuncti
735 398 863 446 pudoris
876 399 986 435 lineam
995 398 1065 439 lon-

305 453 344 499 ge
356 450 519 485 transiliisse
533 451 700 484 videantur.

354 502 398 534 Hi
413 526 422 540 ‚
439 500 503 548 quo
518 500 651 546 primum
666 498 744 545 apud
759 500 979 544 Imperatorem
996 499 1064 530 esq-

302 551 443 598 pollyoma
456 550 557 597 gratiae
567 549 671 582 locum
684 548 861 585 obtineant,
875 544 941 590 quo
952 543 1001 578 sua
1015 546 1065 577 Sa-

305 612 380 633 tanae
397 601 502 633 merita
512 598 595 645 supra
603 596 748 645 Jtsuitas,
763 595 847 641 supra
862 592 1064 637 (affimdrum‚

307 647 390 695 supra
404 648 617 696 Spalaztenst’m,
647 647 736 680 ctiam
758 644 841 691 supra
861 643 1004 688 Ladenfts
1025 656 1063 677 0-

306 697 458 738 stentcnt3
484 711 562 744 opus
576 696 644 731 vere
658 706 802 740 magnum
815 692 1006 733 moliuntur,
1033 698 1065 728 δέ

306 760 366 792 prae
379 745 407 781 se
420 746 537 785 ferunt,
552 744 637 792 quod
650 754 718 776 ante
733 741 813 789 ipsos
827 744 1004 776 mortalium
1012 755 1065 776 au-

307 795 352 830 sus
366 795 408 829 est
420 807 525 829 nemo.
559 791 724 827 Affirmant
738 790 851 826 disertis
864 792 966 826 verbis
979 805 1064 825 erro-

307 858 371 879 rem
388 844 578 891 quantumvis
594 854 738 889 maguum
750 865 761 880 ,
776 853 934 888 peccatum
947 842 1064 875 nullum

306 895 365 928 dici
374 893 497 928 debere,
511 890 692 927 foediffimos
703 903 828 925 errones
839 891 1063 926 manicham,

306 947 452 978 Arianos,
472 944 654 979 Socimanos,
671 939 918 989 ulnabaptr'ftas,
932 941 1063 984 *Pontifi-

306 997 378 1031 σίας,
395 997 426 1027 &
447 995 502 1037 (ut
516 991 593 1025 mihi
606 991 731 1038 quidem
744 991 862 1025 videtur
874 989 1063 1038 consequen-

306 1042 474 1087 tiffirnum)
490 1041 613 1090 Jndaeos,
640 1042 770 1080 Τηνίων,
792 1043 924 1089 Paganos
932 1066 942 1081 ‚
967 1047 1064 1088 quan‘-

307 1093 417 1127 tumvis
431 1092 474 1126 ob
486 1092 540 1124 alia
551 1116 561 1131 ,
589 1090 609 1123 fi
624 1103 682 1137 qua
695 1089 828 1123 habeant
843 1101 965 1137 peccata
977 1113 987 1128 ‚
1013 1090 1064 1122 da-

307 1143 405 1176 mnari
424 1141 534 1187 possint
547 1165 557 1180 ‚
584 1139 627 1174 ob
640 1149 760 1174 errores
774 1151 876 1174 tamen
892 1140 1004 1187 quibus
1018 1140 1064 1172 in-

308 1190 404 1224 fames
417 1191 498 1230 sunt,
513 1190 624 1223 nullam
638 1191 686 1223 vel
701 1189 716 1222 a
731 1190 825 1228 Deo,
845 1191 893 1224 vel
906 1190 944 1223 ab
959 1189 1063 1223 homi-

308 1242 397 1274 nibus
414 1241 478 1274 odii
493 1242 603 1273 micam
624 1239 747 1272 mereri.
777 1242 811 1272 In
825 1238 888 1273 hoc
901 1237 1064 1273 absurdum

308 1289 508 1323 absurdorum
529 1287 769 1323 absurdiffimum
788 1289 872 1322 viros
885 1288 956 1321 alias
974 1288 1065 1320 nimis

307 1339 400 1385 quam
412 1338 596 1385 perspicaces
609 1337 807 1384 praecipitavit
821 1335 957 1383 ipsorum
973 1339 1042 1370 Dea
1056 1360 1064 1372 2

305 1388 392 1435 quod
405 1387 459 1434 ipsi
472 1388 590 1432 perdite
602 1388 774 1434 depereunt
788 1387 924 1427 idolum,
944 1387 1065 1421 libertas

308 1438 438 1471 arbitrii:
457 1437 497 1471 sic
515 1439 599 1471 enim
613 1450 684 1471 cum
699 1437 817 1469 ratione
830 1435 995 1471 insaniunt:
1018 1437 1065 1470 Ο-

308 1500 379 1521 mne
392 1499 550 1534 peccatum
563 1486 766 1521 voluntarium
780 1485 838 1525 est,
855 1486 988 1520 liberum
1002 1485 1062 1525 cst,

307 1537 339 1569 in
352 1538 505 1571 voluntate
520 1533 619 1571 sedem
633 1536 747 1575 habet3
763 1548 882 1570 errores
895 1536 970 1570 vero
981 1549 1067 1571 men-

308 1587 345 1619 tis
358 1587 427 1620 vitia
441 1585 522 1625 sunt,
539 1598 603 1619 non
615 1585 777 1620 voluntatis
792 1599 800 1624 ;
815 1598 907 1632 quare
920 1599 1039 1620 errores
1051 1610 1061 1625 ,

308 1635 363 1668 nisi
377 1636 540 1670 voluntarii
555 1635 626 1674 lint,
642 1635 728 1682 quod
741 1634 811 1669 raro
824 1636 995 1683 contingit,
1010 1649 1066 1670 nec

309 1698 445 1733 unquam
459 1685 512 1719 nisi
526 1698 579 1731 per
592 1686 731 1719 accidens
746 1709 754 1720 ‚
782 1696 903 1734 peccata
921 1698 986 1719 non
1001 1684 1066 1719 sunt

310 1734 443 1770 dicendi.
483 1734 584 1782 Qod
597 1734 633 1768 ad
651 1733 775 1768 haereses
788 1735 894 1769 attinet
908 1759 918 1774 ,
944 1748 1019 1782 quas
1032 1737 1061 1770 S.

309 1785 462 1831 Scriptura
474 1797 539 1818 non
552 1782 643 1819 semel
656 1796 751 1831 opera
764 1784 860 1818 carnis
871 1809 880 1823 ,
899 1788 931 1818 &
944 1797 1066 1832 peccata

307 1835 438 1868 maxima
450 1834 607 1881 perhibet3
623 1836 705 1879 ajunt
718 1846 783 1867 non
791 1832 848 1868 csse
861 1847 965 1868 meros
980 1832 1065 1869 erro-

256 1910 260 1914 *
307 1895 355 1916 res
363 1907 373 1922 ‚
384 1882 434 1918 sed
446 1884 559 1917 mixtos
567 1897 637 1917 cum
651 1884 738 1917 variis
748 1883 911 1919 voluntatis
925 1885 1065 1931 lapsibus,

149 2245 235 2267 Statm
241 2251 298 2268 can-

148 2280 270 2315 truvwfix

146 2330 204 2347 cum
213 2320 299 2356 Apolo-

143 2362 216 2396 gzs'3b5
236 2361 264 2386 de

147 2399 243 2425 natura*
251 2400 295 2426 ha<

148 2439 227 2475 reseos.

152 3065 253 3089 Primm

151 3107 275 3138 Scrtptmnz

150 3143 215 3169 locus
230 3149 272 3177 pro

151 3189 272 3208 veritate.

307 1932 375 1966 imo
389 1932 465 1967 vero
489 1933 624 1967 haeretici
643 1932 797 1966 infamiam
816 1934 890 1967 nulli
908 1932 1067 1982 aspergen-

307 1981 378 2015 dam
395 1981 536 2018 afferunt,
553 1983 605 2028 qui
620 1994 684 2016 non
698 1980 826 2030 sponte,
851 1996 885 2017 ac
897 1984 1016 2019 lubenti
1035 1997 1065 2018 a-

306 2032 412 2071 nimo,
425 2032 549 2079 quinon
557 2031 658 2066 dedita
666 2032 775 2078 opera,
790 2030 904 2072 sciens,
922 2033 1065 2080 prudenS,

307 2081 479 2128 vidensque
494 2092 600 2114 contra
618 2092 719 2129 aperta
731 2081 788 2116 suae
802 2084 913 2116 mentis
927 2081 1004 2117 sensa
1018 2096 1064 2118 er—

309 2142 395 2163 rores
410 2131 640 2177 complectitur.
677 2133 724 2164 En
741 2131 807 2178 quo
827 2132 988 2168 dementiae
1006 2133 1063 2167 mi-

309 2176 389 2212 seros
403 2177 485 2212 suum
500 2182 638 2225 perduxit
651 2180 830 2214 arbitrium!

357 2228 449 2260 Nunc
465 2240 529 2260 non
547 2240 627 2261 vacat
641 2242 751 2261 omnes
766 2229 834 2262 istas
847 2231 923 2263 avias
940 2255 950 2269 ‚
975 2243 1008 2265 ut
1021 2231 1065 2268 cst

311 2276 342 2310 in
355 2278 458 2322 Satyra
471 2300 480 2314 ,
500 2272 647 2310 'revellere
660 2301 669 2314 ‚
699 2278 729 2308 in
745 2277 850 2309 ultima
866 2277 993 2322 figamus
1011 2291 1062 2324 pc-

310 2326 380 2359 dem
394 2349 405 2363 ,
431 2337 498 2372 quae
513 2325 640 2358 delirant
654 2325 691 2358 de
708 2324 811 2358 haeress
828 2337 1012 2359 revocemus
1028 2326 1065 2359 ad

307 2375 461 2408 trutinam.
486 2376 572 2407 Num
581 2375 684 2407 omnis
696 2373 854 2407 haereticus
866 2386 944 2408 erret
952 2373 1044 2409 sciens
1054 2399 1064 2415 ,

306 2423 437 2470 prudens
446 2447 455 2462 ,
470 2423 596 2457 videns?
609 2425 660 2456 An
673 2435 768 2456 nemo
781 2422 915 2456 haeretici
927 2426 1003 2459 nota
1016 2425 1062 2458 in-

308 2472 480 2520 signiendus
493 2471 543 2511 sit,
568 2473 621 2519 qui
636 2473 780 2506 animitus
793 2485 912 2506 errores
926 2472 1011 2512 suos,
1031 2484 1065 2509 ut

307 2524 443 2556 veritates
461 2519 674 2555 exosculatur?
698 2523 773 2555 Hoc
793 2521 972 2569 apologistae
991 2521 1064 2557 affe—

307 2583 396 2610 runt,
423 2584 483 2605 nos
500 2584 571 2605 cum
590 2571 656 2605 totfi
676 2570 925 2606 Christianorum
938 2572 1063 2607 natione

307 2633 463 2668 negamus.

355 2674 416 2704 Pro
429 2668 548 2716 vulgata
567 2668 861 2704 controversantium
883 2670 1038 2705 methodo
1051 2695 1061 2710 ‚

307 2732 343 2752 cx
357 2730 488 2766 quatuor
506 2730 759 2765 argumentorum
778 2719 854 2753 locis
876 2718 1012 2753 nostram
1031 2733 1063 2754 a-

307 2767 456 2802 struemus
469 2767 659 2802 sententiam.
685 2767 859 2802 Afferemus
872 2769 1038 2816 Scripturas
1053 2795 1063 2810 ,

308 2818 456 2856 rationes,
473 2820 588 2856 Patres,
603 2821 633 2852 &
643 2816 878 2853 adversariorum
891 2818 939 2851 sua
947 2818 1063 2853 caeden-

308 2879 384 2900 tium
402 2868 501 2899 vineta
515 2865 718 2900 confessiones
732 2881 739 2900 :
761 2880 889 2915 quaeque
902 2867 955 2914 ipsi
969 2881 1005 2902 ex
1017 2867 1064 2902 iis-

308 2917 378 2950 dem
391 2917 611 2961 Scripturarum
624 2941 634 2955 ,
652 2916 779 2950 rationis
793 2941 803 2955 ,
828 2920 953 2951 Parrum
966 2915 1063 2952 fonti-

309 2966 367 2999 bus
382 2964 499 2998 lmurire
514 2964 714 3010 profitentur,
736 2966 828 3013 quam
842 2966 976 3000 valemus
990 2980 1064 3013 pau-

311 3016 368 3052 cis,
386 3014 546 3047 diluemus,

359 3066 419 3095 Pro
444 3063 526 3096 rect-„i
557 3061 701 3097 sententia
732 3064 847 3110 primus
878 3064 965 3098 locus
997 3063 1064 3098 esto

314 3108 440 3144 2Theff
455 3123 517 3155 cap.
532 3112 583 3145 La
598 3111 678 3146 versu
692 3127 722 3154 9.
735 3113 771 3146 ad
785 3126 825 3160 ¹3·
851 3115 941 3163 Cujus
949 3113 1064 3147 adven-

312 3184 334 3200 „
362 3171 409 3193 tm
423 3157 460 3202 cst
475 3172 512 3192 ex
525 3164 560 3192 vt
574 3162 680 3205 efficaci
692 3165 803 3196 Satanae
817 3187 826 3201 ‚
853 3167 891 3202 ὠ
903 3176 973 3197 cum
985 3166 1065 3199 amm·

1087 93 1114 118 A
1186 80 1456 121 ΡΚΙΜΑ.

1093 175 1117 191 ,,
1135 147 1304 195 [ὲᾶηἱῖὶοηε
1315 151 1460 199 injustitia.
1472 149 1506 186 in
1517 155 1555 186 iis
1567 157 1621 201 qni
1631 166 1756 204 pereunt
1767 181 1775 194 ‚
1793 157 1855 192 idea

1093 224 1118 239 „
1143 204 1241 235 mittet
1255 202 1291 234 tis
1309 204 1401 235 ‘Deus
1414 201 1575 246 efficaciam
1586 207 1692 240 erroris
1707 231 1717 246 ,
1741 218 1777 240 ut
1790 220 1857 241 cre-

1095 274 1117 289 ,‚
1141 251 1213 284 clam
1231 251 1383 284 mendacio
1400 275 1409 288 ‚
1434 262 1470 285 ut
1488 252 1668 286 damnentur
1686 257 1783 289 on‘mes
1802 262 1855 303 qui

1095 323 1117 338 ,‚
1142 314 1200 334 71072
1213 300 1400 334 crediderunt
1412 304 1558 339 veritati,
1575 302 1633 347 fid
1641 307 1856 350 acquieverunt

1095 374 1119 390 „
1144 353 1178 383 in
1188 349 1344 397 insttstittd.
1380 352 1467 385 Hinc
1484 350 1524 385 fic
1541 364 1754 400 argumentor.
1790 356 1859 389 Pri-

1097 400 1183 433 marii
1202 398 1344 447 sequaces
1363 400 1545 436 Antichristi
1566 401 1614 436 sua
1632 403 1780 450 dogmata
1797 417 1857 451 pro

1096 449 1175 482 veris
1188 447 1317 489 habent3
1339 451 1437 497 Atqui
1453 450 1589 496 primarii
1604 450 1747 499 sequaces
1760 454 1857 487 Anti-

1097 496 1199 531 christi
1213 495 1280 532 sunt
1293 499 1455 533 Haeretici:
1472 498 1561 547 Ergo
1575 502 1698 548 quidam
1709 503 1858 537 Haeretici

1097 545 1146 579 sua
1165 547 1309 594 dogmata
1335 559 1394 594 pro
1416 549 1496 582 veris
1519 549 1644 584 habent.
1681 551 1857 586 Conclusio

1096 597 1346 631 contradictione
1359 597 1476 632 directa
1488 596 1608 633 theseos
1621 598 1748 636 adversae
1768 599 1860 635 fron-

1095 656 1158 680 tem
1172 646 1311 693 impetit:
1325 646 1363 681 de
1377 647 1524 688 Minore,
1536 660 1651 690 nemo,
1665 650 1753 697 quod
1768 648 1859 684 sciam

1095 696 1181 729 litem
1198 707 1313 731 movet.
1350 698 1457 741 Major
1471 709 1508 731 ex
1526 697 1626 732 verbis
1652 699 1801 747 Apostoli
1819 699 1859 734 fic

1096 744 1131 778 fit
1152 745 1277 792 liquida.
1320 745 1447 790 Quibus
1466 747 1557 781 Deus
1576 749 1672 782 mittit
1690 747 1859 784 efficaciam

1096 795 1208 828 erroris
1221 818 1229 831 ‚
1259 805 1292 829 ut
1307 796 1430 830 credant
1445 797 1626 834 mendacio,
1641 811 1722 845 quos
1737 801 1859 833 Satanas

1096 841 1260 877 efficaciter
1280 843 1394 878 seducit
1407 869 1418 884 ,
1440 855 1474 878 ut
1490 858 1555 879 non
1572 848 1696 882 credant
1709 849 1831 883 veritati
1846 873 1857 888 ‚

1096 890 1144 926 secl
1158 891 1346 940 acquiescant
1359 894 1391 927 in
1402 893 1565 938 injustitia,
1587 895 1636 930 isti
1650 895 1700 931 sua
1713 898 1860 945 dogmata

1095 941 1210 976 habent
1222 955 1280 989 pro
1294 942 1427 977 nimium
1441 944 1522 977 veris
1536 958 1544 978 ι
1570 947 1670 992 Atqui
1682 946 1748 980 haec
1760 946 1804 981 est
1813 946 1858 981 se-

1096 992 1239 1039 quacium
1255 991 1435 1026 Antichristi
1449 993 1610 1034 conditio,
1631 994 1796 1031 secundum
1810 999 1858 1030 A-

1096 1041 1212 1088 postoli
1223 1040 1329 1076 diserta
1340 1042 1441 1077 verba.

1096 1164 1118 1179 ‚,
1144 1143 1216 1193 Qt'
1236 1144 1316 1173 circa
1340 1144 1503 1174 veritatem
1522 1141 1736 1177 abermirnma‘
1749 1144 1834 1193 scopo
1848 1170 1858 1185 ‚

1094 1213 1116 1228 ‚,
1147 1189 1378 1233 (jfhbvertmzt
1391 1191 1578 1237 quorundam
1587 1192 1692 1238 fidem.
1725 1197 1857 1228 Servum

1095 1262 1117 1278 ‚,
1142 1250 1243 1271 aulem
1266 1243 1328 1273 Dei
1346 1244 1401 1272 syon
1420 1251 1528 1288 oportet
1548 1251 1681 1291 pugnare
1694 1267 1704 1282 ‚
1740 1243 1776 1277 ed
1790 1256 1861 1277 cum

1095 1311 1118 1326 ‚‚
1144 1290 1261 1321 lem'trzte
1278 1290 1395 1322 erudire
1415 1302 1458 1322 eos
1473 1314 1482 1326 ,
1513 1294 1567 1337 qui
1590 1296 1740 1326 contrario
1757 1298 1859 1327 ammo

1095 1361 1117 1376 ‚,
1136 1337 1221 1381 sunt,
1233 1337 1345 1384 βίον-τὲ
1356 1338 1480 1371 daturas
1486 1340 1524 1383 fit
1541 1341 1581 1372 iis
1598 1344 1683 1375 Deus
1696 1344 1861 1390 refipzfien-

1097 1410 1118 1425 ‚,
1144 1390 1221 1420 tiam
1234 1387 1464 1436 adagnitionem
1486 1391 1625 1422 veritatis
1639 1413 1648 1425 ‚
1674 1402 1709 1424 ut
1719 1392 1856 1436 stmz‘tate

1096 1459 1118 1474 ‚,
1144 1438 1250 1470 mentia
1263 1436 1378 1484 receptd
1385 1461 1394 1475 ,
1414 1436 1547 1470 evadam
1559 1450 1597 1470 cx
1609 1441 1724 1473 Dialolt
1736 1444 1838 1488 laqueo
1849 1465 1859 1480 ,

1096 1509 1118 1524 ,‚
1143 1485 1182 1518 ab
1194 1486 1311 1530 eofafz‘i
1328 1488 1447 1533 captivi
1464 1485 1508 1518 ad
1522 1487 1583 1532 ejus
1603 1486 1751 1529 lzln'mm„
1785 1490 1860 1524 Inde

1096 1533 1134 1567 sic
1147 1547 1257 1581 arguo.
1279 1537 1452 1582 Hymenaeus
1467 1538 1498 1569 &
1512 1534 1652 1570 ‘Philetus
1665 1536 1712 1572 sua
1726 1537 1859 1586 dogma-

1097 1594 1125 1616 ta
1138 1583 1291 1618 habebant
1305 1596 1364 1631 pro
1378 1584 1472 1618 veris:
1495 1585 1594 1631 Atqui
1607 1587 1651 1620 illi
1666 1600 1751 1622 erant
1762 1588 1860 1623 haere-

1081 1634 1159 1668 ztici.
1192 1635 1291 1681 Ergo.
1324 1634 1487 1668 Minorem
1504 1632 1596 1680 siquis
1615 1648 1738 1671 vocaret
1759 1639 1790 1671 in
1804 1639 1862 1672 du-

1098 1683 1197 1719 bium,
1222 1683 1262 1717 sic
1275 1684 1477 1730 probaremus
1491 1697 1501 1723 3
1526 1684 1593 1731 Qi
1609 1684 1799 1735 naufragium
1813 1685 1861 1721 fa-

1098 1733 1181 1766 ciunt
1194 1731 1288 1772 fidei,
1302 1746 1439 1780 quorum
1454 1732 1598 1768 doctrina
1605 1734 1737 1783 depascit
1748 1748 1782 1771 ut
1790 1750 1862 1772 can-

1099 1794 1149 1816 cer
1160 1807 1172 1822 ,
1195 1784 1250 1831 qui
1263 1782 1307 1816 ob
1320 1781 1389 1816 falsa
1408 1783 1553 1831 dogmata
1566 1781 1633 1819 sunt
1644 1786 1759 1821 vitandi
1772 1811 1782 1827 ‚
1806 1787 1860 1834 qui

1099 1832 1142 1865 ob
1154 1844 1332 1880 corruptam
1346 1831 1463 1867 Christi
1477 1833 1651 1868 docstrinam
1665 1836 1704 1869 ab
1716 1835 1860 1883 Aposto-

1098 1882 1130 1915 lo
1143 1884 1258 1917 Satanae
1270 1880 1337 1917 sunt
1348 1882 1466 1922 traditi,
1484 1882 1505 1915 ii
1518 1880 1584 1917 sunt
1595 1882 1746 1919 haeretici:
1759 1885 1860 1932 Atqui

1099 1930 1152 1965 ista
1165 1934 1273 1967 omnia
1286 1935 1458 1981 Hymenaeus
1471 1936 1502 1967 &
1516 1932 1673 1969 Philam:
1687 1936 1787 1982 Ergo.
1800 1935 1861 1969 Sed

1099 1982 1136 2016 de
1153 1985 1278 2028 Majore
1298 1995 1394 2017 omne
1409 1982 1537 2017 dubium
1551 1981 1595 2016 est
1609 2007 1619 2023 ,
1645 1984 1733 2031 quod
1755 1995 1860 2019 tamen

1100 2031 1246 2078 Apostoli
1258 2033 1360 2068 verbis
1376 2031 1416 2066 fic
1434 2032 1613 2080 probamus.
1656 2035 1724 2083 Q
1740 2034 1860 2068 aberra-

1099 2093 1168 2115 runt
1182 2082 1197 2116 a
1211 2084 1350 2122 veritate,
1367 2083 1496 2130 quinon
1510 2082 1677 2130 agnoscunt
1686 2083 1855 2121 veritatem,

1097 2144 1235 2178 quorum
1251 2133 1368 2166 animus
1382 2133 1500 2166 veritati
1512 2133 1680 2166 contrarius
1700 2130 1762 2171 est,
1776 2144 1858 2179 quo-

1098 2194 1164 2214 rum
1179 2181 1239 2228 ipsa
1252 2194 1339 2215 mens
1353 2182 1468 2227 captiva
1485 2180 1572 2215 estin
1592 2182 1706 2214 Satanae
1719 2181 1831 2228 laqueo
1845 2205 1855 2219 ,

1098 2229 1147 2261 isti
1161 2243 1228 2275 quae
1240 2230 1425 2273 profitentur
1437 2229 1597 2276 dogmata,
1614 2242 1677 2262 non
1685 2230 1788 2264 vident
1799 2229 1857 2263 esse

1098 2273 1180 2314 falsa,
1195 2274 1244 2310 sed
1255 2276 1370 2310 habent
1385 2289 1442 2322 pro
1455 2278 1549 2312 veris:
1564 2279 1661 2324 Atqui
1673 2279 1738 2313 haec
1750 2281 1856 2313 omnia

1096 2326 1267 2371 ffirmenaem
1280 2329 1311 2359 &
1324 2324 1457 2358 Philetus
1473 2326 1574 2360 verbis
1586 2327 1696 2362 citatis.

1097 2446 1119 2461 ‚,
1152 2422 1412 2457 Quemadmodum
1430 2435 1532 2458 autem
1550 2425 1658 2473 Jannes
1672 2431 1710 2466 ὠν
1723 2426 1857 2474 Jambres

1097 2496 1120 2511 ‚‚
1145 2472 1179 2505 oh
1201 2477 1314 2507 lterum
1326 2475 1411 2518 Most
1423 2499 1433 2514 ,
1457 2477 1501 2507 im
1515 2474 1549 2508 hi
1566 2475 1695 2520 obststum
1712 2480 1856 2514 veritati,

1096 2545 1119 2561 „
1143 2521 1271 2556 homines
1283 2535 1379 2557 mente
1390 2527 1538 2572 corrupti,
1556 2527 1711 2571 rejezflanei
1730 2527 1859 2572 circafi-

1097 2594 1119 2610 „
1145 2571 1228 2605 dem:
1241 2572 1369 2621 improbi
1374 2584 1475 2607 autem
1487 2573 1615 2607 homines
1621 2599 1631 2614 ‚
1647 2587 1684 2614 cy·
1696 2576 1858 2625 impostores

1097 2645 1118 2659 ‚‚
1141 2622 1295 2669 procedent
1311 2625 1344 2655 in
1358 2625 1442 2670 pejm
1455 2647 1465 2662 ,
1489 2622 1652 2666 seducente&
1665 2649 1676 2664 ‚
1709 2636 1799 2672 atque
1812 2625 1859 2670 ft-

1096 2670 1188 2705 dum.
1218 2673 1448 2719 Argumentum
1463 2670 1506 2705 est
1518 2697 1529 2712 ,
1560 2674 1627 2723 Qi
1643 2673 1794 2709 obsistunt
1805 2687 1857 2709 ve-

1097 2719 1176 2753 ritati
1187 2745 1197 2759 ,
1225 2732 1265 2753 eo
1280 2720 1367 2768 quod
1383 2719 1521 2768 ipsorum
1540 2735 1627 2757 mens
1642 2735 1788 2771 corrupta
1799 2722 1833 2756 sit
1845 2747 1855 2759 ‚

1096 2769 1150 2816 qui
1163 2768 1307 2804 seducunt
1320 2784 1359 2804 eo
1372 2770 1460 2818 quod
1471 2769 1664 2809 seducantur,
1678 2772 1727 2806 isti
1735 2785 1800 2806 non
1808 2773 1855 2805 vi-

1097 2819 1169 2852 dent
1181 2817 1305 2854 suorum
1319 2820 1500 2868 dogmatum
1512 2819 1688 2855 falsitatem:
1714 2821 1774 2855 Sed
1789 2820 1853 2855 haec

1097 2869 1267 2903 multorum
1284 2869 1659 2904 haereticorumconditio
1675 2868 1729 2904 est.
1762 2870 1854 2904 Clara

1097 2920 1207 2962 major.
1236 2919 1304 2964 Qi
1323 2916 1370 2952 sua
1383 2920 1618 2966 dogmata-intus
1632 2919 1662 2952 in
1679 2930 1782 2953 mente
1798 2917 1855 2953 fal-

1097 2964 1140 3001 sa,
1155 2976 1247 3012 prout
1255 2967 1356 3001 revera
1370 2966 1449 3004 sunt,
1467 2968 1618 3002 existimat
1628 2993 1638 3007 ‚
1655 2969 1680 3002 is
1693 2970 1851 3004 veritatem

1097 3015 1204 3049 animo
1218 3016 1439 3062 compleffitur
1451 3041 1461 3057 ‚
1489 3030 1554 3051 non
1572 3017 1691 3052 obsistit
1705 3019 1823 3053 veritati
1841 3033 1851 3060 ς

1098 3065 1122 3098 is
1134 3076 1237 3099 mente
1250 3066 1410 3110 &judicio
1421 3078 1582 3113 corruptus
1596 3080 1661 3101 non
1674 3067 1735 3108 est,
1748 3069 1772 3102 is
1781 3068 1852 3101 licet

1098 3114 1173 3148 alios
1186 3113 1319 3154 seducat,
1333 3114 1393 3162 ipse
1408 3126 1510 3150 tamen
1522 3129 1586 3150 non
1601 3115 1759 3152 seducitur.
1785 3117 1852 3150 Mi-

1099 3176 1158 3198 nor
1170 3176 1236 3198 non
1249 3164 1350 3199 minus
1363 3165 1477 3213 liquida
1494 3180 1502 3200 ε
1527 3179 1598 3201 nam
1616 3166 1705 3202 dietis
1720 3165 1852 3202 versibus

1757 3215 1851 3248 haere-

1142 1092 1230 1126 Alter
1242 1091 1328 1125 locus
1348 1091 1414 1125 esto
1437 1090 1549 1126 zTim.
1565 1095 1656 1128 2.18.
1673 1105 1726 1141 ²4·
1741 1076 1854 1142 25.*26.
1873 1097 2009 1126 Secundus.

1146 2374 1275 2408 Tertius
1293 2374 1380 2408 locus
1406 2387 1420 2408 2
1436 2375 1522 2409 Tim.
1543 2389 1608 2423 cap.
1624 2390 1646 2422 3.
1665 2391 1692 2411 v.
1714 2380 1743 2412 8.
1764 2381 1795 2412 δε
1816 2391 1855 2424 13.
1872 2386 1980 2412 Tertius.
