2048 3343
661 127 967 165 OPER1S

297 199 414 235 Tertia
431 195 607 233 in'lamint-“i
627 196 742 239 aurefi,
771 210 869 245 quam
889 199 922 230 in
942 195 1048 231 fronte

296 248 445 297 gestabat
464 245 621 282 Pontifex
649 249 812 282 maximus
831 272 840 284 ,
861 259 931 293 quae
949 247 1055 287 literis,

298 298 474 334 Hebraicis
490 322 501 339 ,
525 308 596 331 non
617 298 832 332 Samaritanis
857 293 1051 343 inscriptum

299 347 446 383 habebat
457 358 583 381 nomen
594 348 707 382 iehovae.

350 394 404 430 Ad
428 397 569 443 primam
588 394 772 442 respondet,
782 391 1054 439 Benjaminiitine-

301 447 424 480 tarium
433 444 551 480 scatere
564 442 683 479 fabulis
691 469 701 486 ‚
711 455 812 491 prout
823 444 1007 491 L'empereuri
1018 442 1052 472 in

301 495 335 530 id
345 495 604 530 commentarius
619 494 764 528 ostendit
778 517 787 530 ,
804 494 854 527 vel
865 491 887 526 si
899 489 978 538 quid
990 488 1053 522 tale

304 543 383 579 vidit
394 544 548 587 Beniamin
563 542 580 579 ὲ
594 543 806 582 Christianis,
818 552 874 575 aut
888 539 1055 573 recentio-

303 591 395 628 ribus
427 593 551 640 Judaeis
580 593 753 627 inventum
788 587 861 623 effe.
901 584 1056 633 Replica,

304 642 388 676 Non
397 644 443 676 ita
459 640 626 678 fabulosus
637 641 679 676 est
689 639 837 683 Benjamin
848 662 856 675 ‚
868 637 949 682 quin
966 637 997 669 in
1011 647 1053 668 eo

303 690 411 726 multa
422 690 483 726 fint
493 703 570 727 vera
579 689 698 735 quibus
708 689 883 734 L'empereur
893 697 963 719 non
973 696 1055 719 con-

305 739 451 775 tradicit·
475 753 503 774 2.
525 736 617 774 Nihil
629 746 717 771 vetat
726 735 779 769 illa
788 733 979 783 sepulchra,
999 747 1057 768 eo-

306 801 444 836 rumque
454 787 684 834 inscriptiones
694 810 706 826 ‚
719 795 788 818 tarn
800 786 951 829 antiquas
967 780 1056 816 fuisse

305 837 405 885 quarn
426 850 463 871 ea
474 847 625 883 tempora
636 833 758 882 quibus
770 833 873 880 Judaei
884 841 1057 879 coeperunt

304 884 475 933 sepulchra
489 885 747 919 Patriarcharum
767 887 800 918 δε
815 881 1056 927 Prophetarum

305 933 485 974 aedificare‚
512 938 546 969 &
567 934 749 973 adornare3
777 933 817 965 Et
838 929 918 965 vero
939 929 1058 964 cutilia

304 996 378 1018 non
390 983 513 1032 poffint
523 982 713 1018 antecedere
725 982 793 1017 dies
803 987 880 1018 Ezrae
888 979 970 1028 quid
978 992 1059 1028 pro·

306 1032 426 1069 hibet?

354 1083 407 1117 Ad
419 1079 595 1117 secundam
606 1078 782 1125 respondet
793 1104 803 1120 ‚
823 1076 886 1113 esse
899 1089 986 1113 caeco
999 1089 1058 1110 cae-

307 1131 434 1166 ciorem
451 1132 509 1178 qni
528 1142 599 1165 non
620 1130 707 1164 videt
723 1128 949 1163 infirmitatem
970 1127 1060 1160 istius

307 1182 505 1228 argumenti.
523 1177 672 1226 Replica,
689 1174 1060 1226 Villalpandiquidemfa-

310 1228 406 1264 bulas
417 1230 456 1264 de
469 1231 639 1270 adoniram,
650 1230 708 1276 qui
719 1230 807 1263 venit
819 1229 852 1260 in
863 1227 1059 1273 Hispaniam

308 1278 508 1313 collecturus
532 1280 727 1313 Rhehoboamo
744 1278 897 1312 Solomonis
912 1276 982 1309 filio
1000 1276 1059 1308 tri-

309 1326 429 1363 butum
442 1355 453 1369 ,
476 1325 535 1362 effe
555 1327 730 1368 ridiculas,
756 1325 807 1360 sed
824 1337 861 1360 ut
880 1325 1063 1367 conjectura

311 1379 423 1424 Capeui
439 1379 595 1413 VValtono
609 1377 716 1425 placet
733 1377 771 1411 de
786 1376 904 1423 Judaeo
914 1373 1061 1421 quodam

314 1425 401 1460 duce
410 1427 510 1474 Regis
521 1426 769 1473 Amafiae,Reguli
781 1423 947 1469 cujusdam
954 1423 1062 1457 Mauri

312 1475 362 1509 ibi
371 1473 497 1523 sepulto
506 1500 517 1517 ,
528 1475 610 1510 dum
621 1478 654 1509 in
664 1474 815 1509 Valentia
826 1476 937 1508 Mauri
948 1473 1061 1507 domi-

310 1536 491 1565 narentur,
520 1528 555 1559 &
575 1525 668 1559 multi
689 1536 725 1558 ex
742 1525 879 1558 Oriente
899 1521 1004 1569 Judaei
1020 1519 1061 1555 eo

310 1572 530 1621 confugerent
543 1573 583 1608 ad
603 1572 769 1620 figendum
783 1571 828 1606 ibi
841 1571 1040 1608 domicilium
1053 1594 1061 1610 ,

310 1624 472 1670 quidni&
490 1623 559 1657 haec
575 1623 676 1656 nobis
686 1623 876 1667 conjetfitura
888 1620 979 1668 aeque⁷
991 1620 1059 1668 pla-

310 1683 396 1712 ceat,
408 1685 445 1706 ex
458 1673 520 1706 istis
530 1671 654 1718 Jndaeis
665 1672 832 1718 quendam
844 1695 852 1707 ,
868 1671 947 1705 dum
957 1683 994 1704 ex
1007 1683 1062 1716 pa-

300 141 379 168 200

310 1721 371 1756 tria
388 1722 422 1754 in
434 1720 624 1769 Hispaniam
644 1722 878 1770 commigraret
891 1746 900 1761 ‚
924 1717 1068 1753 attulisse*

310 1769 416 1804 secum
430 1780 466 1804 ut
477 1769 600 1820 infigne
618 1781 874 1805 monumentum
886 1795 896 1811 ‚
914 1770 1061 1817 lapidem

311 1818 544 1865 sepulchralem
558 1842 568 1857 ‚
600 1822 652 1855 vel
678 1819 777 1867 ipsius
796 1820 899 1867 Regis
924 1819 1059 1865 Amastor,

312 1869 403 1914 quod
423 1869 588 1903 Hebraica
609 1868 776 1917 inscriptio
792 1865 875 1905 fert,
901 1867 1059 1912 velcujus

313 1919 389 1951 dam
404 1929 441 1952 ex
456 1921 524 1962 ejus
542 1917 694 1952 Ducibus
711 1919 766 1964 qui
786 1929 837 1952 tot
852 1919 942 1952 annis
954 1919 1064 1965 potuit

311 1967 503 2015 perdurare.
533 1966 633 2002 Certe
653 1967 671 2001 εὶ
690 1967 846 2001 dominio
866 1967 1063 2002 Maurorum

311 2019 347 2050 in
358 2015 509 2051 valentia
527 2016 571 2051 ad
589 2018 656 2051 dies
673 2017 857 2051 Rabbilom
870 2017 943 2051 Tobh
957 2041 967 2057 ‚
994 2028 1064 2051 non

313 2066 359 2101 est
371 2062 544 2101 verifimile
563 2065 668 2100 literas
693 2067 726 2099 in
749 2066 860 2113 lapide
878 2064 1065 2113 sepulchrali

313 2117 359 2149 ita
370 2114 416 2148 ob
427 2125 554 2148 aetatem
568 2112 669 2149 exesas
680 2125 715 2148 ut
726 2114 790 2161 legi
801 2127 868 2148 non
881 2117 1063 2160 potuerint,

315 2167 351 2198 &
364 2161 443 2196 vero
453 2162 556 2209 Judaei
581 2165 614 2196 in
629 2163 785 2210 Hispani&
801 2176 838 2198 ac
858 2163 938 2197 alibi
956 2163 1066 2211 linguai

314 2213 464 2247 acliteris
477 2211 623 2255 regionis
641 2214 685 2244 ita
695 2211 897 2246 familiariter
909 2223 1044 2245 utuntur
1057 2237 1067 2252 ,

313 2271 351 2296 ut
371 2258 488 2294 nullibi
507 2258 632 2293 soleant
645 2258 706 2293 suis
719 2259 890 2306 sepulchris
907 2259 1066 2294 Hebraeas

315 2321 413 2346 voces
429 2319 485 2342 aut
495 2309 600 2341 literas
612 2306 791 2343 inscribere.

363 2357 420 2392 Ad
436 2358 565 2392 tertiam
578 2356 772 2403 respondet,
805 2358 1007 2403 Hieronymum
1033 2355 1066 2389 in

315 2407 405 2455 epist.
420 2406 460 2440 ad
472 2406 631 2440 Fabianum
647 2407 754 2449 (nulla
771 2406 841 2440 talis
851 2406 895 2440 est
905 2407 1066 2455 Hieronymi

313 2454 454 2503 epistola
465 2479 475 2496 ,
490 2453 615 2489 dixisset
627 2456 664 2489 ad
675 2455 845 2498 Fabiolam)
864 2457 969 2490 nullas
987 2454 1063 2489 scti-

313 2503 403 2553 pfiss‘e
419 2503 529 2539 literas
547 2503 744 2541 Hebraicas‚
760 2503 809 2539 sed
821 2515 951 2538 tantum
962 2504 1068 2538 literas

312 2556 461 2594 Latinas,
480 2564 557 2599 quas
568 2553 712 2587 editores
732 2552 885 2588 officiose
899 2553 941 2588 de
950 2551 1007 2586 suo
1019 2552 1067 2586 fe-

314 2614 429 2639 cerunt
443 2601 637 2637 Hebraicas.
664 2601 809 2649 Replica.
837 2603 953 2636 Audax
970 2603 1069 2637 nimis

317 2653 361 2688 est
377 2653 443 2687 haec
456 2649 592 2685 censura
604 2649 670 2684 fine
686 2649 748 2686 ulla
759 2652 955 2696 probatione
966 2677 975 2689 ‚
986 2651 1068 2684 nihil

317 2701 379 2737 tale
399 2703 452 2736 vel
472 2702 622 2734 Marianus
634 2698 686 2733 vel
701 2703 804 2734 Fronto
823 2702 927 2733 ducaeus
952 2701 985 2732 in
1006 2699 1069 2734 suis

316 2753 404 2785 notis
414 2748 603 2789 observant,
616 2748 767 2782 Editores
784 2747 974 2783 I’arifienses
984 2750 1071 2794 opti-

317 2802 379 2834 mis
389 2824 397 2837 ‚
409 2803 443 2833 &
456 2795 683 2844 antiquiffimis
695 2795 921 2845 manuscriptis
932 2795 975 2830 ufi
985 2794 1071 2833 sunt,

317 2861 373 2882 eos
385 2861 452 2882 non
463 2848 574 2882 debuit
584 2848 752 2881 VValtonns
762 2844 949 2885 correxiffe,
963 2845 1019 2879 nisi
1031 2858 1069 2880 ex

274 2909 275 2912 ’
319 2896 383 2933 fide
392 2899 536 2945 plurium
548 2900 583 2930 &
593 2897 816 2942 antiquiorum
831 2894 1068 2942 manuscripto-

318 2959 390 2980 rum
403 2972 411 2986 ,
424 2959 495 2992 quae
509 2948 540 2978 in
552 2945 611 2978 hac
620 2945 754 2987 epistola
765 2944 903 2979 vocibus
912 2944 1069 2978 omnibus

321 2995 483 3035 Hebraeis,
496 3007 567 3041 qua:
580 2992 688 3027 multae
701 2993 782 3035 sunt,
794 2995 964 3028 carebant:
985 2993 1070 3027 certe

320 3045 483 3087 Buxtorfins
494 3042 601 3077 multo
613 3044 834 3091 antiquiorem
848 3047 1015 3092 Hieronymo
1025 3044 1069 3077 ci-

321 3101 370 3123 tat
383 3104 418 3124 ex
431 3093 595 3126 Talmude
612 3092 724 3126 Rabbi
739 3096 853 3128 Elzezer
863 3121 872 3134 ,
886 3092 1002 3138 Barjose
1014 3092 1071 3138 qui

321 3138 477 3172 laminam
496 3139 583 3173 illam
597 3143 716 3177 Romae
730 3143 793 3178 suis
810 3145 915 3177 oculis
932 3140 1072 3188 conspe-

323 3188 396 3222 xisse
415 3185 444 3222 se
464 3187 587 3234 afferiu
611 3192 705 3238 quod
722 3191 817 3226 addit
837 3193 1012 3231 VValtonus
1029 3190 1076 3223 ci-

1030 124 1502 163 H1sronicx

1094 194 1185 229 datin
1197 194 1285 228 illam
1300 194 1471 230 Pontificis
1489 196 1674 245 inscriptam
1695 199 1766 246 post
1776 200 1843 237 dies

1094 251 1179 284 ΒΖΜ,
1189 257 1259 278 non
1271 245 1315 278 est
1327 244 1498 279 verisimile
1508 270 1517 282 ,
1538 258 1611 281 nam
1624 248 1783 296 nusquam
1797 254 1843 286 le-

1094 296 1200 340 gimus
1221 296 1254 328 in
1276 294 1362 329 veste
1389 294 1562 331 Pontificis
1590 295 1608 330 a
1626 298 1740 333 diebus
1759 301 1844 345 Mofis

1094 344 1273 389 quicquam
1287 354 1451 377 mutatum
1464 369 1472 382 ‚
1501 346 1675 382 nedumut
1695 350 1842 382 novala-

1097 392 1186 424 mina
1202 404 1294 425 aurea
1313 394 1446 427 novitiis
1468 393 1569 428 literis
1595 393 1749 444 inscripta
1775 400 1844 441 ejus

1096 438 1201 473 fronti
1220 443 1470 487 appenderetur.
1510 446 1547 477 ln
1568 443 1687 479 diebus
1709 445 1845 492 quidem

1098 490 1250 523 Solomonis
1261 489 1426 525 sacrorum
1439 490 1591 526 vasorum
1605 493 1710 528 multa
1723 505 1850 529 mutata

1099 537 1172 572 sunt
1189 537 1230 572 ad
1247 537 1338 572 usum
1353 542 1432 576 novi
1454 543 1596 588 templi,
1614 554 1725 577 tamen
1737 545 1851 578 Lami-

1100 599 1175 620 nam
1193 586 1282 620 illam
1301 587 1484 626 frontalem
1498 592 1617 625 Aaronis
1628 593 1747 626 tairam
1757 591 1850 628 fuiffe

1101 649 1170 670 non
1181 638 1330 684 legimus.

1151 688 1316 732 Qartum
1328 687 1363 722 V
1358 690 1394 723 V
1390 688 1497 721 altanus
1508 689 1666 736 Buxtorfiio
1675 701 1851 738 argumen-

1103 745 1173 769 tum
1184 735 1314 770 ascribit
1328 734 1346 769 εὶ
1358 737 1455 770 trium
1470 735 1635 772 literarum
1657 737 1768 788 figuris
1785 742 1832 776 iod
1841 763 1854 777 2

1102 790 1174 824 Tau,
1192 788 1225 819 δε
1239 788 1359 820 samech
1369 810 1380 826 ,
1393 787 1426 820 in
1437 788 1575 833 antiquo
1588 788 1712 835 (inquit
1723 796 1851 825 Buxtor—

1094 833 1173 877 fim)
1200 832 1390 879 Alphabero
1410 834 1578 870 Hebraico
1597 840 1645 872 lod
1658 839 1721 872 fuit
1738 837 1852 874 litera-

1103 893 1174 914 rum
1187 882 1341 921 minima,
1366 882 1463 918 sedin
1476 885 1852 930 AlphabetoSamarita-

1105 942 1149 964 no
1162 929 1205 963 est
1219 934 1370 964 maxima.
1399 943 1428 964 z.
1454 933 1489 965 In
1500 945 1579 967 vero
1589 935 1777 982 Alphabeto
1789 939 1850 972 Sa-

1104 981 1269 1013 maritano
1286 1004 1296 1019 ‚
1321 988 1385 1015 Tau
1404 978 1485 1014 olim
1505 981 1648 1017 habebat
1665 984 1852 1021 similitudi-

1103 1041 1179 1062 nem
1196 1031 1302 1063 crucis
1315 1055 1324 1070 ‚
1341 1031 1373 1063 in
1392 1029 1556 1065 hodierno
1570 1032 1648 1067 vero
1659 1034 1850 1082 Alphabeto

1103 1079 1310 1113 Samaritano
1328 1086 1389 1114 Tau
1398 1080 1521 1115 nullam
1535 1083 1633 1116 talem
1642 1081 1780 1130 figuram
1792 1082 1855 1119 ha-

1105 1127 1167 1163 bet.
1199 1143 1229 1174 3.
1246 1131 1282 1161 In
1303 1128 1494 1175 Alphabeto
1512 1130 1684 1166 Hebraico
1700 1143 1776 1167 ante
1789 1134 1854 1167 Ez-

1105 1189 1172 1211 ram
1185 1185 1262 1212 Mem
1276 1176 1371 1211 finale
1382 1177 1446 1212 fuit
1456 1178 1597 1213 clausum
1608 1205 1619 1221 ‚
1635 1193 1696 1215 nec
1708 1182 1855 1218 ullalite-

1106 1239 1140 1261 ra
1151 1225 1254 1259 finalis
1269 1224 1332 1260 fuit
1349 1227 1546 1262 distinetaab
1569 1230 1689 1265 initiali
1708 1242 1765 1265 aut
1786 1244 1856 1265 me·
1879 1225 1887 1228 ”

1107 1274 1171 1310 dia.
1199 1276 1251 1311 Ad
1263 1278 1408 1324 primum
1421 1275 1601 1323 respondet
1616 1283 1748 1327 capellus
1758 1281 1855 1315 inve-

1107 1326 1217 1360 hendo
1228 1327 1259 1359 in
1271 1326 1442 1373 personam
1458 1327 1566 1372 postella·
1576 1328 1669 1373 hujus
1678 1341 1856 1376 argumen-

1107 1377 1132 1408 ti
1144 1376 1302 1415 austeris,
1323 1386 1359 1409 ut
1370 1375 1509 1409 hominis
1520 1377 1708 1412 execranda:
1724 1392 1857 1414 memo-

1108 1426 1160 1458 riae
1172 1450 1182 1467 ,
1205 1426 1373 1460 VValtonua
1383 1424 1491 1470 Postellz'
1507 1424 1679 1472 personam
1696 1440 1764 1462 non
1783 1440 1856 1462 tan-

1107 1475 1166 1522 git,
1179 1486 1255 1507 nam
1267 1475 1513 1520 quaecunquein
1525 1473 1688 1510 senectute
1699 1481 1766 1522 ejus
1780 1476 1856 1512 fue-

1109 1527 1171 1556 tint
1183 1525 1294 1557 deliria
1306 1545 1315 1563 ‚
1342 1535 1444 1556 nemo
1461 1534 1558 1569 negat
1573 1526 1678 1558 virum
1693 1524 1785 1560 fuiffe
1795 1527 1856 1561 ad-

1108 1573 1263 1606 mirandae
1274 1572 1307 1604 in
1318 1573 1452 1619 Linguis
1467 1571 1695 1608 Orientalibus
1704 1573 1857 1614 scientiae,

1108 1626 1141 1657 ὃς
1157 1622 1287 1655 maximi
1309 1623 1419 1656 meriti
1435 1621 1480 1655 ob
1499 1633 1602 1656 raram
1618 1625 1650 1656 in
1662 1623 1729 1658 hoc
1748 1625 1857 1659 studio

1108 1671 1312 1718 diligentiam
1327 1695 1336 1710 ,
1361 1671 1412 1705 sed
1426 1674 1513 1705 viros
1526 1672 1644 1706 doctos
1656 1675 1857 1711 Seiclmrdumi²

1108 1724 1279 1761 Dillierum‚
1308 1723 1341 1754 δέ
1363 1721 1517 1766 Crinefium
1543 1724 1740 1757 nominatim
1758 1735 1854 1756 com·-

1109 1770 1228 1818 pellat,
1256 1774 1289 1805 ὃς
1304 1768 1368 1804 hoc
1383 1771 1525 1818 ipsorum
1537 1783 1764 1818 argumentum
1774 1785 1857 1820 pro-

1110 1821 1242 1854 nunciat
1262 1820 1473 1855 stramineum
1485 1847 1492 1859 ,
1519 1819 1734 1856 nihilominus
1745 1832 1860 1856 tamen

1109 1868 1512 1918 penitiusintrospicienti‚
1533 1868 1656 1914 aliquid
1672 1872 1703 1904 in
1716 1868 1859 1909 eoferri,

1112 1924 1141 1953 ὅ(
1155 1918 1497 1965 chalybisinvenitur;
1523 1930 1599 1952 nam
1616 1921 1737 1953 evincit
1749 1919 1860 1953 literas

1114 1967 1297 2003 Hebraicas
1308 1994 1317 2007 ,
1340 1981 1420 2015 quas
1434 1968 1557 2015 Christus
1572 1972 1604 2003 &
1617 1968 1764 2016 Apostoli
1777 1967 1861 2001 solas

1111 2017 1307 2066 usurpabant
1327 2043 1337 2059 ‚
1363 2015 1453 2052 fuisse
1472 2016 1666 2057 hodiernas,
1696 2029 1762 2051 non
1781 2016 1859 2051 vero

1109 2069 1322 2102 Samaritanas
1333 2090 1340 2103 ‚
1363 2069 1446 2101 inter
1457 2078 1536 2115 quas
1550 2068 1599 2101 lod
1618 2079 1785 2114 nunquam
1797 2064 1862 2099 fuit

1110 2116 1256 2151 minima.
1281 2117 1341 2150 Ista
1353 2129 1420 2150 non
1434 2127 1527 2162 negat
1538 2117 1711 2150 VValtonus
1721 2139 1731 2154 ‚
1747 2118 1781 2148 &
1791 2112 1861 2148 vult

1109 2178 1184 2200 cum
1202 2167 1301 2200 larvis
1322 2166 1440 2199 luetati
1461 2166 1518 2209 qui
1536 2162 1723 2206 hujusmodi
1742 2173 1861 2197 contra

1109 2215 1140 2248 se
1168 2213 1305 2258 suosque
1330 2211 1469 2246 afferunt
1487 2235 1497 2250 ,
1531 2210 1596 2243 hoc
1622 2218 1700 2259 ergo
1727 2221 1860 2245 maneat

1112 2260 1213 2293 fixum
1226 2284 1236 2299 ‚
1250 2257 1393 2305 Christum
1405 2257 1575 2294 manifeste
1586 2258 1730 2295 docuisse
1750 2263 1861 2307 legem

1112 2308 1263 2355 scriptam
1275 2308 1375 2342 literis
1388 2308 1558 2342 Hebraicis
1568 2308 1731 2344 hodiernis
1742 2334 1753 2351 ‚
1778 2311 1864 2343 inter

1110 2370 1191 2404 quas
1203 2359 1253 2391 lod
1266 2357 1310 2390 est
1324 2358 1460 2390 minima
1477 2371 1485 2391 :
1515 2358 1701 2392 remanebit
1716 2357 1866 2406 proban-

1112 2410 1190 2440 dum
1200 2408 1360 2441 VValtono
1372 2410 1405 2441 δέ
1418 2405 1478 2440 suis
1488 2405 1581 2441 fuisse
1593 2409 1774 2455 aliquando
1786 2407 1864 2441 alias

1112 2455 1221 2491 literas
1243 2457 1276 2488 in
1296 2455 1476 2503 quibuslex
1491 2466 1645 2503 tempore
1658 2457 1738 2502 Masis
1756 2455 1773 2491 a
1789 2457 1867 2489 Deo

1113 2505 1228 2552 scripta
1237 2504 1301 2546 est3
1330 2505 1436 2540 donec
1449 2506 1577 2540 duriora
1588 2503 1723 2539 afferant
1733 2529 1742 2541 ‚
1756 2508 1791 2539 &
1802 2507 1868 2538 mi-

1115 2552 1175 2588 nus
1185 2554 1355 2588 straminea
1363 2566 1552 2600 argumenta
1562 2553 1659 2600 quam
1672 2567 1743 2600 quae
1755 2554 1868 2588 haele-

1115 2616 1175 2637 nus
1196 2604 1333 2638 vidimus
1348 2627 1358 2642 ‚
1393 2604 1581 2648 permittant
1608 2614 1741 2651 oportet
1767 2602 1866 2637 nobis

1115 2652 1244 2687 credere
1260 2664 1298 2685 ex
1316 2651 1510 2685 auctoritate
1523 2652 1644 2699 Christi,
1669 2653 1773 2703 legem
1790 2652 1867 2686 scri-

1115 2712 1201 2748 ptam
1216 2699 1403 2735 charactere
1418 2700 1591 2735 Hebraico
1609 2700 1775 2736 hodierno
1786 2723 1797 2738 ,
1823 2713 1864 2734 an

1116 2749 1195 2784 vero
1208 2751 1241 2783 in
1252 2750 1315 2783 alio
1334 2748 1517 2783 charadtere
1535 2752 1628 2785 Dens
1645 2751 1679 2783 in
1691 2760 1803 2783 monte
1816 2752 1868 2785 Si-

1114 2801 1166 2832 nai
1186 2811 1258 2834 eam
1281 2796 1440 2845 scripserit
1460 2798 1560 2833 nobis
1579 2798 1727 2845 ipsorum
1744 2799 1867 2846 proba-

1115 2849 1223 2882 tiones
1239 2847 1444 2894 expee‘mndae
1456 2847 1528 2881 sunt
1544 2872 1554 2888 ‚
1580 2857 1758 2893 antequam
1776 2850 1868 2897 prio-

1116 2909 1186 2931 rem
1199 2897 1300 2931 fidem
1313 2896 1547 2942 relinquamus.

1163 2946 1344 2979 Secundam
1354 2956 1475 2990 partem
1485 2944 1669 2991 argumenti
1680 2944 1865 2981 Buxtorfia-
1883 2958 1934 2987 Ta„
1945 2961 1994 2986 sa.
2029 2983 2031 2987 ,

1115 2994 1168 3029 ni,
1188 2992 1350 3040 desumpti
1364 2992 1380 3026 a
1394 2992 1582 3027 charactere
1602 2996 1804 3029 Samaritano
1831 2997 1864 3029 in
1883 3001 1981 3027 marita-

1117 3042 1328 3076 ultimellitera
1339 3049 1411 3080 Tau,
1423 3043 1577 3076 concedit
1587 3046 1722 3096 Scaliger,
1732 3041 1783 3078 sed
1794 3043 1863 3079 for„
1883 3049 2001 3067 memnon

1881 3081 2007 3118 repraesz’n-

1882 3128 2019 3148 rauracus.

1118 3093 1191 3126 riter
1201 3102 1296 3140 negat
1307 3090 1476 3125 VValtonrn
1487 3116 1496 3132 ,
1516 3090 1714 3127 affirmando
1729 3101 1790 3128 Tau
1806 3096 1863 3128 Sa-

1118 3142 1312 3174 maritanum
1343 3139 1561 3186 repraesentare
1589 3154 1721 3176 crucem
1745 3141 1866 3176 exuste.

1122 3188 1218 3238 Resp.
1251 3189 1344 3225 Num
1370 3201 1500 3237 aequum
1525 3189 1563 3224 sit
1583 3192 1736 3227 VValtoni
1759 3188 1864 3249 verbis

1763 3250 1864 3286 quam
