2048 3343
525 115 1023 156 Emsromca
1080 114 1502 154 Οοιιᾼτιο.

206 191 299 225 ullam
319 187 533 226 futuritionem
552 190 600 224 vel
617 188 809 224 necessariam
827 189 876 223 vel
888 200 966 222 con-

209 242 382 287 tingentem
398 263 408 276 ,
436 250 600 286 antequam
623 238 694 286 post
719 238 841 272 decreta
858 237 968 272 divina:

208 287 338 324 scientiae
351 289 491 337 prafflcae
504 292 534 323 &
548 288 712 322 voluntatis
723 287 832 321 cadere
843 286 968 332 incipiat

209 337 263 373 sub
277 339 350 372 alius
362 339 481 385 generis
493 335 678 384 praescientia
689 358 698 371 ‚
722 333 846 369 visionis
856 333 968 368 scilicet

207 401 310 422 rerum
323 389 392 421 actu
400 385 566 420 futurarum
575 383 738 418 secundum
745 383 826 429 prius
839 382 974 417 Deide-.

1708 128 1766 165 125

1047 187 1204 222 Secundus
1215 197 1284 225 tuus
1297 189 1384 224 locus
1399 188 1443 224 est
1456 189 1555 224 Rom.
1572 200 1611 224 n.
1632 201 1660 224 2.
1676 191 1760 222 Deus
1773 192 1917 229 spalatcnfix

1000 248 1056 269 non
1068 239 1168 284 rejecit
1178 238 1319 285 populum
1324 238 1416 282 suum
1424 262 1433 277 ‚
1454 251 1541 284 quem
1553 243 1757 287 praecognovit.
1771 233 1924 268 locmfmm-

1002 283 1097 332 Resp.
1119 286 1168 319 Ex
1180 285 1327 320 hocloco
1339 287 1455 321 nullum
1473 301 1531 334 pro
1550 299 1580 322 te
1595 300 1755 336 argumcn-
1769 274 1816 300 dm
1833 283 1881 300 '³⁰⁷²

1002 343 1069 367 tum
1078 335 1187 369 deduci
1199 334 1311 382 potest,
1320 335 1374 369 nifi
1382 334 1464 382 prius
1471 339 1581 385 Pelagii
1594 349 1713 371 comm<
1719 350 1756 370 n-
1768 313 1919 390 {ffzlsfflsffh

44 1594 112 1621 Fides
127 1602 175 1620 non

44 1634 78 1669 ‹st
90 1634 155 1669 obje-

47 1676 116 1701 Hum
137 1681 195 1711 pra-

42 1714 143 1749 scientia

40 1752 198 1791 pravtsionis.

207 449 325 471 cretum
332 441 363 472 &
371 436 559 470 voluntatem
570 434 607 468 de
614 431 712 468 futura
720 430 859 480 ipsorum
866 432 967 466 :ustua-

207 487 228 521 li
235 486 401 521 existentia.
412 484 473 518 Etsi
482 497 557 532 ergo
565 483 622 517 tibi
629 484 769 517 daremus
776 481 862 530 quod
872 481 967 529 [prae-

207 537 375 583 cognovit]
396 535 457 568 hoc
470 535 543 568 loco
555 534 640 567 aetus
653 530 724 566 effet
737 531 832 566 divini
846 532 967 566 intelle-

208 586 289 624 ἂῦς,
299 584 374 619 nihil
388 584 458 618 inde
468 583 631 618 commodi
644 581 701 616 tibi
712 581 881 620 accederet,
895 593 966 615 nam

206 636 474 681 interpretaremur
495 633 534 667 de
553 632 679 680 limplici
699 631 899 678 intelligentia
912 643 966 665 cu-

206 687 254 729 jus
261 685 388 729 objefta
397 684 510 717 nullam
521 682 638 716 habent
649 681 866 728 operationem
874 704 883 718 ,
898 680 967 714 nul-

207 734 268 768 lam
276 733 408 768 omnino
421 733 596 770 entitatem,
610 743 666 765 nec
679 728 746 763 sunt
753 730 849 763 ullum
861 727 966 764 funda-

206 795 347 818 mentum
366 784 456 817 ullius
472 780 703 828 dependentiae:
724 779 826 825 itaque
845 778 921 813 fides
934 783 966 814 &

206 833 423 881 perseverantia
431 842 579 879 quatenus
587 829 713 874 obje6ka
721 826 884 872 sunthujus
891 841 964 876 prae-

205 881 351 918 scientiae,
368 882 456 916 nullae
464 880 555 915 causae
564 877 647 918 sunt,
661 878 750 912 nullae
763 878 963 912 conditiones

204 931 497 979 praedestinarionss,
516 928 583 963 imo
597 941 654 962 nec
666 925 764 961 salutis
778 952 787 967 ,
807 938 870 962 tam
883 928 965 961 enim

204 980 432 1029 praedestinatio
451 984 483 1014 &
501 978 573 1012 salus
595 978 688 1025 quam
713 977 790 1011 fides
814 974 965 1022 ejusmodi

204 1030 398 1079 praescientiae
412 1028 477 1063 sunt
489 1029 627 1073 objecta.
639 1027 671 1061 Si
683 1025 756 1061 vero
770 1027 847 1060 ultra
860 1037 964 1061 exten-

205 1082 278 1116 dere
291 1081 364 1115 velis
377 1079 413 1113 ad
428 1077 645 1126 praescientiam
659 1075 844 1123 praevisionis
857 1100 867 1116 ‚
893 1088 961 1123 quae

205 1130 361 1178 posterior
373 1129 417 1164 est
430 1129 532 1162 multis
539 1127 646 1161 divinae
653 1125 819 1160 voluntatis
827 1137 898 1173 erga
905 1125 964 1158 ho-

204 1180 323 1214 minem
336 1179 455 1213 necibus
468 1203 478 1217 ,
504 1177 590 1224 prior
601 1186 704 1210 tamen
722 1173 964 1221 praedestinatio-

205 1242 260 1264 ne:
275 1228 346 1263 itali
361 1229 434 1263 velis
448 1223 674 1274 accipi‚neceffe
687 1223 730 1258 est
744 1222 859 1270 probes
868 1221 908 1257 fic
915 1235 964 1257 ac-

205 1280 386 1326 cipiendum
401 1302 411 1317 ,
438 1282 469 1312 &
484 1289 555 1310 cum
569 1276 631 1309 hoc
643 1272 808 1321 probatum
822 1271 941 1306 dederis
954 1295 964 1310 ,

206 1329 351 1376 proxime
365 1327 422 1361 tibi
436 1326 589 1360 incumbit
602 1335 635 1358 ut
652 1322 793 1356 ostendas
807 1320 962 1368 praescien-

206 1379 279 1412 tiam
288 1377 376 1422 hujus
385 1374 563 1422 previfionis
571 1373 683 1407 habere
691 1384 750 1418 pro
759 1372 890 1416 objeaesto
900 1383 966 1404 non

207 1426 326 1461 tantum
344 1425 560 1473 eligendorum
573 1420 732 1470 personas,
753 1431 846 1467 prout
861 1431 966 1455 textus

207 1489 268 1523 prae
277 1476 305 1510 se
313 1474 390 1509 ferre
399 1475 516 1509 videtur
523 1497 533 1512 ,
549 1472 598 1507 scd
610 1471 702 1506 etiam
717 1470 853 1518 ipsorum
868 1470 965 1518 quali-

208 1537 295 1560 tateS.

255 1576 373 1609 Donec
385 1572 443 1606 tibi
456 1583 558 1607 vacare
570 1569 772 1604 libuerithuic
786 1570 891 1616 operi,
908 1581 968 1617 ego

209 1624 332 1658 interim
340 1622 379 1656 fic
390 1622 495 1669 probo
503 1617 694 1668 praescientiae
701 1618 792 1665 hujus
805 1618 968 1664 objetstum

208 1686 275 1711 uon
290 1671 348 1708 effe
360 1671 455 1706 fidem
468 1676 498 1706 &
512 1667 773 1718 perseverantiam.
797 1668 915 1703 Primo.
938 1669 969 1703 Si

210 1722 403 1772 praescientiae
413 1721 502 1767 hujus
517 1720 680 1764 objectum
690 1718 761 1753 effet
772 1717 848 1753 fides
855 1719 902 1754 vel
912 1718 971 1754 ulla

211 1774 266 1808 alia
276 1771 443 1807 inhomine
451 1771 590 1817 qualitas,
602 1780 669 1803 tum
676 1769 815 1816 inprimis
823 1767 948 1803 charitas
959 1782 969 1810 3

212 1837 284 1858 nam
297 1822 425 1857 charitas
439 1820 483 1854 est
491 1819 617 1867 qualitas
625 1831 665 1852 eo
676 1829 761 1853 textu
769 1816 905 1866 expresse
911 1831 971 1853 no-

212 1875 336 1909 minata:
346 1871 427 1918 atqui
435 1868 627 1918 praescientiae
636 1868 725 1913 hujus
736 1868 972 1912 objectumnon

214 1922 258 1958 est
275 1921 402 1956 charitas
420 1934 428 1954 ε
454 1919 518 1954 haec
533 1920 620 1954 enim
639 1917 684 1953 est
697 1931 777 1965 opus
791 1918 868 1966 legis
883 1943 894 1959 ,
919 1918 972 1954 etsi

212 1970 495 2021 praedestinaremur
502 1967 666 2005 secundum
676 1968 806 2002 divinam
815 1967 973 2016 praescien-

213 2024 288 2056 tiam
303 2019 400 2054 nostri
414 2020 545 2059 amoris,
560 2019 674 2053 elerstio
682 2016 753 2052 effer
760 2030 796 2052 ex
808 2017 972 2066 operibus,

214 2070 302 2119 quod
311 2068 481 2116 Apostolus
488 2067 649 2102 manifeste
660 2068 768 2113 rejicit,
779 2066 853 2102 ficut
859 2068 976 2103 Luthe-

214 2120 280 2155 rani
299 2120 336 2152 ad
348 2119 430 2152 hunc
448 2118 532 2152 diem
546 2128 656 2152 tenent
668 2142 679 2157 ‚
704 2120 866 2150 Arminius
884 2118 976 2153 etiam

215 2170 254 2204 ad
270 2179 422 2204 mortem,
443 2167 567 2215 ejusque
579 2165 720 2215 sequaces
733 2165 788 2200 nisi
807 2167 976 2203 admodum

216 2230 324 2266 nuper.

264 2266 418 2301 Secundo.
444 2269 549 2300 Locus
561 2266 611 2299 hic
627 2265 721 2299 fidem
734 2263 806 2299 facit
819 2265 978 2310 praedesti-

219 2317 344 2350 natione
364 2315 568 2361 posteriorem
587 2328 596 2353 ;
619 2315 691 2359 quia
710 2311 781 2347 facit
799 2313 956 2348 efficacem
972 2337 981 2349 ‚

219 2365 419 2399 vocationem
429 2388 437 2399 ‚
454 2374 546 2409 quam
559 2373 668 2395 omnes
677 2361 853 2394 concedunt
864 2360 980 2395 causam

221 2414 295 2449 fidei
304 2411 568 2460 praedestinatione
575 2409 792 2458 posteriorem,
800 2409 900 2443 divina
906 2422 983 2457 prae-

221 2464 347 2498 scientia
361 2459 494 2508 sequitur
510 2460 654 2494 ordinem
667 2471 770 2493 rerum
783 2461 915 2506 quemin
928 2471 982 2492 na-

223 2515 293 2548 tura
308 2516 339 2547 &
352 2510 512 2546 existentia
524 2509 640 2544 habent
653 2534 663 2549 ‚
689 2509 776 2556 quod
789 2511 894 2545 natura
907 2521 984 2556 prae-

225 2561 428 2596 destinatione
440 2559 595 2607 posterius
606 2558 661 2598 est,
676 2562 708 2593 &
722 2557 822 2592 existit
834 2557 903 2605 post
910 2571 984 2605 prae-

226 2612 438 2646 destinationis
447 2609 608 2648 effestum,
620 2621 685 2642 non
695 2606 739 2642 est
746 2609 780 2643 ea
791 2608 911 2655 priusin
919 2608 985 2655 ipsa

224 2662 331 2696 divina
344 2659 528 2707 praescientia
541 2683 552 2699 ,
577 2659 640 2692 hoc
659 2659 742 2692 enim
762 2655 928 2692 secundum
947 2670 984 2691 o-

226 2724 314 2745 mnes
326 2721 398 2744 tuos
411 2721 559 2757 patronos
567 2708 700 2743 divinam
713 2705 986 2754 praescienriamin-

228 2761 401 2795 ordinatam
417 2758 530 2793 faceret
543 2783 553 2797 ,
582 2762 613 2792 &
627 2769 673 2791 res
689 2757 868 2803 praevideret
882 2758 913 2791 in
926 2757 987 2790 alio

228 2809 447 2857 ordine‚quam
459 2809 490 2842 in
498 2807 554 2841 suis
561 2806 728 2841 existentiis
738 2807 816 2840 inter
829 2805 988 2840 sehabent:

228 2858 488 2907 praedestinationi
502 2857 538 2892 ad
546 2857 673 2904 gratiam
680 2868 736 2890 nec
749 2854 824 2889 fides
833 2879 841 2891 ‚
854 2868 911 2889 nec
920 2867 990 2902 per-

230 2908 411 2945 severentia,
432 2921 489 2942 nec
503 2908 561 2942 ulla
574 2907 668 2955 gratia
680 2905 788 2953 praevia
805 2904 849 2939 est
854 2929 864 2945 ‚
880 2917 990 2939 omnes

232 2959 316 2992 enim
332 2957 395 2992 istae
407 2959 509 3006 gratiae
523 2955 590 2991 sunt
603 2956 791 3004 posteriores
799 2954 989 3002 praedestina-

233 3009 322 3041 tione
331 3032 341 3046 ,
353 3011 384 3042 &
398 3010 462 3051 ejus
474 3006 601 3041 effeGm:
615 3008 675 3050 jam
688 3015 789 3039 autem
799 3004 992 3052 praedestina-

233 3058 282 3090 tio
300 3069 366 3103 quae
379 3055 429 3090 hic
443 3055 634 3103 praescientiae
650 3058 659 3100 j
665 3055 800 3102 ungitur,
818 3052 863 3088 est
878 3053 991 3100 praede-

234 3105 359 3139 stinatio
377 3105 414 3139 ad
431 3106 557 3152 gratiam
581 3104 703 3152 ejusque
717 3103 786 3137 finis
801 3127 810 3142 ,
837 3105 869 3137 δέ
885 3101 994 3137 εξῖεὲὶα

1000 382 1112 416 tarium
1125 385 1252 430 accipias
1260 407 1269 421 ‚
1287 388 1320 420 &
1332 385 1450 430 rejicias
1461 386 1621 434 Augustini
1627 401 1636 418 :
1648 386 1697 420 ille
1704 399 1757 420 ex-

1000 430 1091 477 ponit
1104 437 1296 479 praecognovit
1315 446 1369 480 per
1386 432 1535 480 praescivit
1547 436 1733 470 crediturum
1747 459 1756 472 ‚

1000 479 1050 514 hic
1062 492 1117 527 per
1124 480 1341 528 pradestinavit
1348 498 1358 515 .·
1371 481 1420 517 sed
1427 484 1505 517 inter
1513 496 1757 519 commentantes

1003 528 1066 564 hoc
1078 528 1122 563 est
1132 528 1328 570 discriminis,
1341 533 1484 580 ‘Pelagius
1492 531 1573 566 suam
1582 533 1680 567 textus
1688 546 1759 567 cor-

1001 580 1180 626 ruptionem
1197 579 1293 614 dietat
1312 593 1370 627 pro
1390 593 1479 615 mero
1496 582 1627 616 arbitrio
1646 581 1758 628 absque

1001 629 1067 662 ullis
1080 627 1253 663 rationibus
1268 653 1279 669 ‚
1300 630 1485 678 Augustinus
1502 631 1576 665 vero
1590 631 1758 678 expolitio-

1002 690 1073 712 nem
1086 676 1167 712 suam
1180 679 1283 712 multis
1290 680 1460 714 rationibus
1467 680 1575 727 exipso
1588 691 1672 714 textu
1679 694 1759 715 con-

1001 725 1120 767 firmat,
1140 737 1296 775 utcunque
1308 752 1316 765 2
1343 740 1408 763 non
1425 741 1514 776 potes
1527 731 1730 777 argumentari
1743 730 1760 764 εὶ

1001 776 1082 812 nuda
1096 788 1176 811 voce
1190 776 1380 824 praescientiae
1395 777 1567 827 priusquam
1582 776 1759 813 refutaveris

1000 839 1068 873 quae
1080 826 1189 861 adduxi
1204 827 1240 861 ad
1254 828 1391 874 priorem
1413 828 1519 863 locum
1536 839 1643 863 contra
1657 829 1709 873 huj
1715 827 1767 862 us-·

1000 876 1089 910 modi
1102 873 1227 910 abusum
1241 877 1326 911 vocis
1336 877 1532 924 praescientiae,
1562 882 1593 912 &
1612 877 1683 912 cum
1705 877 1760 911 ista

1000 926 1105 959 omnia
1119 922 1286 963 sustuleris,
1306 928 1504 972 exceptiones
1518 927 1581 962 aliae
1594 928 1697 961 multae
1713 926 1761 961 su-

1000 973 1121 1021 persunt
1133 974 1208 1009 loco
1219 973 1291 1009 huic
1305 974 1472 1022 posteriori
1488 977 1636 1024 propriae,
1650 989 1717 1024 quae
1730 988 1761 1012 te

1000 1024 1169 1071 impedient
1182 1035 1221 1057 ne
1233 1024 1399 1059 constituas
1409 1023 1599 1072 praescientiae
1613 1026 1663 1060 hic
1671 1025 1764 1070 obje-

1000 1074 1087 1108 &um
1103 1096 1112 1109 ,
1138 1073 1188 1108 vel
1205 1071 1300 1109 fidem
1315 1098 1326 1114 ,
1350 1074 1398 1110 vel
1411 1072 1661 1122 perseverantiam
1673 1099 1680 1112 ,
1714 1075 1763 1110 vel

1001 1136 1104 1171 opera.
1730 1160 1732 1163 ,

1046 1171 1146 1207 Variae
1159 1170 1310 1219 scriptura:
1323 1171 1432 1207 divinae
1445 1173 1552 1221 populi
1564 1174 1686 1221 Judaici
1700 1173 1764 1208 ele-

999 1222 1114 1256 &ionis
1132 1219 1249 1254 causam
1263 1219 1379 1254 faciunt
1401 1220 1495 1256 solam
1509 1225 1637 1270 gratiam
1654 1227 1686 1258 &
1698 1235 1764 1256 non

999 1283 1105 1318 opera,
1114 1271 1155 1304 ita
1166 1269 1338 1317 Apostolus
1352 1270 1499 1306 hocloco
1513 1272 1681 1313 clariffime,
1695 1272 1764 1306 imo

1000 1320 1074 1356 vero
1084 1318 1238 1353 affertioni
1252 1318 1308 1354 suae
1320 1320 1398 1354 hanc
1410 1321 1494 1356 addit
1505 1322 1675 1356 terribilem
1683 1322 1766 1356 clau-

1000 1368 1093 1404 sulam
1108 1392 1118 1408 ,
1144 1369 1322 1417 quicunque
1341 1370 1529 1405 electi0nem
1542 1370 1674 1406 affcribit
1687 1384 1766 1418 ope-

1002 1418 1234 1456 ribus‚destruit
1242 1419 1307 1452 Dei
1320 1420 1446 1466 gratiam
1456 1444 1467 1460 ,
1491 1424 1523 1455 δι
1536 1421 1665 1468 gratiam
1677 1430 1768 1468 negat

1002 1468 1060 1503 effe
1073 1469 1210 1517 gratiam.
1236 1467 1323 1502 Cum
1335 1470 1426 1502 Deus
1443 1471 1592 1516 populum
1602 1470 1767 1517 Judaicum

1001 1531 1094 1553 manu
1106 1517 1285 1565 prehendit,
1306 1529 1339 1552 ut
1350 1530 1422 1552 cum
1436 1531 1476 1553 eo
1486 1517 1588 1553 foedus
1603 1519 1705 1560 iniret,
1718 1520 1768 1553 in-

1002 1569 1086 1603 venit
1099 1570 1251 1612 jacentem
1266 1567 1296 1600 in
1304 1567 1478 1614 pollutione
1490 1569 1605 1616 peccati
1619 1579 1767 1603 ursecens

1003 1629 1108 1652 natum
1120 1613 1268 1650 infantem
1281 1617 1312 1650 in
1327 1614 1380 1650 suo
1390 1615 1534 1665 sanguine
1548 1617 1718 1653 Ezech.16.
1733 1631 1769 1652 a-

1005 1668 1095 1703 mavit
1107 1676 1211 1701 tamen
1224 1678 1261 1700 ex
1273 1678 1362 1700 mero
1378 1665 1432 1700 suo
1452 1668 1649 1715 beneplacito
1668 1669 1768 1703 Deut.

1004 1730 1036 1763 7.
1046 1721 1079 1753 &
1091 1729 1138 1752 10.
1166 1717 1245 1750 Non
1263 1727 1347 1750 erant
1360 1726 1428 1750 tum
1439 1715 1576 1751 Ili-aelitae
1589 1716 1745 1752 credentes
1756 1741 1767 1757 ‚

1006 1768 1099 1802 autin
1112 1766 1174 1802 fide
1186 1763 1407 1814 perseverantes
1415 1790 1424 1806 ,
1450 1764 1501 1802 sed
1512 1767 1598 1801 natio
1610 1777 1695 1801 erant
1706 1767 1768 1801 ob-

1006 1816 1114 1853 stinate
1127 1814 1262 1864 perverss
1274 1820 1306 1851 &
1319 1816 1410 1863 rigidi
1423 1816 1496 1850 colli
1508 1816 1659 1864 perpetuo
1668 1816 1769 1851 rebel-

1005 1867 1051 1902 lis.
1063 1866 1272 1914 Exceptiones
1284 1866 1330 1900 hae
1338 1865 1404 1900 satis
1411 1866 1514 1900 validae
1527 1865 1604 1906 su'nt,
1618 1876 1652 1901 ut
1664 1878 1768 1914 oppu-

1006 1927 1102 1965 gnent
1113 1915 1281 1964 simplicem
1290 1927 1374 1950 tuam
1387 1915 1635 1951 affirmationem.

1009 2065 1140 2117 Spiritds
1157 2070 1190 2099 in
1201 2064 1395 2099 obedientiam
1409 2068 1447 2103 &¹
1458 2064 1767 2113 asperfionemfimgui-

1010 2119 1067 2152 nis.
1097 2115 1178 2154 Hic,
1190 2115 1251 2154 ais,
1269 2115 1386 2149 eleftio
1399 2113 1443 2148 est
1455 2113 1621 2148 secundum
1635 2115 1769 2148 divinam

1011 2164 1239 2215 praescientiam.
1257 2163 1350 2212 Resp.
1360 2165 1468 2198 Nemo
1481 2175 1572 2211 negat
1583 2163 1771 2198 electionem
1785 2175 1825 2201 cis,

1013 2216 1178 2251 secundum
1190 2212 1424 2261 praescientiam,
1450 2210 1500 2247 sed
1511 2223 1565 2247 tua
1577 2212 1669 2246 thefis
1681 2213 1775 2246 habet

1013 2266 1203 2300 eletffionem
1216 2262 1382 2297 secundum
1396 2260 1612 2309 praescientiam
1623 2262 1778 2308 fidei‚per-

1014 2312 1201 2351 severantiae,
1215 2312 1415 2346 &bonorum
1429 2323 1573 2358 operum.
1615 2311 1715 2359 Qod
1730 2311 1778 2344 lo-

1016 2374 1069 2395 cus
1076 2362 1128 2394 hic
1135 2361 1225 2393 ullam
1233 2360 1344 2394 habeat
1352 2359 1493 2406 syllabam
1501 2360 1538 2393 de
1546 2359 1696 2405 ejusmodi
1705 2372 1778 2406 prae-

1015 2408 1154 2447 scientia,
1176 2420 1241 2442 non
1253 2407 1297 2442 est
1305 2407 1493 2442 asserendum
1506 2406 1555 2441 sed
1567 2409 1778 2454 probandum,

1017 2458 1100 2494 certe
1121 2457 1223 2504 aperte
1241 2456 1292 2491 hic
1312 2456 1498 2504 significatur
1516 2456 1612 2490 fidem
1632 2461 1664 2492 &
1684 2470 1779 2505 opera

1019 2507 1190 2556 posteriora
1202 2507 1358 2540 eleetione
1371 2531 1381 2545 ‚
1408 2505 1463 2539 nisi
1476 2506 1548 2540 velis
1562 2505 1654 2542 fidem
1669 2519 1780 2555 negare

1019 2559 1110 2592 ullam
1125 2555 1183 2590 effe
1196 2567 1313 2603 partem
1327 2554 1575 2589 sanetificationis
1585 2580 1594 2594 ‚
1612 2568 1714 2603 neque
1727 2570 1781 2603 ap-

1020 2608 1133 2655 plicare
1146 2616 1198 2639 aut
1209 2603 1365 2653 aspergere
1386 2603 1504 2639 Christi
1516 2602 1695 2652 sanguinem
1710 2630 1721 2645 ‚
1748 2610 1780 2640 &

1020 2658 1092 2693 velis
1105 2656 1197 2690 etiam
1210 2653 1359 2689 affirmare
1371 2654 1455 2688 bona
1469 2666 1562 2701 opera
1575 2654 1649 2688 nihil
1663 2653 1780 2701 speeta-

1023 2719 1055 2741 re
1068 2707 1105 2741 ad
1123 2704 1332 2739 obedientiam
1349 2729 1360 2745 ‚
1391 2703 1412 2737 s1
1426 2703 1502 2738 fides
1516 2704 1593 2737 ullus
1612 2703 1646 2738 lit
1662 2703 1779 2738 fructus

1024 2755 1152 2804 Spiritfis
1163 2752 1412 2793 sanffificandsffi
1424 2753 1498 2788 fides
1507 2764 1616 2800 purget
1624 2752 1780 2788 conscien-

1024 2808 1098 2840 tiam
1105 2805 1143 2839 ab
1151 2804 1297 2851 operibus
1311 2804 1452 2842 mortuis,
1466 2803 1647 2850 applicando
1655 2804 1781 2838 creden-

1026 2856 1048 2889 ti
1061 2854 1236 2902 sanguinem
1247 2855 1429 2901 loquentem
1443 2853 1570 2886 meliora
1583 2850 1724 2899 sanguine
1731 2856 1781 2886 A-

1026 2903 1092 2937 belis
1109 2917 1118 2944 3
1139 2902 1161 2936 fi
1173 2904 1279 2938 omnia
1291 2902 1394 2937 nostra
1407 2902 1491 2936 bona
1502 2913 1596 2949 opera
1610 2902 1687 2935 nihil
1701 2902 1782 2936 aliud

1028 2953 1083 2987 fint
1094 2952 1187 3001 quam
1200 2953 1377 2987 obedientia
1388 2953 1472 2998 (quae
1481 2951 1595 2987 omnia,
1609 2963 1697 2997 puto,
1705 2964 1783 2986 con-

1028 3004 1134 3048 cedes)
1148 3013 1214 3036 tum
1228 3003 1313 3036 locus
1326 3002 1376 3035 hic
1385 2998 1543 3034 manifeste
1552 3001 1663 3047 probat
1669 3001 1784 3048 praedc-

1030 3052 1227 3085 stinationem
1240 3064 1305 3085 non
1325 3065 1359 3085 ex
1372 3049 1434 3084 fide
1446 3054 1477 3084 &
1490 3049 1637 3096 operibus
1649 3075 1659 3090 ,
1688 3048 1736 3084 sed
1748 3050 1784 3083 ad

1030 3100 1125 3134 fidem
1136 3104 1166 3135 &
1178 3113 1286 3147 opera,
1303 3111 1402 3134 textus
1415 3099 1496 3132 enim
1509 3100 1650 3147 loquitur
1662 3100 1699 3133 de
1709 3112 1782 3145 prce-

237 3155 304 3189 sunt
316 3155 438 3190 vocatio
445 3179 456 3195 ,
469 3156 478 3199 j
484 3154 645 3190 ustificatio
652 3178 660 3192 ,
674 3158 705 3189 δε
714 3150 915 3189 conformitas
924 3164 1001 3188 cum-

237 3205 379 3241 Christo.

1032 3150 1236 3183 destinatione
1255 3150 1286 3183 in
1303 3149 1514 3184 obedientiam
1530 3153 1560 3183 &
1579 3147 1784 3196 aspersionem

1032 3197 1270 3247 sanguinis,quin
1280 3203 1370 3236 etiam
1378 3195 1540 3232 secundum
1552 3210 1660 3233 omnes
1674 3198 1784 3230 tuosin

1387 3250 1457 3297 κζεῖ
1481 3260 1495 3292 3
1675 3246 1783 3280 Eccle-

1054 1970 1159 2001 Locus
1172 1967 1278 2000 tertius
1291 1965 1336 2000 est
1348 1969 1494 2000 1.Petr.1.
1510 1979 1536 2000 z.
1561 1965 1767 2010 EletSZifi’ctm-
1779 1976 1858 2001 Locm
1878 1979 1929 1999 ter-2

1009 2018 1082 2052 dam
1105 2017 1246 2050 divinam
1264 2016 1474 2065 praescientiam
1492 2018 1524 2049 in
1535 2015 1768 2060 skmfltficatione
1779 2016 1835 2081 {mx
1847 2016 1911 2078 ¹·dP22-

1793 2064 1813 2080 ΓΙ
1840 2061 1867 2078 .“
1883 2072 1887 2076 -
1912 2073 1917 2078 .

1781 2090 1916 2131 spalatensi

1785 2132 1910 2160 comrade-
