2048 3343
283 92 348 136 145
577 76 1541 118 DEPRAEDESTINA'rroNE,

333 156 524 193 Sententiam
536 163 698 199 utramque
708 149 858 198 proponis
867 173 877 189 ‚
890 151 920 183 δέ
936 148 953 183 ὲ
968 147 1046 181 mul-

285 209 324 243 tis
345 207 426 250 Voffii
439 205 540 239 modis
554 199 773 238 reconciliandi
786 200 865 234 duos
880 198 966 245 eligis
983 211 991 231 :
1018 197 1049 230 in

287 269 412 291 tuorum
426 253 573 289 sententia
588 249 794 300 proponenda
810 248 943 282 inultum
953 247 1049 280 varias

286 307 303 340 a
319 307 378 340 tuis
393 303 589 338 auctoribus:
604 298 786 349 praescientia
799 310 891 346 quam
907 297 1049 331 nominas

287 354 331 390 est
344 352 479 389 absoluta
490 365 555 386 non
568 349 784 398 hypothetica,
801 360 868 382 eam
881 359 972 382 vocas
985 347 1050 380 Dei

288 403 503 452 praescientiam
516 401 653 436 hominis
664 399 756 434 creati
768 397 886 443 (dicere
900 395 1026 431 voluisti
1039 420 1048 435 ‚

288 455 436 492 arbitror,
453 451 634 496 constituti)
652 450 683 482 in
695 447 805 482 talibus
817 446 1049 481 circumstantiis

288 516 355 550 quae
366 502 525 536 vocationi
542 503 606 543 ejus
621 498 686 532 sunt
701 509 862 544 congruae,
883 494 932 529 sed
946 498 984 528 Vo
1004 507 1049 527 cus

289 555 329 587 ita
344 552 498 598 concipit,
513 549 533 583 si
547 548 692 583 homines
704 546 862 581 constituti
877 544 933 577 sint
945 545 976 577 in
984 544 1048 576 tali-

288 603 345 637 bus
359 599 606 637 circumstantiis,
633 609 705 631 tunc
719 593 896 642 praevidebo
909 597 966 627 &c.
985 592 1049 626 haec

288 655 352 696 ejus
368 648 550 697 praescientia
562 647 606 681 est
618 645 738 680 scientia
747 643 846 677 media
860 641 1048 689 possibilium

289 701 595 736 conditionatorum,
623 695 672 728 sed
684 705 735 727 tua
747 692 791 726 est
808 691 991 739 praescientia
1005 692 1046 725 vi-

289 750 381 784 {ionis
396 747 570 782 futurorum
583 742 804 778 absolutorum.

335 798 461 832 Deinde
470 821 480 836 ‚
498 797 528 828 in
539 793 779 828 catholicorum
791 801 917 824 tuorum
929 788 1044 823 senten-

289 848 331 882 tia
345 848 461 880 nullum
477 846 635 879 decretum
654 842 705 876 das
726 842 803 874 Deo
822 840 859 874 de
879 839 1048 873 donatione

290 898 378 930 ullius
391 895 491 943 gratiae
503 908 512 934 3
527 894 601 927 dicis
614 893 723 926 Deum
737 887 872 937 praescire
884 888 1046 922 hominem

290 945 491 980 constitutum
510 944 541 976 in
558 939 791 976 circumstantiis
810 938 866 973 suae
886 938 1047 972 vocationi

289 996 451 1043 congruis,
466 997 497 1028 &
510 993 668 1026 decretum
680 990 745 1024 Dei
759 986 852 1022 refers
859 988 895 1021 ad
904 985 996 1020 solam
1006 985 1047 1020 sa-

290 1046 385 1078 lutern
397 1054 524 1090 propter
539 1041 649 1077 fidem,
670 1039 718 1073 sed
732 1039 849 1072 nullum
864 1039 901 1071 de
915 1035 976 1084 ipsa
989 1035 1049 1070 fide

289 1094 446 1128 decretum
453 1093 594 1126 nominas
604 1105 611 1125 :
626 1091 657 1124 iri
671 1089 733 1123 hoc
742 1089 850 1124 videris
860 1087 994 1121 conlona
1001 1083 1047 1119 so-

290 1145 343 1178 ciis
360 1144 465 1191 loqui,
479 1155 549 1176 nam
562 1143 632 1175 licet
645 1138 810 1186 aliquando
823 1135 1047 1171 Remonstran-

291 1205 335 1227 tes
351 1194 515 1240 loquantur
523 1191 559 1225 de
567 1190 723 1224 elcetione
732 1187 768 1222 ad
783 1188 909 1235 gratiam
923 1211 932 1225 ,
946 1197 1048 1219 tamen

290 1243 343 1277 ubi
364 1243 443 1277 hanc
457 1239 575 1288 phrasin
591 1239 743 1286 explicent
759 1250 824 1270 nori
844 1237 971 1270 invenio
985 1259 994 1274 ,
1016 1246 1048 1267 ut

289 1293 438 1330 arbitror,
457 1290 645 1325 electionem
658 1287 735 1320 hanc
747 1286 782 1319 ad
796 1286 923 1332 gratiam
931 1285 1047 1317 nullum

289 1339 403 1375 faciunt
416 1341 573 1374 decretum
587 1362 596 1377 ‚
622 1336 672 1371 sed
694 1334 813 1369 tantum
829 1345 946 1380 partem
960 1345 1046 1366 com-

289 1392 390 1424 munis
408 1391 474 1424 Dei
493 1386 692 1436 providentiae
711 1384 770 1432 qua
783 1382 971 1417 administrat
982 1394 1046 1415 me-

290 1441 338 1474 dia
357 1440 458 1488 gratiae
477 1437 624 1472 omnibus
642 1433 824 1469 hominibus
840 1431 1023 1466 sufficienter
1036 1456 1046 1470 ‚

289 1488 458 1524 efficienter
470 1487 544 1522 vero
557 1490 587 1521 &
595 1483 759 1519 efficaciter
768 1483 873 1516 nullis:
887 1480 1048 1515 seddecrc—

288 1550 352 1572 tum
366 1539 402 1572 ad
416 1537 544 1571 eandem
558 1535 668 1569 fidem,
689 1532 884 1570 charitatem,
901 1542 950 1565 aut
965 1532 1047 1564 illam

288 1589 432 1637 gratiam,
446 1585 528 1634 ipsos
541 1585 673 1619 arbitror
685 1582 804 1616 nullum
817 1582 941 1616 docere.

335 1637 450 1671 Tertio
468 1636 578 1670 videris
591 1635 693 1668 locare
711 1631 805 1666 fidem
825 1636 856 1666 &
870 1643 964 1677 opera
978 1628 1048 1676 post

287 1688 445 1722 decretum
464 1685 561 1719 salutis
574 1707 582 1720 ‚
610 1688 641 1719 ὅ(
659 1682 731 1715 huic
754 1681 881 1715 decreto
895 1680 1048 1727 praeponis

287 1736 405 1772 tantum
423 1735 612 1784 positionem
623 1732 790 1767 hominum
804 1732 836 1764 in
847 1729 1047 1764 circumstan-

286 1788 336 1821 tiis
348 1786 493 1835 congruis
506 1783 680 1824 vocationi3
702 1781 724 1815 si
739 1780 815 1817 vero
830 1782 862 1814 in
873 1780 963 1826 hujus
982 1777 1047 1814 sen-

287 1838 387 1871 tentiae
400 1836 608 1884 explicatione
615 1834 658 1869 vis
670 1831 766 1869 fidem
778 1835 808 1866 &
819 1843 914 1878 opera
926 1840 1046 1864 antece-

286 1886 359 1921 dere
372 1885 468 1934 ipsum
483 1886 659 1923 decretum,
673 1883 727 1930 qui
735 1880 843 1928 scopus
855 1878 912 1915 fuit
924 1881 1047 1915 univer-

287 1934 322 1970 sae
335 1946 393 1971 tuae
406 1935 632 1983 disputationis,
652 1943 720 1966 tum
735 1941 830 1978 opera
841 1930 905 1965 haec
924 1935 956 1965 &
970 1929 1046 1964 fides

283 1998 349 2019 non
367 1985 486 2020 tantum
501 1982 683 2018 antecedent
694 1982 852 2016 decretum
862 2005 871 2020 ‚
890 1978 939 2015 sed
953 1981 1044 2014 etiam

280 2033 378 2069 causas
387 2035 431 2069 ob
440 2047 530 2083 quas,
544 2032 720 2080 utloqueris
729 2055 739 2071 ‚
754 2031 911 2065 decretum
927 2029 1043 2064 fa&um

279 2084 344 2118 fuit.
363 2088 479 2133 Magna
487 2083 730 2118 Catholicorum
738 2091 864 2115 tuorum
873 2092 939 2127 pars
948 2105 957 2119 ,
976 2092 1042 2113 cer-

279 2135 310 2168 te
324 2135 478 2170 Wolina
492 2138 523 2168 &
536 2132 706 2181 Spalatenfis
718 2131 823 2164 multis
838 2130 939 2164 verbis
949 2143 1040 2177 nega-

279 2184 357 2218 bunt
369 2184 446 2217 hanc
460 2181 541 2217 suain
554 2182 611 2216 effe
624 2191 773 2215 mentem.
797 2182 841 2213 Ita
860 2180 1040 2213 incommo-

279 2234 318 2268 de
331 2245 430 2271 tuam,
450 2243 638 2278 tuorumque
652 2228 830 2264 sententiam
839 2228 1023 2275 proposuisti
1033 2251 1041 2265 ‚

279 2280 327 2315 sed
341 2281 476 2314 nostram
489 2280 588 2313 adhuc
607 2276 841 2312 incommodius
863 2300 873 2314 ‚
900 2289 970 2308 nam
984 2287 1041 2308 nos

279 2329 351 2364 facis
365 2333 396 2364 in
413 2330 522 2363 nostro
536 2329 662 2362 decreto
675 2325 837 2359 eleetionis
851 2322 973 2356 salutem
983 2336 1039 2369 po-

280 2392 352 2414 nere
366 2380 440 2413 loco
457 2379 569 2412 ultimo
585 2400 593 2413 ‚
618 2380 650 2410 &
666 2385 769 2408 tamen
789 2373 821 2405 in
839 2372 965 2405 decreto
979 2372 1041 2417 pri-

278 2443 365 2464 mum
379 2430 483 2463 locum
498 2425 581 2460 saluti
602 2437 660 2458 nos
675 2420 882 2458 adscribimus.
915 2420 1042 2455 Deinde

278 2492 337 2513 nos
352 2476 425 2513 facis
446 2476 571 2511 asserere
585 2486 712 2508 omnem
731 2473 834 2506 aetum
854 2471 920 2505 Dei
935 2471 966 2504 in
981 2469 1041 2504 isto

278 2529 404 2563 decreto
425 2526 482 2562 effe
499 2524 618 2560 tantum
636 2524 673 2558 de
687 2520 841 2569 ponendis
859 2519 1041 2554 hominibus
1057 2533 1058 2544 ¹

278 2579 310 2612 in
329 2576 561 2612 circumstantiis
579 2573 724 2621 congruis
741 2570 854 2619 quibus
879 2569 1042 2604 assentiun-

278 2638 344 2667 tur,
358 2628 503 2666 credum,
519 2630 551 2660 &
565 2622 727 2661 salvantur,
749 2623 852 2667 itaque
864 2620 981 2653 nullum
996 2617 1039 2652 fa-

279 2678 322 2710 cis
337 2677 495 2710 decretum
509 2677 546 2709 de
559 2686 668 2708 eorum
683 2671 744 2705 fide
760 2694 770 2709 ,
801 2667 1021 2716 perseverantia
1033 2692 1040 2704 ‚

279 2737 329 2759 aut
343 2724 451 2766 salute,
469 2723 518 2759 secl
531 2723 649 2759 tantum
662 2723 700 2755 de
713 2720 871 2753 locatione
886 2719 917 2751 in
930 2718 1041 2752 talibus

280 2775 509 2809 circumstantiis
519 2799 528 2813 ,
544 2773 656 2821 quibus
671 2782 743 2805 cum
756 2781 792 2802 ex
806 2767 859 2802 suo
877 2767 980 2802 libero
993 2780 1039 2801 ar-

279 2824 374 2858 bitrio
387 2823 486 2858 assensi
500 2822 624 2861 fuerint,
639 2821 804 2868 sequuntur
816 2816 1041 2863 fides‚perseve-

279 2875 390 2913 tantia,
404 2878 434 2908 &
448 2873 530 2907 salus.
558 2871 639 2915 Voffii
653 2871 718 2905 liaec
734 2867 778 2903 est
792 2865 949 2901 manifesta
970 2879 1041 2901 cor-

281 2924 384 2969 ruptio
398 2924 551 2957 sententiae
565 2933 674 2955 eorum
690 2919 743 2968 qui
755 2918 944 2952 eleetionem
955 2917 1041 2949 inde-
1056 2941 1058 2956 ἶ

281 2973 466 3019 pendentem
490 2969 657 3007 defendunt
670 2994 679 3008 ‚
714 2966 796 3002 certe
817 2978 926 3000 eorum
946 2977 1041 2998 nenio

284 3022 468 3068 praecipuum
481 3022 575 3055 divini
589 3019 702 3054 decreti
715 3018 818 3051 aetum
831 3016 878 3051 vel
886 3013 1042 3049 efficacem

286 3072 466 3117 operationi·
479 3071 579 3118 gratiae
587 3069 676 3116 ponit
688 3069 719 3101 in
726 3066 933 3102 collocatione
941 3063 1044 3097 homi-

286 3133 360 3154 num
374 3121 405 3152 in
418 3120 526 3153 talibus
534 3117 766 3153 circumstantiis
779 3116 891 3163 quibus
901 3114 1042 3148 credent:

287 3169 409 3216 putidus
422 3168 466 3203 est
479 3168 528 3203 hic
544 3181 646 3208 error,
660 3179 755 3215 quem
767 3178 878 3201 omnes
892 3162 1044 3199 detestan-

1079 156 1138 181 tur.
1179 149 1305 180 Ponunt
1324 145 1367 179 illi
1387 144 1554 181 efficaciam
1575 148 1677 194 gratiae
1697 159 1798 196 neque
1810 148 1842 182 in

1080 194 1316 231 circumstantiis
1329 196 1492 243 congruis,
1505 209 1607 243 neque
1621 197 1652 230 in
1668 196 1778 232 assensu
1786 211 1842 233 vo·-

1081 245 1201 280 luntatis
1215 244 1372 280 vocationi
1387 246 1418 278 in
1429 244 1493 279 istis
1507 244 1740 281 circumstantiis
1753 272 1763 287 ‚
1777 246 1842 284 ,sed

1080 297 1112 329 in
1134 295 1316 342 operatione
1336 294 1465 341 Spiritus
1482 297 1512 329 S.
1540 294 1704 341 superantis
1721 296 1840 342 impro-

1082 345 1152 379 bam
1166 345 1373 383 voluntatem,
1388 348 1496 380 &eam
1510 344 1657 379 :idiffensu
1665 343 1841 378 abstrahen-

1080 396 1118 428 tis
1140 391 1383 440 insuperabiliter
1402 395 1433 427 in
1453 395 1562 428 medio
1584 394 1761 442 quatumvis
1780 395 1841 428 cir—

1081 442 1330 478 cumstantiarum
1351 443 1463 476 utlibet
1485 444 1724 491 incongruarum
1747 456 1840 478 voca-

1081 493 1171 526 tioni.
1196 490 1344 526 Praeterea
1358 492 1491 538 primum
1499 493 1612 527 decreti
1626 493 1788 538 obje&um
1795 492 1842 527 fa-

1082 543 1165 575 ciunt
1179 541 1298 575 donum
1311 538 1428 581 salutis,
1444 545 1475 576 &
1489 540 1653 577 secundum
1672 543 1790 577 donum
1803 542 1843 576 fi-

1081 591 1130 625 dei
1146 603 1180 624 ac
1195 588 1419 637 perseverantiae
1434 615 1445 630 ‚
1466 591 1653 626 locationem
1668 604 1769 626 autem
1781 592 1842 626 lio-

1081 642 1200 674 minum
1226 640 1258 673 in
1279 639 1346 672 ullis
1370 640 1602 675 circumstantiis
1621 643 1732 676 nolunt
1750 643 1842 676 ullam

1080 691 1194 724 decreti
1211 699 1328 737 partem
1341 689 1395 723 nisi
1409 703 1464 737 per
1477 690 1665 739 longinquas
1679 690 1746 726 satis
1762 704 1842 726 con-

1082 738 1261 787 sequentias.

1126 789 1185 823 Sed
1202 789 1274 822 dato
1287 813 1297 827 ‚
1329 787 1413 822 reete
1426 799 1456 822 te
1471 785 1661 836 proposuisse
1680 788 1840 824 sententias

1079 839 1208 884 partium
1218 863 1228 877 ‚
1248 842 1279 872 &
1294 837 1380 885 quod
1395 837 1456 872 istae
1469 849 1576 885 paratae
1590 837 1682 874 essent
1694 850 1758 874 tuas
1775 839 1840 874 illas

1080 887 1307 935 propositiones
1320 900 1378 934 pro
1391 900 1464 921 vero
1477 885 1531 921 suo
1545 886 1627 921 sensu
1646 887 1812 936 agnoscere
1827 914 1838 930 ‚

1079 949 1182 971 tamen
1196 938 1226 971 iri
1246 938 1305 971 tuis
1318 937 1417 971 verbis
1431 947 1493 971 tam
1507 937 1672 984 palpabiles
1685 937 1752 972 sunt
1763 951 1842 973 con-

1080 987 1280 1021 tradie'tiones
1288 1011 1298 1026 ,
1309 996 1342 1020 ut
1350 998 1413 1020 non
1422 986 1533 1033 poffiut
1543 987 1745 1022 reconciliari.
1756 988 1840 1022 Nam

1081 1034 1208 1070 secunda
1222 1047 1272 1070 tua
1293 1035 1467 1083 propositio
1484 1034 1555 1070 facit
1571 1037 1680 1070 Deum
1694 1038 1841 1072 decerne-

1080 1099 1111 1120 re
1127 1086 1271 1120 homines
1285 1086 1386 1119 locare
1399 1087 1431 1119 in
1446 1085 1556 1120 talibus
1569 1085 1801 1121 circumstantiis
1809 1087 1841 1121 in

1082 1136 1194 1183 quibus
1207 1134 1367 1169 certissime
1380 1135 1543 1170 credent&
1552 1134 1749 1171 salvabuntur.
1774 1137 1842 1171 Pri-

1080 1199 1129 1218 ma
1139 1185 1213 1220 vero
1228 1183 1400 1232 propositio
1407 1197 1502 1219 omne
1509 1185 1567 1219 tale
1577 1185 1734 1220 decretum
1747 1197 1837 1233 repu-

1063 1235 1148 1268 diat.
1174 1234 1300 1268 Deinde
1319 1235 1416 1281 prima
1440 1235 1503 1269 vult
1520 1234 1678 1269 decretum
1691 1236 1729 1270 de
1749 1234 1840 1270 salute

1079 1282 1213 1330 pendere
1228 1283 1244 1317 a
1256 1282 1317 1317 fide
1330 1287 1360 1317 ὃ(
1374 1284 1521 1331 operibus
1532 1309 1542 1324 ,
1559 1296 1592 1318 ut
1605 1285 1681 1320 veris
1689 1284 1781 1319 causis
1788 1298 1840 1318 ari-

1079 1333 1291 1366 tecedentibus
1304 1331 1400 1380 ipsum
1413 1335 1570 1367 decretum
1583 1348 1590 1367 :
1605 1332 1733 1368 secunda
1740 1345 1842 1368 autem

1081 1395 1218 1416 errorem
1231 1381 1313 1416 hunc
1326 1383 1443 1427 rejicit,
1459 1392 1493 1415 ut
1508 1395 1618 1429 purum
1632 1384 1842 1430 putum‘Pela-

1074 1432 1266 1481 giamfmum.

1129 1483 1247 1516 Primus
1260 1492 1354 1528 quem
1366 1478 1519 1526 proponis
1532 1480 1646 1514 modus
1660 1480 1715 1514 ista
1729 1493 1842 1515 recon-

1077 1531 1198 1566 ciliandi
1216 1531 1247 1564 in
1273 1530 1379 1563 multis
1402 1528 1446 1562 est
1461 1527 1595 1564 vitiosus.
1620 1531 1714 1564 Loco
1735 1527 1843 1564 funda-

1079 1581 1173 1615 menti
1186 1579 1289 1627 primo
1301 1577 1447 1615 affirmas,
1460 1578 1547 1626 quod
1554 1603 1565 1618 ,
1577 1577 1651 1614 ficut
1659 1579 1758 1614 divina
1765 1592 1843 1627 prae-

1079 1630 1200 1665 scientia
1213 1630 1298 1664 aetus
1312 1628 1356 1662 est
1370 1628 1463 1663 divini
1476 1628 1666 1665 intelleetfis,
1682 1629 1723 1663 ita
1735 1629 1842 1663 decre-

1080 1693 1145 1715 tum
1158 1679 1194 1714 fit
1207 1680 1292 1713 ac'tus
1308 1678 1484 1714 voluntatis.
1509 1679 1595 1712 Huic
1602 1677 1842 1714 affertionicon-

1079 1731 1230 1766 tradiciint
1249 1728 1329 1777 pene
1346 1740 1457 1762 omnes
1475 1728 1521 1762 tui
1536 1727 1720 1769 Catholici,
1744 1729 1799 1777 qui
1814 1729 1841 1762 i-

1079 1779 1165 1828 psum
1180 1780 1340 1815 decretum
1357 1778 1467 1814 volunt
1485 1778 1589 1813 aetum
1606 1776 1701 1813 solius
1720 1778 1842 1813 intelle-

1078 1831 1158 1865 c'tfis.
1183 1831 1243 1865 Sed
1254 1829 1317 1864 hoc
1329 1827 1458 1868 omisso,
1474 1827 1529 1876 qui
1539 1827 1675 1863 consistit
1688 1825 1789 1862 secum
1796 1826 1841 1862 se-

1078 1881 1214 1916 cundum
1221 1891 1309 1915 tuum
1316 1876 1570 1913 fundamentum?
1583 1879 1756 1913 Decretum
1764 1890 1839 1925 prae-

1078 1931 1289 1966 destinationis
1309 1929 1351 1964 vis
1364 1927 1623 1976 hypotheticum,
1646 1927 1719 1962 cum
1736 1926 1840 1962 consi-

1079 1982 1198 2015 deratur
1212 1991 1245 2014 ut
1258 1980 1343 2015 εᾶυς
1358 1979 1456 2013 divini
1468 1978 1641 2013 intelle6ffis
1654 2002 1665 2018 ‚
1684 1977 1734 2012 sed
1750 1975 1838 2011 abso-

1077 2032 1175 2065 lutum
1195 2030 1268 2065 cum
1287 2028 1496 2063 consideratur
1514 2039 1548 2062 ut
1561 2028 1646 2062 aetus
1660 2027 1767 2063 divinae
1779 2039 1837 2062 vo-

1075 2081 1207 2115 luntatis.
1233 2082 1286 2113 An
1299 2091 1364 2113 non
1376 2080 1500 2123 jamjam
1515 2076 1670 2111 affirmfisti
1682 2075 1837 2111 omnede-

1075 2142 1193 2165 cretum
1208 2128 1266 2164 effe
1279 2130 1383 2163 aslum
1397 2128 1581 2166 voluntatis,
1597 2128 1638 2161 ita
1652 2137 1684 2159 ut
1695 2124 1835 2158 confide-

1075 2194 1139 2214 rate
1154 2180 1312 2214 decretum
1332 2189 1364 2212 ut
1379 2179 1483 2211 atstum
1504 2175 1595 2210 solius
1614 2173 1787 2208 intelleeffis
1800 2171 1835 2206 sit

1078 2232 1108 2264 id
1121 2229 1312 2263 considerare
1326 2237 1358 2260 ut
1371 2227 1488 2260 nullum
1502 2226 1658 2257 decretum
1668 2247 1677 2262 ‚
1697 2236 1767 2256 cum
1780 2222 1835 2256 de-

1074 2288 1190 2309 cretum
1206 2277 1275 2314 effe,
1290 2279 1393 2309 &non
1407 2272 1465 2306 effe
1475 2274 1580 2305 aetum
1588 2272 1765 2310 voluntatis,
1776 2270 1835 2304 tibi

1074 2324 1130 2357 sint
1149 2323 1355 2370 repugnantia.
1388 2322 1429 2355 Et
1442 2321 1525 2355 certe
1538 2321 1570 2354 in
1585 2321 1683 2367 prima
1696 2322 1749 2354 tufi
1760 2327 1836 2367 pfo-

1075 2372 1227 2420 positione
1236 2371 1347 2405 videris
1359 2368 1457 2404 facere
1471 2369 1588 2404 nullum
1598 2370 1754 2404 decretum
1763 2394 1773 2409 ‚
1787 2368 1835 2404 sed

1075 2420 1194 2456 tantum
1210 2422 1314 2455 aCtum
1332 2420 1425 2454 divini
1441 2419 1615 2454 intelletiffis
1629 2418 1837 2467 praescientem

1073 2471 1218 2505 homines
1238 2471 1269 2504 in
1286 2470 1337 2504 tali
1349 2469 1427 2503 statu
1444 2468 1643 2503 consistentes
1655 2470 1687 2503 in
1703 2482 1768 2517 quo
1783 2466 1837 2502 sal-

1075 2522 1241 2560 vabuntur,
1264 2517 1313 2553 sed
1330 2518 1442 2566 absque
1453 2519 1541 2553 omni
1556 2518 1693 2553 decreto.
1725 2522 1837 2553 Praete-

1075 2571 1124 2605 rea
1141 2571 1185 2605 vis
1199 2568 1508 2617 praedcstinationem‚
1525 2581 1596 2603 cum
1610 2566 1738 2602 refertur
1752 2568 1789 2601 ad
1807 2580 1839 2601 a·

1076 2621 1162 2654 <stum
1171 2620 1279 2654 divinae
1288 2619 1465 2658 voluntatis,
1474 2617 1532 2652 effe
1545 2615 1724 2651 absolutam.
1749 2618 1836 2651 Num

1075 2671 1162 2704 aetus
1175 2669 1287 2702 divinae
1300 2669 1462 2702 voluntatis
1480 2666 1618 2701 formalis
1633 2668 1711 2701 ratio
1724 2666 1768 2700 est
1783 2678 1837 2700 cur

1076 2718 1300 2767 praedestinatio
1317 2716 1352 2751 fit
1364 2715 1499 2751 absoluta
1514 2721 1526 2751 ?
1548 2717 1634 2762 (liaec
1647 2716 1772 2763 quidem
1785 2727 1835 2750 tua

1075 2769 1193 2803 videtur
1207 2767 1265 2802 effe
1280 2769 1389 2813 mens)
1411 2778 1476 2801 tum
1490 2765 1630 2814 sequetur
1642 2764 1834 2812 praedestina-

1074 2820 1193 2852 tionem
1208 2817 1285 2850 hanc
1295 2841 1305 2856 ,
1319 2817 1568 2864 quandocunque
1581 2814 1786 2849 consideratur
1799 2824 1831 2846 ut

1075 2868 1232 2902 decretum
1241 2891 1250 2906 ‚
1269 2866 1356 2913 quod
1369 2867 1426 2899 tibi
1440 2866 1556 2912 semper
1570 2864 1613 2898 est
1628 2864 1711 2897 astus
1724 2862 1833 2897 divinae

1074 2917 1255 2952 voluntatis,
1270 2914 1435 2949 necessario
1444 2914 1561 2961 semper
1575 2912 1632 2946 effe
1646 2912 1832 2951 absolutam;

1056 2960 1058 2982 ⁴¹
1075 2979 1144 2999 nain
1165 2965 1321 2999 decretum
1341 2964 1385 2997 est
1398 2977 1494 3009 genus
1516 2963 1678 2997 eleetionis
1692 2961 1778 3008 quod
1794 2961 1833 2994 ab

1076 3015 1111 3049 ea
1124 3027 1192 3049 non
1203 3013 1304 3061 potest
1319 3002 1449 3065 abstrahi
1464 3038 1473 3052 ,
1500 3025 1596 3060 quum
1609 3024 1676 3058 pars
1689 3011 1723 3044 sit
1736 3009 1834 3044 effen-

1075 3066 1122 3098 tiae
1136 3062 1456 3111 inseparabilis‚hoino
1468 3075 1534 3096 non
1547 3062 1667 3100 animal,
1677 3059 1720 3094 est
1732 3059 1832 3094 hoino

1077 3127 1141 3147 non
1155 3115 1273 3151 homo,
1291 3111 1517 3146 Praedestinatio
1527 3124 1591 3145 non
1604 3110 1774 3148 decretum,
1787 3109 1832 3143 vel

1077 3176 1142 3198 non
1153 3163 1239 3197 ‘aetus
1252 3162 1415 3198 voluntatis
1428 3186 1438 3202 ‚
1464 3160 1507 3196 est
1527 3158 1749 3208 praedestinatio
1768 3170 1832 3191 non

1716 3207 1832 3255 praede-
