2048 3343
463 95 1508 140 rrcnaonotocxc1L12.1.
1662 109 1739 150 269

223 165 344 202 Primo.
369 166 464 201 Nulli
487 167 635 203 auctores
655 170 833 218 quicquam
857 182 931 203 me—

175 226 308 251 morant
317 216 356 250 de
373 217 444 250 ullo
462 215 626 252 eAntiochi
643 219 733 254 bello
748 228 864 253 contra
874 220 930 251 ΑΞ-

169 267 301 313 gyptios
313 289 323 305 ,
341 265 515 315 postquam
525 266 650 314 Popilius
662 270 762 302 Lana
769 279 843 301 eum
855 268 932 300 coe'-

170 317 220 363 git
240 328 278 350 ex
298 317 446 363 AEgypro
471 314 651 355 discedere,
675 327 735 350 nec
751 315 856 349 ullum
874 314 931 362 ipsi

172 365 297 399 bellum
314 363 377 399 fuit
395 365 445 399 vel
464 365 499 398 in
516 364 656 398 Oriente
675 365 726 398 vel
743 365 779 398 in
791 366 929 412 Septen-

170 415 278 449 trione
305 412 404 459 paulo
425 423 502 447 ante
527 410 613 447 suam
642 424 800 450 mortem.
839 413 931 461 Resp.

173 466 261 510 Qae
270 460 363 497 affert
379 462 481 496 Iunin
490 474 530 496 ex
542 465 663 496 Zonm
677 488 684 502 ‚
695 463 788 498 Livio
797 489 808 505 ‚
825 463 908 498 Floro
919 487 928 503 ‚

173 517 208 548 &
221 512 348 551 qufino,
360 511 417 547 etsi
426 524 462 546 ea
474 513 676 546 Annotatores
685 512 862 563 Anglicani‚
871 517 931 547 Po-

173 561 306 602 lliam&
319 560 448 597 aliifide
456 561 536 596 Iunii
550 565 760 611 (quanquam
772 561 929 611 suppresso

173 614 243 656 ejus
260 612 421 654 nomine)
442 611 604 647 verbatim
630 624 796 660 repetant,
819 624 930 647 tamen

173 661 251 695 dum
261 660 434 696 historicos
448 662 523 695 illos
533 663 634 698 volvo
646 665 677 697 δι
686 664 835 703 revolvo,
846 661 929 696 nihil

173 711 336 746 incorum
358 723 531 759 quoquam
550 712 676 758 reperio
693 711 783 759 quod
807 712 845 745 ad
865 723 929 746 no-

173 759 269 795 stram
278 773 346 796 rem
369 762 548 808 quicquam
564 758 642 795 facit
654 786 665 802 ‚
693 760 760 797 haec
769 772 883 796 tamen
895 762 929 796 in

172 811 243 846 aliis
253 810 438 845 auctoribus
445 820 633 845 occurrunt.

219 859 372 895 Cornelius
381 859 498 895 Tacitus
512 859 720 895 historiarum
733 861 854 908 quinto
870 863 884 903 (
896 868 933 894 ut

174 908 260 946 reete
271 912 350 944 citat
359 911 474 944 Grotius
482 911 496 951 )
505 907 616 944 diserte
633 920 738 944 narrat
751 907 932 945 Antiochum

175 956 360 1008 Epiphanem
379 958 450 1006 post
464 958 519 993 sua
541 960 576 994 in
603 963 747 1007 AEgypto
768 964 800 995 &
827 957 932 1007 Judaec‘i

175 1008 260 1045 bella
276 1011 310 1044 in
337 1008 478 1043 Oriente
499 1010 535 1042 &
557 1010 749 1056 Aquilone,
774 1010 930 1043 nimirum

175 1071 252 1094 cum
268 1057 391 1094 Parthis
402 1055 529 1093 bellasse
540 1084 549 1097 ,
566 1061 597 1092 δι
611 1056 689 1092 vero
701 1057 853 1093 Parthico
865 1058 931 1092 hoc

173 1109 264 1145 bello
276 1107 488 1156 impeditum,
498 1104 870 1154 quomintisjudaeorum
881 1107 932 1141 su-

176 1158 400 1206 perstitionem
412 1157 553 1190 omnino
565 1156 694 1190 deleret.
711 1157 793 1191 Non
802 1154 934 1203 poss‘unt

111 1235 114 1237 >
174 1209 243 1243 haec
257 1207 378 1253 exponi
389 1205 428 1239 de
436 1203 544 1238 seriori
555 1205 662 1240 multo
675 1202 820 1240 Antiochi
830 1205 933 1239 Sidetae

174 1267 287 1293 contra
298 1254 404 1289 Persas
412 1253 644 1300 expeditione(
657 1265 754 1302 prout
763 1267 932 1302 perperam

175 1315 336 1341 conantur
342 1315 572 1351 oppugnantes
583 1303 723 1347 eludere)
738 1318 798 1339 nec
809 1305 849 1339 de
861 1305 933 1339 ullo

174 1356 240 1390 alio
260 1350 412 1389 Antiocho
431 1351 562 1400 possunt
580 1354 722 1401 intelligi
741 1353 839 1402 quarn
855 1355 932 1401 Epi—

168 1401 266 1453 phane
281 1428 291 1443 ‚
317 1402 414 1451 idque
441 1414 545 1452 prope
564 1415 706 1438 mortem
720 1403 791 1452 post
801 1403 868 1438 suas
890 1416 929 1437 0-

172 1465 265 1489 mnes
280 1463 393 1488 contra
407 1454 586 1501 AEgyptios
605 1457 637 1488 &
649 1451 781 1498 Judaeos
799 1453 931 1501 expedi-

171 1514 294 1538 tiones.

217 1548 375 1587 Praeterea
394 1549 548 1598 Appianas
562 1551 596 1584 in
616 1550 756 1596 Syriacis
770 1553 785 1593 (
798 1560 834 1585 ut
854 1563 930 1586 cum

177 1601 278 1635 Grotio
289 1597 434 1646 Usherim
444 1598 530 1634 reete
543 1601 640 1640 citat)
650 1598 788 1634 affirmat
798 1597 934 1635 Antiochi

172 1651 346 1686 vidtoriam
365 1659 478 1684 contra
498 1650 661 1686 Artaxiam
673 1650 852 1686 Armenium
864 1652 932 1685 Re—

173 1713 250 1750 gem
263 1700 514 1746 Aquilonarem.

224 1751 378 1797 Denique
388 1748 474 1795 apud
486 1747 695 1792 Hieronymum
709 1749 743 1782 in
759 1748 871 1784 locum
882 1746 929 1784 le·

174 1799 286 1847 gimus
303 1795 489 1846 Porphyrium
500 1798 640 1836 asserere,
653 1794 832 1846 Epiphaneia
843 1804 931 1833 annb

173 1852 232 1883 luo
244 1847 448 1895 penultimo,
461 1849 518 1896 qui
530 1847 584 1881 dui
593 1847 770 1882 antedictas
782 1850 817 1883 in
829 1849 929 1896 AEgy-

172 1908 267 1945 ptum
285 1897 512 1943 expeditiones
535 1895 690 1945 sequutus
709 1896 774 1937 est,
801 1897 933 1933 moviffe

175 1958 289 1981 contra
299 1945 521 1981 Philometorem
531 1959 700 1993 arma‚quae
709 1946 868 1982 divertere
877 1959 933 1982 co·

173 1997 263 2030 afius
282 1995 326 2030 est
344 1998 378 2031 in
390 2008 498 2031 novos
510 1995 618 2030 hostes
640 1998 674 2030 in
688 1996 827 2031 Oriente
838 2000 870 2031 δε
886 2000 933 2030 A-

174 2047 324 2092 quilone.
350 2045 412 2080 Ista
424 2042 567 2093 Porphyrii
579 2058 648 2080 non
665 2046 770 2090 rejicit
782 2046 932 2090 Hierony-

175 2108 256 2131 mus,
280 2096 357 2130 licet
371 2097 405 2130 in
421 2096 492 2130 aliis
511 2096 622 2130 multis
644 2094 692 2130 ibi
708 2093 805 2131 illum
817 2093 936 2132 merito

173 2143 397 2192 reprehendat.
726 2173 730 2176 .

223 2194 400 2241 Objiciunt
409 2190 567 2228 secundo.
587 2193 660 2229 Rex
672 2193 781 2230 Austri
793 2193 867 2229 vers
877 2207 935 2242 40.

178 2255 337 2290 provocat
348 2245 475 2292 Regem
485 2243 661 2290 Aquilonis
673 2255 709 2278 ut
721 2244 822 2278 turbo
834 2244 938 2279 trans-

181 2295 280 2327 currit
290 2304 395 2327 totam
417 2293 588 2340 regionem
608 2292 814 2328 Australem:
833 2295 937 2341 Atqui

180 2342 258 2376 vero
270 2353 438 2387 nunquam
458 2343 651 2388 provocavit
666 2340 851 2389 Epiphanem
862 2342 936 2377 Phi-

180 2389 312 2431 lometor,
322 2393 355 2423 δε
367 2389 537 2437 postquam
548 2388 700 2433 juffiffent
710 2391 857 2424 Romani
866 2394 938 2425 An-

181 2435 310 2473 tiochum
326 2438 484 2472 abstinere
503 2441 649 2486 AEgypto
663 2462 672 2476 ,
698 2452 866 2488 nunquam
884 2442 940 2476 ille

182 2487 274 2524 ausus
283 2487 327 2522 est
336 2490 516 2536 AEgyptum
527 2487 760 2527 invadere,nec
771 2490 836 2524 tale
847 2492 938 2533 quic-

182 2551 280 2586 quam
297 2538 383 2572 ullus
402 2536 580 2583 priscorum
602 2537 832 2573 historicorum
851 2540 889 2573 de
901 2552 940 2573 eo

183 2598 355 2622 memorat.
391 2586 485 2633 Resp.
517 2590 611 2622 Parca
637 2587 728 2622 valde
747 2587 791 2622 est
811 2587 942 2623 historia

183 2636 320 2671 istorum
340 2636 523 2671 seculorum
550 2638 584 2671 in
609 2636 705 2671 rebus
733 2638 881 2672 Orientis
908 2643 940 2673 &

181 2686 314 2721 Austri:
342 2689 415 2719 lmo
428 2685 504 2720 vero
516 2686 610 2733 ipsius
622 2687 782 2722 Romanae
802 2691 834 2722 &
847 2688 942 2722 Grae·

184 2748 228 2771 cae
242 2735 379 2770 historiae
396 2733 503 2769 fontes
515 2760 524 2775 ,
543 2735 673 2778 Polybius
684 2761 693 2777 ‚
708 2737 816 2771 Livius
828 2761 838 2777 ‚
857 2738 941 2772 Dio-

185 2787 270 2831 nysius
288 2784 520 2832 Halicarnaffaeus
533 2784 610 2830 pene
621 2788 684 2819 toti
695 2786 943 2826 interciderunt,

186 2833 315 2881 Iosephus
333 2836 431 2869 etiam
452 2839 483 2868 &
507 2832 666 2868 Maccabei
685 2834 724 2868 de
750 2836 886 2880 Syriacis
908 2839 942 2869 &

189 2885 385 2931 AEgyptiacis
404 2882 590 2931 pauciffima
610 2883 757 2918 delibant
778 2908 787 2920 ,
813 2887 845 2918 &
866 2882 944 2918 vero

190 2932 288 2980 paulo
309 2935 527 2981 antiquiores,
545 2935 601 2982 qui
618 2935 652 2968 in
673 2935 730 2969 illo
749 2933 816 2980 ipso
836 2932 944 2968 seculo

191 2994 312 3028 magno
332 2995 467 3017 numero
480 2983 667 3030 scriplerunt
683 3010 693 3023 ‚
718 2982 861 3017 omnino
880 2985 944 3018 toti

193 3030 345 3077 deperditi
358 3031 442 3065 sunt.
469 3033 575 3076 Quod
586 3033 607 3068 si
618 3046 730 3068 eorum
741 3046 818 3080 quas
829 3045 865 3067 ex
877 3037 946 3067 Por-

187 3078 439 3128 phyrio,Appiano,
448 3086 478 3114 δι
490 3083 780 3124 Tacito,citavimus
791 3085 947 3117 narratio·

172 3133 173 3136 ’
194 3143 250 3164 nes
263 3140 405 3163 extarent
417 3154 426 3167 ,
446 3142 478 3163 in
495 3133 670 3177 propatulo
688 3131 944 3179 effentquaejarn

192 3179 306 3216 latent.
332 3177 430 3213 Certe
445 3176 610 3226 Epiphanes
618 3181 743 3218 interna
762 3183 944 3218 calamitate

981 168 1116 204 edoctus
1127 167 1249 217 semper
1261 170 1318 205 fibi
1335 170 1351 207 ὲ
1367 173 1532 209 Romanis
1548 174 1646 210 valde*
1665 189 1737 212 me-

982 219 1113 256 tuebat,
1132 232 1201 254 non
1211 218 1361 255 obstante
1370 234 1478 258 tamen
1490 224 1554 259 hoc
1567 236 1670 263 metu,
1680 239 1738 262 au-

982 266 1032 302 sus
1043 268 1088 303 est
1108 271 1202 304 variis
1220 270 1425 316 praetextibus
1441 285 1511 308 non
1530 272 1624 309 semel
1636 278 1740 324 AEgv-

982 327 1075 361 ptum
1091 319 1256 354 invadere.
1288 319 1450 365 Equidem
1473 323 1544 368 post
1564 317 1736 360 secundam

982 364 1069 399 suam
1082 369 1324 415 expeditionem
1339 394 1348 409 ,
1373 369 1388 403 :i
1405 367 1599 418 qufilegatus
1610 373 1736 408 Roma-

981 426 1041 449 nus
1053 427 1127 450 eum
1140 419 1270 451 retraxit
1283 442 1291 457 ‚
1308 430 1394 454 nova
1405 417 1540 453 fratrum
1562 421 1735 461 discordia,

979 464 1041 512 quii
1060 462 1183 512 Physion
1194 479 1232 500 ex
1245 469 1390 514 AEgypto
1404 467 1518 516 fugere
1527 472 1658 505 coaetus
1671 472 1716 507 est
1727 499 1737 513 ‚

981 518 1012 548 &
1023 514 1153 550 tandem
1173 516 1290 550 Romae
1302 518 1341 550 ad
1357 530 1456 564 opem
1476 529 1591 553 contra
1602 517 1738 556 fratrem

982 560 1176 599 Philometora
1190 564 1408 614 flagitandum
1430 567 1458 603 se
1477 567 1582 604 sistere
1600 595 1610 609 ,
1636 569 1736 604 latam

982 611 1134 648 Antiocho
1146 626 1273 662 portam
1287 616 1425 662 pandere
1437 616 1499 652 visa
1510 617 1623 665 est‚per
1636 631 1738 667 quam

983 664 1142 698 Romanis
1160 677 1229 699 non
1249 665 1396 710 ingratiis
1413 667 1501 715 quafi
1511 665 1648 715 Ph2fioni
1664 671 1739 716 opi-

984 713 1142 749 tulaturus
1155 737 1166 756 ,
1201 715 1235 749 in
1259 712 1481 763 Philometorem
1514 719 1613 752 tertio
1635 719 1739 752 irrue-

985 773 1048 797 ret.

1035 811 1150 846 Tertia
1159 810 1317 858 objeftio.
1345 817 1435 849 Ante
1449 816 1574 851 versum
1587 817 1638 858 36.
1660 814 1741 850 clara

984 861 1030 896 est
1046 858 1203 908 Epiphania
1220 861 1370 904 historia,
1391 865 1481 914 Ergo
1500 867 1534 900 in
1553 865 1741 913 posteriori-

987 911 1048 945 bus
1067 912 1107 944 de
1128 911 1192 943 alio
1213 913 1319 957 agitur
1333 910 1431 957 quam
1456 914 1619 963 Epiphane.
1644 914 1741 962 Resp.

985 961 1017 994 Si
1038 971 1113 993 cum
1137 958 1260 1005 Jesuita
1287 963 1404 995 Sane'lio
1422 963 1569 998 dicamus
1595 976 1742 1010 repetere

984 1008 1177 1056 Prophetam
1190 1037 1197 1048 ,
1220 1020 1255 1043 ut
1273 1009 1390 1046 claritis
1403 1024 1528 1046 enarret
1553 1026 1623 1058 quae
1648 1012 1741 1060 supra

986 1057 1112 1094 brevius
1122 1058 1278 1102 tradidit(
1291 1072 1387 1109 prout
1397 1062 1498 1095 Sacris
1509 1063 1681 1109 Scripturis
1693 1062 1739 1095 sa.

984 1110 1025 1143 tis
1042 1108 1087 1142 est
1100 1107 1281 1152 familiare)
1304 1109 1496 1158 effugiemus
1516 1112 1638 1157 priores
1654 1109 1742 1144 diffi-

986 1158 1120 1192 cultates
1133 1158 1273 1193 detettiz'l
1282 1158 1440 1208 Epiphanio
1452 1161 1484 1194 in
1499 1163 1675 1208 AEgyptum
1687 1174 1744 1195 ex-

985 1206 1152 1254 peditione
1164 1234 1172 1246 ,
1199 1208 1268 1254 post
1282 1209 1454 1244 secundam
1466 1206 1483 1243 ἓι
1494 1212 1556 1256 quii
1568 1211 1745 1245 Romano-

985 1269 1058 1291 rum
1069 1258 1261 1292 auctoritate
1271 1257 1414 1306 repulsus
1425 1259 1480 1294 est.
1494 1260 1556 1294 Sed
1567 1260 1632 1294 hoc
1643 1258 1745 1294 ornis-

984 1308 1019 1340 so
1031 1318 1186 1354 negamus
1196 1318 1270 1341 ante
1282 1309 1359 1343 vers.
1376 1314 1431 1356 36.
1444 1308 1572 1343 finitam
1587 1308 1743 1357 Epiphanis

985 1355 1152 1390 historiam
1163 1381 1174 1397 ‚
1195 1368 1271 1391 nam
1283 1358 1368 1393 nihil
1381 1359 1419 1392 de
1430 1359 1523 1393 variis
1535 1362 1605 1405 ejus
1617 1358 1745 1393 actibus

985 1406 1079 1440 annis
1089 1405 1151 1441 suis
1166 1407 1292 1441 ultimis
1305 1434 1314 1447 ,
1339 1409 1487 1455 inprimis
1498 1408 1537 1442 de
1554 1406 1745 1455 gloriosissi-

985 1455 1038 1489 ma
1049 1457 1113 1490 Dei
1123 1457 1154 1491 in
1167 1456 1272 1503 ipsum
1285 1456 1424 1493 vindicta
1437 1483 1448 1498 ,
1461 1457 1507 1491 ob
1519 1459 1698 1492 immanem
1712 1459 1746 1492 in

984 1504 1127 1540 Israelem
1147 1506 1375 1546 crudelitatem
1394 1507 1542 1541 auditum
1563 1507 1606 1540 est
1618 1518 1692 1542 ante
1705 1509 1747 1541 il-

984 1553 1198 1590 lumrlocum:
1226 1555 1294 1591 haec
1314 1555 1443 1591 tacuisse
1457 1552 1567 1590 fuiffet
1580 1557 1646 1589 Dei
1668 1558 1746 1603 glo-

983 1605 1063 1639 riam
1082 1606 1267 1653 populique
1282 1604 1435 1642 solatium
1458 1602 1638 1653 plurimum
1654 1604 1745 1640 offu-

982 1652 1085 1690 sciisse.

1030 1702 1205 1748 Objiciunt
1217 1702 1350 1752 quarto.
1375 1705 1448 1739 Rex
1465 1703 1505 1739 de
1526 1716 1595 1752 quo
1607 1703 1744 1746 Daniel,

982 1754 1097 1788 omnia
1106 1753 1222 1801 agebat
1235 1767 1294 1802 pro
1306 1754 1360 1789 sufi
1371 1754 1509 1789 libidine
1522 1778 1531 1794 ,
1553 1766 1644 1788 more
1655 1753 1743 1788 scili·

983 1813 1036 1837 cet
1050 1801 1171 1836 summi
1182 1805 1398 1850 ImperatoriS,
1416 1817 1484 1839 non
1496 1804 1642 1849 tyranni:
1667 1802 1744 1850 Epi-

978 1850 1088 1899 phanes
1102 1862 1209 1886 autem
1221 1865 1435 1902 praeterquam
1451 1851 1541 1901 quod
1553 1852 1745 1888 immaniff-

984 1913 1057 1936 mus
1071 1912 1226 1947 tyrannus
1245 1902 1363 1943 fuerit,
1383 1905 1588 1949 plurimapro
1599 1902 1747 1937 sualibi-

985 1953 1058 1986 dine
1070 1952 1118 1987 vel
1131 1952 1164 1985 in
1176 1951 1241 1999 ipsa'i
1258 1951 1363 2000 Judaess
1381 1952 1399 1986 :i
1420 1951 1586 1987 Mecabaeo
1604 1952 1746 1998 impedi-

985 2012 1036 2035 tus
1047 2013 1116 2035 non
1130 2002 1233 2035 valuit
1251 2001 1405 2048 praestare.
1430 2000 1528 2047 Resp.
1557 2002 1672 2046 Agunt
1684 2012 1744 2046 pro

985 2048 1184 2085 sualibidine
1194 2062 1261 2085 non
1275 2048 1386 2084 mimis
1404 2051 1531 2095 tyranni
1551 2048 1647 2096 quam
1662 2048 1745 2094 Justi

986 2103 1213 2146 Imperatores,
1226 2097 1298 2133 imo
1307 2100 1411 2146 magis
1423 2099 1469 2133 illi
1478 2097 1575 2146 quam
1589 2097 1634 2138 hi,
1645 2099 1748 2133 nimi-

987 2162 1059 2184 rum
1070 2151 1171 2198 magis
1181 2148 1234 2183 sua
1246 2149 1384 2184 libidine
1397 2148 1439 2183 ab
1448 2150 1540 2183 omni
1550 2149 1661 2195 legum
1674 2149 1750 2182 vin-

989 2200 1067 2234 culo
1080 2199 1190 2234 soluti.
1216 2199 1346 2233 Deinde
1362 2200 1396 2233 in
1411 2195 1564 2233 Antiocho
1585 2196 1749 2244 distingue

987 2249 1080 2282 locos
1093 2252 1123 2281 &
1135 2259 1298 2295 tempora.
1325 2251 1361 2281 In
1377 2251 1524 2296 AEgypto
1540 2246 1751 2295 praesentibus

989 2298 1150 2332 Romanis
1164 2296 1246 2331 nihil
1265 2310 1325 2345 pro
1344 2296 1395 2331 sua
1408 2297 1544 2332 libidine
1560 2295 1726 2344 praestabat
1737 2320 1749 2335 ‚

989 2346 1041 2381 sed
1060 2348 1094 2381 in
1113 2345 1201 2394 Syria
1215 2350 1247 2381 ὃ(
1268 2345 1375 2393 ]ιιάκᾶ
1390 2346 1662 2381 absolutiffimum
1682 2344 1748 2377 do-

992 2397 1120 2430 minum
1150 2399 1185 2430 &
1208 2407 1380 2440 tyrannum
1406 2395 1524 2442 agebat
1550 2393 1588 2427 ad
1615 2391 1751 2438 aliquod

991 2456 1120 2493 tempus
1134 2458 1142 2479 :
1172 2458 1240 2480 non
1251 2455 1357 2479 autem
1373 2445 1523 2492 loquitur
1533 2440 1695 2488 Propheta
1706 2441 1747 2475 de

991 2496 1084 2529 omni
1096 2501 1245 2541 tempore
1255 2519 1265 2535 ‚
1282 2507 1340 2529 nec
1352 2493 1391 2527 de
1402 2506 1440 2526 eo
1453 2506 1529 2526 cum
1545 2508 1570 2524 a
1579 2487 1687 2524 ntiochi
1699 2489 1751 2525 fu-

992 2544 1094 2577 rentis
1110 2542 1208 2577 rabiei
1230 2542 1303 2576 Iudae
1316 2540 1476 2577 Maccahaei
1485 2539 1648 2576 fortitudo
1659 2538 1750 2575 fibu-

992 2595 1057 2627 lam
1068 2589 1277 2638 imposuiss‘et.

1041 2642 1186 2682 Quinto.
1213 2642 1342 2675 Locum
1355 2639 1445 2674 hunc
1465 2637 1601 2673 Danielis
1611 2639 1751 2686 applicat

996 2690 1101 2724 Paulus
1125 2704 1141 2725 2
1153 2687 1264 2724 Thess.
1282 2701 1310 2723 z.
1321 2688 1398 2724 vers.
1408 2701 1442 2735 4.
1464 2688 1501 2722 ad
1513 2684 1722 2726 Antichrisr’um
1735 2714 1745 2729 ‚

997 2740 1241 2789 Ergoloquitur
1259 2737 1377 2773 ‘Daniel
1392 2739 1432 2772 de
1451 2735 1648 2785 Antichristo,
1677 2751 1747 2773 non

996 2790 1034 2825 de
1050 2786 1209 2824 Antiocho.
1235 2788 1333 2835 Resp.
1370 2787 1470 2822 Nulla
1485 2787 1527 2821 est
1548 2786 1749 2835 consequen-

995 2841 1041 2873 tia
1051 2863 1059 2876 ‚
1076 2839 1223 2886 loquitur
1232 2840 1320 2873 enim
1332 2837 1494 2884 Propheta
1506 2837 1544 2870 de
1557 2835 1725 2871 eAntiocho
1736 2862 1748 2878 ‚

996 2887 1051 2922 etsi
1063 2900 1132 2935 quae
1143 2888 1182 2921 de
1189 2887 1338 2922 Antiocho
1349 2888 1444 2922 habet
1455 2885 1568 2920 Daniel
1577 2912 1586 2925 ‚
1606 2886 1748 2934 applicet

998 2936 1102 2971 Paulm
1113 2937 1152 2972 ad
1164 2934 1389 2983 Antichrtstum.
1417 2935 1520 2979 Qubd
1534 2934 1583 2969 hic
1598 2947 1748 2984 regerunt

997 2984 1218 3022 Antichriflum
1237 3000 1304 3021 non
1316 2986 1374 3021 effe
1388 2989 1571 3032 antitypum
1585 2985 1752 3024 Antiochi,

997 3039 1070 3084 quia
1082 3038 1232 3070 omnium
1255 3048 1407 3083 typorum
1426 3038 1593 3082 antitypus
1608 3035 1652 3070 est
1670 3035 1755 3070 {olus

998 3083 1158 3124 chrissus,
1180 3084 1273 3132 suprzl
1293 3085 1435 3119 diximus
1462 3096 1586 3119 novam
1615 3085 1696 3120 hanc
1716 3084 1755 3120 de

1001 3136 1085 3181 typis
1111 3134 1293 3168 doctrinam
1321 3134 1380 3169 cfle
1401 3133 1613 3182 paradoxam,
1640 3145 1756 3169 contra

1000 3196 1116 3219 omnes
1134 3184 1201 3221 loci
1213 3187 1408 3232 Interpreres
1423 3209 1432 3225 ,
1449 3195 1514 3219 tam
1527 3185 1682 3232 antiquos
1696 3187 1756 3217 Pa-

1384 3235 1429 3269 Ll
1459 3246 1473 3280 3
1689 3241 1753 3264 tres
