2048 3343
132 364 194 390 [Voti
200 362 243 390 „A”
241 370 253 386 r
258 375 268 380 -

132 410 244 430 taxerxcs

132 444 174 471 ,Ilus
172 453 255 469 nemon
257 462 265 473 ,

128 491 157 510 ut
165 483 217 509 vult

129 527 152 550 S
153 534 177 551 ca
181 525 190 550 l
192 534 246 562 ager.

123 1077 186 1110 Ergo
194 1081 241 1099 non

120 1116 243 1153 relinque-

122 1163 162 1184 tur
172 1158 235 1181 alim

122 1195 197 1236 quam

123 1239 255 1275 Longima·

121 1290 178 1309 nus.

118 1625 220 1666 Qaestio

115 1667 145 1695 de
148 1670 220 1705 septi—

117 1720 196 1736 manu

116 1752 236 1779 ‚Danielis

114 1793 148 1826 est
156 1791 253 1830 nabilis-

109 1833 252 1869 fimafimul

115 1882 150 1903 <9⁴
161 1874 228 1911 dtffi-

113 1916 210 1946 cilliam.

111 2514 247 2541 Silentium

110 2553 223 2588 modestia

111 2598 140 2622 Er
146 2594 215 2630 tltfiae

109 2637 202 2662 inutilis
213 2644 246 2665 (7

110 2677 218 2713 ingrata.

297 81 369 116 162
631 70 961 107 OPERIS

288 159 356 181 xem
368 157 444 179 cum
457 139 661 189 Artashaffd,
687 145 719 177 δε
735 142 840 188 Artas
837 139 951 175 hastam
969 152 1044 174 cum

291 191 464 240 cAhasuero
476 218 486 233 ,
506 197 537 226 &
557 189 740 239 Ahafiaerum
763 203 838 225 cum
854 197 950 226 Xerxe
962 203 1043 225 con-

290 243 406 278 fundas
419 268 428 282 ,
453 242 504 277 sed
514 253 638 290 quanto
649 255 724 277 cum
738 253 847 275 errore
861 238 949 287 supra
960 239 1045 274 dixi-

292 306 374 328 mus.

342 344 470 378 Contra
478 339 650 376 secundam
661 338 819 386 sulpitii&
829 337 968 388 Scalzgeri
977 352 1043 373 non

294 392 364 426 aliis
377 405 457 439 opus
465 391 507 426 est
519 390 720 439 argumentis
730 415 740 429 ,
761 387 858 436 quam
871 389 989 435 quibus
1000 387 1045 422 usi

293 441 402 477 sumus
422 453 537 476 contra
563 441 648 487 prius
673 438 851 474 eorundem
873 439 1023 485 placitum
1037 461 1047 476 ,

293 492 466 539 quaestione
478 491 633 538 superiori
645 489 684 524 de
704 489 797 523 Dario
810 485 913 522 Natho
927 486 1043 532 templi

290 541 545 580 exaedificato're3
572 539 635 573 hoc
646 540 732 573 enim
747 537 905 583 praesentis
915 534 1036 568 senten-

289 591 340 624 tiae
360 590 613 626 fundamentum
641 588 684 622 est
702 601 710 620 z
738 587 928 631 supponunt
953 585 1039 618 enirn

288 640 393 686 (quod
406 644 440 675 δέ
451 639 670 675 noslubenter
681 635 892 669 concedimus
905 635 920 676 )
938 637 1036 668 Arta-

276 688 410 725 ¹xerxem
421 703 494 725 eum
509 690 564 736 qui
582 686 704 732 Esdram
722 688 754 717 &
767 680 944 717 Nehemiam
954 683 1038 717 misit

285 740 564 784 Hierosolymam,
578 732 750 782 sequutum
762 730 853 766 fuisse
867 733 994 766 Darium
1013 734 1035 766 i-

283 788 367 823 stum
387 790 444 835 qui
462 787 602 821 edietum
623 783 662 817 de
682 783 809 830 templo
839 780 1039 828 perficiendo

283 838 454 871 condidit:
482 839 513 869 &
527 833 711 868 concedunt
722 844 806 878 opus
820 844 887 866 non
898 827 958 864 esse
971 827 1039 863 aliis

282 886 484 934 argumentis
503 884 541 918 ad
562 882 757 918 sententiam
780 880 867 915 suam
890 892 1034 915 everten-

282 936 355 969 dam
369 960 378 976 ‚
389 938 420 969 δε
431 935 559 969 tertiam
571 957 578 970 ‚
594 945 665 978 quae
678 930 786 964 nostra
798 930 840 964 est
851 955 859 970 ,
888 929 1035 963 statumi-

282 984 422 1019 nandam
437 1009 447 1024 ,
475 995 575 1030 quam
588 994 658 1029 quae
681 978 821 1026 probant
837 980 960 1013 Darium
973 982 1048 1023 Hyr

270 1034 369 1082 stasfis
382 1045 450 1068 non
469 1032 600 1067 Darium
617 1027 910 1065 Nothum'edietum
924 1031 1033 1062 nomi-

283 1095 394 1117 natum
412 1080 599 1116 condidisse.
624 1079 709 1113 Illud
732 1074 841 1112 autern
864 1091 924 1112 nos
949 1091 1035 1125 quae-

284 1133 387 1168 stione
406 1133 567 1180 superiore
578 1131 703 1177 egimus
713 1127 839 1175 prolixe
848 1125 921 1162 crim
935 1129 1034 1162 ratio-

281 1182 376 1217 nibus
389 1193 459 1216 tum
470 1179 717 1215 auctoritatibus
730 1204 739 1218 ‚
753 1177 896 1213 Crambe
909 1177 958 1211 bis
972 1190 1032 1224 po-

282 1232 336 1266 sita
349 1244 439 1266 mors
450 1231 512 1265 est:
530 1232 640 1277 Itaque
649 1241 689 1263 ne
699 1229 806 1262 ᾶᾶυιῃ
816 1239 948 1275 agamus
960 1240 1031 1274 pro-

282 1281 429 1316 cedimus
439 1280 477 1314 ad
489 1280 560 1314 alia.

461 1368 765 1407 QuAEs-rto
807 1367 838 1393 x.

279 1445 354 1480 eAn
367 1442 556 1493 Septuaginta
573 1439 753 1475 hebdomada
764 1439 911 1474 Danielis
921 1450 1030 1487 tempus

301 1493 420 1541 aliquod
433 1504 542 1526 tertam
556 1499 591 1525 U
607 1491 758 1535 dafinitnm
769 1513 778 1526 ,
791 1503 826 1522 an
838 1487 905 1522 ver&
914 1489 1005 1524 incer-

410 1552 472 1575 tum
485 1540 523 1575 (ῥ’
532 1539 714 1584 indefinitum
723 1541 899 1586 importent?

348 1619 419 1668 Esp.
453 1623 488 1654 In
507 1632 581 1655 toto
611 1620 851 1667 Chronologiae
877 1630 1029 1667 tempore

348 1670 483 1718 quaestio
495 1670 582 1705 nulla
598 1671 641 1705 est
653 1672 702 1704 vel
718 1669 865 1704 nobilior
877 1671 928 1704 vel
941 1667 1027 1702 diffi-

277 1720 386 1757 cilior,
403 1720 499 1768 quam
510 1733 580 1770 quae
593 1720 631 1754 de
641 1717 1028 1766 septuagintahcbdoma-

276 1769 322 1802 dis
347 1769 486 1804 Danielis
509 1772 549 1806 ab
569 1769 724 1804 omnibus
746 1770 965 1816 pertraRatur.
993 1771 1027 1801 In

275 1817 338 1852 hoc
358 1818 402 1852 est
416 1823 483 1863 ejus
504 1820 658 1854 nobilitas
671 1845 681 1861 ‚
709 1818 799 1867 quod
818 1819 901 1851 circa
921 1816 1030 1851 multo

275 1867 514 1902 illustrissimam
529 1869 570 1903 de
581 1870 693 1912 Messi'ae
704 1879 808 1902 morte
819 1892 828 1908 ‚
848 1871 882 1901 &
895 1869 962 1910 ejus
971 1880 1027 1901 va·

273 1918 323 1952 rio
346 1917 453 1952 frurfiht
475 1918 680 1965 Prophetiam
698 1915 851 1951 versetur.
878 1915 1029 1950 Difficul-

273 1978 320 2000 tas
332 1967 411 2000 inde
423 1979 553 2014 apparet
563 1992 572 2007 ,
585 1967 674 2014 quod
685 1969 758 2000 licet
771 1969 804 2001 in
815 1968 925 2000 multis
939 1968 1028 2002 valde

271 2018 353 2049 inter
363 2013 393 2050 se
407 2016 618 2064 Chronologi
629 2029 744 2050 omnes
753 2017 947 2051 dissentiant,
958 2018 1028 2050 nul-

270 2064 329 2099 libi
350 2076 460 2100 tamcn
479 2066 577 2114 quam
599 2069 632 2100 in
648 2066 744 2100 hacce
756 2065 890 2100 mareri-3
912 2078 1026 2100 eorum

270 2114 476 2160 discrepantia
486 2118 588 2163 magis
597 2117 757 2149 emineat:
777 2119 808 2149 δὲ
823 2115 899 2149 vcro
912 2128 1028 2150 omnes

271 2162 311 2196 de
332 2162 451 2210 magui
471 2162 521 2197 liic
539 2164 736 2197 obscuritate
757 2166 976 2210 quiritantur:
1005 2166 1027 2200 si

271 2224 393 2258 paucos
405 2213 543 2259 excipias
554 2239 561 2250 ‚
576 2213 680 2258 quide
693 2211 847 2245 facilitate
859 2214 963 2246 nodos
976 2212 1025 2246 hic

270 2273 388 2294 omncs
401 2261 590 2308 expediendi
606 2259 622 2294 a
641 2260 670 2294 se
681 2258 812 2293 inventa
824 2261 1003 2306 gloriantur
1014 2285 1024 2300 ,

268 2307 321 2343 sed
334 2310 485 2344 incassum
503 2309 588 2345 certe
607 2309 649 2344 est
660 2309 727 2343 haec
745 2310 900 2356 gloriatio
915 2322 923 2348 ;
949 2322 1024 2343 nam

267 2360 300 2392 in
316 2359 451 2393 istorum
468 2360 538 2399 via,
559 2372 657 2406 quam
675 2369 742 2392 tam
762 2357 887 2392 facilem
901 2362 932 2392 &
945 2371 1022 2406 pro—

269 2408 386 2442 clivem
399 2410 516 2444 volunt
531 2433 540 2445 ‚
561 2407 719 2443 scabrosas
739 2406 820 2442 adeo
831 2407 1022 2442 salebrasin-

267 2458 414 2492 venimus
434 2484 443 2498 ‚
477 2471 575 2506 quam
597 2461 630 2492 in
656 2459 795 2492 aliorum
820 2471 1021 2504 quacunque.

269 2507 369 2541 Certe
391 2510 614 2557 ρΑῑιέιιξῗὶηιις,
640 2517 676 2540 ut
690 2520 728 2541 ex
746 2506 879 2553 epistolfi
899 2509 955 2541 80.
981 2508 1020 2542 ad

268 2555 440 2602 Hefirchium
452 2556 557 2591 videre
566 2557 609 2591 est
620 2581 630 2596 ‚
649 2557 748 2590 nullis
761 2568 903 2604 unquam
918 2559 1019 2604 preci-

268 2605 327 2640 bus
349 2605 366 2639 a
386 2619 554 2654 quoquam
570 2606 750 2653 persuaderi
768 2605 825 2639 sibi
840 2605 940 2651 passus
958 2607 1018 2647 esi,

269 2655 591 2690 utliebdomadarum
606 2655 735 2688 istarum
751 2655 975 2688 tractationem
988 2657 1019 2689 in

269 2717 382 2739 manus
392 2706 536 2739 sumeret.
563 2707 755 2745 Hieronymus
770 2702 824 2736 suo
837 2702 875 2735 ad
896 2715 930 2745 9.
952 2706 1020 2737 Da-

268 2754 347 2787 melis
356 2755 597 2789 commentario
610 2754 748 2787 aliorum
760 2750 933 2786 sententias
944 2766 1019 2799 pro-

264 2804 368 2837 lixe&
382 2804 529 2838 accurate
541 2803 682 2838 recenset
698 2826 708 2841 ‚
723 2801 773 2835 sed
786 2799 1018 2836 suurnsensum

264 2854 407 2887 omnino
425 2854 566 2887 declinat
581 2865 769 2899 expromere
782 2877 789 2888 ‚
807 2850 957 2899 suamque
971 2863 1019 2886 ct-

259 2904 325 2945 jam
339 2902 377 2934 de
389 2904 525 2936 alioruin
540 2902 708 2937 sententiis
720 2900 894 2935 censuram.
925 2909 1017 2936 «Λη-

262 2960 399 2984 notatorcs
417 2952 581 3000 Anglicani
592 2954 625 2986 in
646 2950 815 2998 posteriori
826 2952 1016 2997 inprimise-

263 2998 390 3032 ditione
403 2998 574 3045 Hseibnymi
584 3002 748 3035 tramitem
763 3000 919 3034 insistunt:
933 3002 1015 3035 alio·

263 3059 334 3081 rum
348 3050 482 3083 recitant
494 3053 611 3096 placita
624 3051 755 3092 ‚leftori
767 3052 799 3084 in
814 3051 966 3098 eligendo
979 3053 1016 3085 li-

264 3095 378 3129 berum
395 3104 618 3142 permittentes
630 3099 812 3135 arbitrium,
824 3099 873 3134 sed
885 3102 1011 3135 suarum

265 3146 429 3181 mentium
441 3146 523 3180 lenia
534 3151 749 3184 occultantJn
758 3149 817 3185 hac
827 3148 878 3185 seu
889 3149 1014 3186 indiffe-

1016 69 1502 117 ‘H1s'ro1t1c1

1103 140 1223 183 rentiz‘i,
1242 141 1295 177 seu
1305 141 1531 183 dubitatione,
1553 142 1607 179 seu
1626 143 1789 189 ddioeooglqr
1804 143 1856 178 seu

1101 191 1210 237 α’πορὶᾳ
1226 194 1450 228 Annotatores
1467 193 1677 228 Genevcnses
1700 195 1733 227 in
1750 194 1856 228 Biblia

1102 241 1232 276 Gallica
1244 244 1380 285 (citante
1392 242 1556 285 Reinoldo)
1569 243 1780 289 antecessores
1792 243 1855 277 ha-

1102 290 1192 325 bont.

1150 342 1324 375 Silentium
1342 340 1444 375 hocce
1455 365 1465 380 ,
1483 339 1500 374 ὲ
1511 338 1598 374 ηυῙΙέ
1611 366 1619 379 ,
1642 340 1828 375 necinvidifi
1839 366 1852 382 ‚

1100 402 1161 423 nec
1180 390 1395 437 negligentia,
1416 390 1465 424 sed
1485 390 1570 424 mera
1585 388 1742 423 modestia
1759 393 1852 424 &er-

1098 435 1190 472 randi
1210 442 1328 473 timore
1347 438 1530 487 profefftum
1547 464 1556 479 ‚
1579 438 1762 485 improbare
1781 450 1853 473 non

1097 489 1276 522 audemus:
1303 501 1454 535 putamus
1470 500 1579 522 tamen
1600 490 1719 532 plusiis
1738 489 1854 523 Eccle-

1099 535 1172 570 siam
1200 537 1314 571 debere
1340 540 1398 587 qui
1434 539 1502 571 aliis
1528 535 1722 584 proficiendi
1744 537 1851 573 studio

1098 584 1166 621 suas
1178 611 1187 626 ,
1207 584 1262 621 ctfi
1277 598 1417 622 errantes
1432 586 1601 620 sententias
1612 610 1620 622 ‚
1639 584 1781 633 ingenue
1793 600 1851 622 ex-

1097 648 1237 682 ponunt,
1250 635 1347 684 quam
1359 638 1428 671 aliis
1438 637 1495 684 qui
1505 635 1630 669 errandi
1643 646 1733 669 metu
1744 634 1851 677 silent,

1093 690 1124 719 δέ
1147 685 1321 721 hominum
1342 687 1458 733 vulgus
1476 687 1510 719 in
1532 681 1715 732 procelloso
1734 686 1851 734 pelago

1091 736 1199 777 jactari
1217 736 1345 770 sinunt:
1373 748 1446 770 cum
1461 747 1574 769 eorum
1595 732 1690 768 multi
1703 733 1852 771 variatus

1092 783 1239 818 dodtrinfi
1251 789 1281 819 ὃ(
1295 786 1419 832 ingenii
1431 784 1589 819 soliditate
1601 785 1714 825 (etiam
1728 785 1848 820 cumin

1093 832 1230 866 tenebris
1250 834 1364 867 versari
1376 834 1436 868 fibi
1454 834 1625 876 videntur)
1651 834 1757 867 multo
1772 835 1847 879 plus

1091 882 1172 915 lucis
1187 885 1218 915 ἃ·
1231 881 1399 915 solaminis
1412 905 1421 920 ,
1439 880 1495 915 suo
1512 884 1733 929 qualicunque
1746 883 1847 919 ductu

1091 935 1122 965 &
1133 932 1179 965 vel
1193 933 1369 965 conamine
1386 929 1598 978 sequentibus
1611 933 1726 977 procul
1739 933 1844 967 dubio

1091 981 1288 1026 praeberent‚
1304 985 1331 1014 δι’
1347 981 1385 1015 de
1396 981 1532 1015 literatis
1545 978 1663 1014 melius
1672 992 1847 1021 mererent,

1087 1029 1183 1077 quim
1196 1043 1268 1064 eum
1280 1029 1446 1065 obstinato
1459 1029 1584 1065 silentio
1596 1033 1627 1064 ὅ(
1639 1028 1847 1066 ἀεῑτεᾶαῑίο.

1088 1093 1129 1113 ne
1141 1080 1278 1115 ducendi
1297 1080 1439 1128 singulos
1450 1078 1509 1114 suae
1524 1079 1695 1126 imperitiae
1709 1082 1846 1126 permit-

1087 1140 1162 1163 tunt
1174 1154 1182 1166 ‚
1198 1134 1228 1164 δε
1246 1142 1406 1176 quantum
1424 1131 1457 1163 in
1477 1129 1548 1176 ipsis
1567 1127 1686 1163 estsine
1704 1127 1771 1163 ullo
1781 1129 1845 1165 du-

1087 1180 1174 1213 &ore
1185 1180 1218 1213 in
1232 1178 1400 1213 infinitum
1413 1180 1520 1226 vagari
1533 1181 1712 1225 patiuntur.

1135 1232 1196 1263 Pro
1216 1228 1331 1263 nostrae
1351 1229 1519 1262 brevitatis
1541 1228 1691 1262 instituto
1705 1225 1758 1261 sex
1771 1237 1842 1263 tan·
1862 1236 2011 1278 ductoria

1992 538 2009 634 μῆρ’
1988 431 2004 517 α-·’”

1086 1274 1156 1312 tum
1184 1278 1223 1313 de
1248 1277 1332 1312 hisce
1363 1277 1623 1312 hebdomadibus
1649 1276 1841 1325 quaestiones
1861 1276 2003 1319 hicinstif-

1086 1328 1303 1362 movebimus.
1334 1329 1519 1361 Primamin
1542 1328 1636 1361 titulo
1659 1339 1720 1374 prae
1733 1330 1841 1363 mani·
1859 1325 1947 1348 ''¹¹¹¹''-

1085 1376 1144 1410 bus
1164 1377 1378 1425 expressimus.
1403 1376 1552 1411 Secunda
1578 1378 1638 1410 erit
1666 1376 1707 1410 de
1729 1390 1841 1413 earum

1084 1427 1253 1474 principio.
1281 1428 1393 1460 Tertia
1409 1426 1448 1459 de
1464 1424 1540 1460 fine.
1567 1428 1696 1468 Quarta
1717 1425 1758 1460 de
1768 1429 1838 1472 pri-

1084 1488 1139 1510 mo
1154 1476 1306 1510 membro
1318 1501 1326 1515 ,
1352 1474 1470 1521 septem
1480 1473 1604 1508 scilicet
1619 1474 1839 1509 hebdomadis

1085 1524 1144 1559 bus
1158 1525 1198 1558 ab
1212 1524 1340 1573 Angelo
1350 1525 1543 1560 nominatis.
1575 1524 1701 1566 Quinta
1711 1523 1838 1570 de-por-

1082 1576 1173 1608 tione
1185 1587 1294 1609 carum
1308 1575 1404 1619 altera
1416 1573 1680 1608 hebdomadibus
1691 1572 1838 1622 sexagin-

1087 1636 1117 1658 ta
1128 1625 1260 1659 duabus.
1286 1627 1378 1658 Sexta
1393 1623 1434 1657 de
1451 1623 1601 1657 membro
1613 1623 1737 1655 ultinio
1749 1648 1759 1664 ,
1776 1622 1838 1657 sal-

1081 1685 1146 1707 tem
1166 1674 1206 1707 ab
1227 1674 1358 1722 Angelo
1379 1674 1532 1706 ultimum
1551 1673 1746 1712 nominato,
1773 1685 1842 1707 una

1081 1724 1135 1757 illa
1161 1723 1367 1758 hebdomada
1393 1724 1427 1756 in
1453 1720 1517 1769 quai
1542 1722 1664 1768 Messm
1685 1732 1836 1757 mortuus

1080 1772 1134 1807 cst.

1131 1823 1201 1866 Qui
1215 1820 1262 1856 sex
1275 1821 1328 1856 ista
1339 1821 1469 1868 quaesita
1487 1818 1590 1867 probe
1601 1818 1731 1854 solverit
1743 1843 1752 1855 ‚
1777 1833 1838 1868 pa-

1081 1886 1151 1906 rum
1165 1883 1220 1905 aut
1241 1871 1323 1905 nihil
1341 1874 1374 1905 in
1393 1873 1482 1904 nodo
1501 1869 1564 1903 hoc
1576 1867 1649 1903 vert‘:
1664 1869 1834 1904 Gordiano

1082 1921 1305 1969 inexpeditum
1317 1921 1484 1968 relinquet.
1503 1919 1564 1953 Sed
1574 1918 1612 1952 de
1624 1917 1712 1952 hisce
1721 1920 1837 1952 omni-

1081 1972 1139 2005 bus
1160 1972 1258 2005 nimis
1275 1969 1372 2019 quam
1398 1969 1498 2003 multa
1514 1967 1556 2002 est
1571 1965 1729 2002 discordia
1750 1969 1835 2003 inter

1081 2021 1321 2066 chronologos
1332 2024 1365 2055 &
1377 2021 1542 2065 Scripturae
1550 2020 1757 2064 interpretes,
1765 2028 1834 2051 tam

1080 2082 1201 2105 veteres
1213 2069 1309 2119 quam
1321 2080 1448 2104 novos:
1473 2068 1584 2114 procul
1600 2065 1616 2100 a
1628 2066 1742 2100 nostris
1754 2067 1832 2100 viri-

1079 2120 1138 2154 bus
1150 2120 1192 2154 est
1203 2122 1277 2154 lites
1295 2120 1350 2153 has
1363 2121 1407 2153 ita
1427 2128 1641 2162 componere,
1657 2126 1693 2148 ut
1706 2115 1754 2147 vel
1766 2126 1833 2147 no-

1080 2169 1198 2203 bismet
1218 2171 1267 2202 vel
1291 2169 1360 2201 aliis
1383 2166 1483 2199 animi
1510 2165 1654 2208 quietem
1683 2162 1834 2209 polliceri

1079 2228 1245 2262 queamus,
1259 2225 1386 2248 tantum
1399 2212 1475 2260 quid
1486 2213 1517 2245 in
1530 2211 1662 2259 singulis
1675 2224 1751 2246 meo
1762 2225 1833 2246 ma-

1077 2266 1127 2310 gis
1137 2262 1307 2297 allubescat
1318 2265 1441 2302 animo,
1454 2264 1486 2295 &
1498 2260 1544 2294 ob
1555 2274 1634 2308 quas
1647 2263 1788 2295 rationes
1799 2262 1833 2297 id

1078 2311 1152 2352 fiat,
1168 2311 1358 2359 significabo
1370 2339 1378 2352 ,
1397 2323 1433 2345 ut
1450 2310 1635 2357 vosmetipsi
1654 2311 1692 2344 ad
1704 2323 1835 2344 accura-

1076 2364 1140 2396 tius
1162 2362 1337 2409 aliquando
1361 2361 1491 2395 istarum
1512 2372 1618 2394 rerum
1642 2358 1833 2395 scrutinium

1077 2415 1109 2445 in
1123 2411 1232 2446 vestris
1243 2413 1375 2459 privatis
1386 2410 1495 2445 studiis
1506 2410 1706 2442 excitemini.

1127 2463 1240 2495 Fateor
1259 2461 1404 2509 quaedam
1418 2461 1450 2493 in
1461 2458 1553 2492 dietis
1571 2457 1707 2506 quaefitis
1718 2457 1756 2490 ad
1768 2468 1833 2503 po-

1077 2509 1218 2545 steriores
1230 2510 1460 2557 Epochasmon
1471 2506 1658 2555 praesentem
1670 2506 1832 2552 speritate,

1077 2559 1127 2594 sed
1141 2562 1165 2593 is
1183 2561 1227 2594 cst
1237 2571 1336 2594 nexus
1357 2557 1577 2592 membrorum
1604 2554 1731 2589 Damelis
1746 2557 1831 2589 Pro-

1078 2609 1192 2655 pltetiae
1213 2622 1274 2655 prae
1290 2607 1461 2642 manibus,
1487 2616 1522 2638 ut
1542 2604 1563 2638 ii
1584 2604 1637 2638 illa
1659 2602 1829 2638 voluissem

1075 2658 1241 2691 dissolvere
1252 2681 1260 2692 ‚
1271 2661 1301 2691 &
1315 2669 1427 2690 eorum
1441 2656 1554 2689 ultima
1565 2654 1602 2687 ad
1615 2653 1668 2688 sua
1679 2665 1830 2699 tempora

1074 2709 1203 2750 rejicere
1214 2731 1225 2747 ,
1243 2704 1472 2753 impediviss'em
1484 2715 1671 2738 caeterorum
1685 2704 1828 2749 explica-

1073 2758 1223 2797 tionem,
1252 2759 1286 2789 δε
1312 2757 1408 2790 nimis
1423 2754 1577 2802 quamdiu
1603 2750 1825 2799 suspendissent

1073 2817 1224 2852 magnam
1247 2806 1334 2839 istius
1353 2806 1432 2838 lucis
1444 2815 1584 2850 partem,
1604 2814 1674 2848 quae
1685 2800 1824 2834 adtenc-

1072 2854 1202 2889 brosum
1221 2854 1292 2888 satis
1311 2854 1436 2888 huncce
1450 2863 1577 2887 textum
1596 2849 1821 2884 illustrandum

1070 2903 1212 2938 omnino
1223 2903 1267 2936 est
1279 2902 1456 2937 necessaria.

1116 2952 1221 2998 Qod
1237 2952 1275 2984 ad
1291 2954 1432 2998 primum
1444 2948 1609 2997 quaesitum
1623 2946 1699 2981 solas
1715 2959 1819 2994 partes
1839 2957 1970 2996 Ru'noldus

1068 3003 1202 3036 invenio
1216 3001 1387 3034 Remoldum
1403 3005 1433 3034 δε
1449 2995 1667 3048 Bruglatonum,
1685 2998 1817 3046 ejusque
1837 2999 1969 3027 bebdoma-

1066 3051 1117 3086 hic
1131 3050 1272 3085 asseclarn
1286 3049 1456 3097 Ntsbetum.
1484 3049 1642 3081 Reinoldns
1655 3059 1727 3081 cum
1746 3047 1815 3081 Cal-
1836 3037 1975 3118 :suffr-523⁴„

1855 3103 1864 3115 t

1066 3101 1135 3134 vino
1146 3105 1176 3134 &
1189 3101 1296 3134 multis
1313 3100 1382 3133 aliis
1397 3123 1405 3135 ‚
1423 3098 1643 3132 hebdomadas
1656 3098 1814 3143 incipiens
1836 3109 1938 3158 :impare

1063 3149 1273 3197 aCyriprimo
1285 3153 1317 3185 ὃ(
1329 3148 1478 3185 claudens
1494 3149 1528 3183 in
1545 3146 1644 3186 chi-isit
1654 3145 1812 3203 passione3
1836 3170 1923 3191 mccrzo
1933 3170 1970 3193 ὓ,

1694 3198 1726 3228 ἃς
1739 3206 1814 3243 vero
