2048 3343
56 944 200 973 MJLlonaeti

55 987 155 1023 imptm.

54 1489 141 1518 Ndn‘lo
149 1490 209 1526 fili-

54 1531 107 1558 rr'ror
124 1531 156 1565 cst
170 1533 188 1558 A

54 1573 153 1609 Laprdc.

67 3115 192 3140 Semi-mia

69 3153 199 3191 Epiphami

496 86 572 112 ΕΤ

637 74 1268 114 (Σηιοικιοιοοιοι

1323 77 1357 116 L
1384 89 1399 119 1
1429 78 1545 117 1211.

1740 93 1790 129 77

233 150 303 177 iiam
326 143 472 189 manipuli
487 143 607 178 oblatio
622 143 727 179 stricte
749 144 834 180 valde
847 147 878 179 δι
895 142 994 178 solen·
1032 146 1217 196 Epiphanius
1235 145 1391 183 sabbatum
1410 147 1543 184 secundo
1556 150 1689 198 primum
1703 149 1789 186 fuiffe
1802 163 1845 192 hic
1861 165 1894 200 cst
1907 176 1954 194 ve-

231 195 312 226 niter
328 192 343 226 a
358 194 434 227 Deo
447 193 583 238 injunfta
601 193 646 228 est
660 217 670 233 ,
694 204 763 227 ante
780 206 873 241 quam
886 193 990 238 prohi-
1030 197 1164 241 primum
1189 196 1344 232 sabbatum
1363 199 1551 233 ordinarium
1572 199 1642 247 post
1661 199 1785 243 solenne
1801 215 1841 233 m.

231 240 321 276 betur
334 240 440 276 diserte
453 243 555 276 omnis
565 255 712 276 novarum
725 241 848 288 frugum
862 240 942 276 esus:
959 247 989 276 &

229 291 303 326 vero
320 291 340 325 si
354 291 560 324 Maimom'des
573 291 793 324 Rabbinorum
808 290 824 324 εὶ
837 291 921 324 mille
934 303 987 324 an-

228 341 275 375 nis
289 339 388 374 multo
401 339 592 373 doetiffimus
604 363 613 378 ,
640 340 727 386 patrii
737 341 833 374 moris
848 338 912 374 satis
927 352 989 374 erat

228 402 337 438 gnarus
350 413 360 428 ‚
386 386 472 436 spicae
493 389 549 422 illae
569 400 652 422 erant
667 401 734 423 non
750 390 882 424 virentes
899 414 909 429 ‚
939 388 988 424 sed

227 451 351 473 maturae
368 462 376 474 ‚
407 452 444 472 ex
464 437 575 485 quibus
595 440 739 473 trituratis
758 439 870 474 homer
884 438 987 474 farinae

226 489 303 522 Deo
323 486 456 522 secundo
477 490 675 534 Azymorum
694 487 801 522 offerri
821 489 985 537 oportuit,

226 548 259 572 ut
276 537 378 572 videre
397 536 442 572 cst
459 539 538 586 apud
558 537 822 583 Ainsvwnlmm,
849 540 880 572 in
894 540 983 575 Levi-

225 587 278 621 tic.
293 599 334 631 23.
349 589 387 624 ib.
400 599 437 622 11.

273 636 369 670 Aliud
382 647 488 670 contra
499 636 578 671 hanc
587 634 763 671 sententiam
772 648 985 684 argumentum

225 684 332 720 affero.
353 689 385 719 [n
399 684 525 719 sabbato
538 685 720 724 δοῢτεασπρότῳ
733 699 798 719 non
812 687 920 722 licebat
934 701 985 735 pa-

224 747 364 782 rarequae
373 733 546 782 spectabant
560 735 595 769 ad
604 735 735 770 victum:
752 738 848 783 Atqui
862 738 893 771 in
908 741 984 772 Pen-

223 784 341 818 tecoste
350 783 412 818 hoc
425 783 534 818 licebat
542 796 575 818 ut
585 785 777 819 Exod.12.16.
787 797 879 831 patet,
893 787 947 821 ubi
955 788 986 820 in

223 830 289 881 ipso
299 832 437 868 Paschate
445 847 515 868 cum
529 834 566 867 ab
575 835 763 882 omniopere
771 835 985 870 abstinendum

224 883 412 930 praecipitur,
433 896 536 917 curare
550 895 651 918 tamen
665 898 732 931 quae
745 884 781 918 ad
795 886 912 919 vietum
921 883 985 932 spe-

227 933 350 966 &abant
365 933 554 967 conceditur.
571 933 987 980 Respondetfflaldorzattaes

227 980 426 1029 reprehensos
440 982 612 1030 Apostolos
625 984 640 1017 a
658 982 807 1018 Pharisaeis
821 997 886 1018 non
900 984 986 1033 quod

227 1032 317 1066 cibos
333 1043 486 1079 pararent,
507 1030 555 1066 sed
569 1030 754 1080 quodspicas
764 1035 985 1082 colligerent&

226 1091 394 1116 meterent,
417 1082 504 1128 quale
519 1094 597 1128 opus
612 1083 643 1115 in
656 1083 742 1116 nullo
755 1080 836 1117 festo
850 1094 911 1116 erat
923 1084 984 1116 lici-

226 1142 304 1165 tum.
344 1131 450 1179 Qiam
465 1131 674 1177 imprudenter
693 1136 724 1166 δι
739 1132 885 1166 ridicule?
910 1131 986 1166 nihil

227 1181 309 1216 enim
322 1179 415 1213 habet
435 1182 535 1213 Lucas
549 1181 586 1214 de
601 1179 745 1226 spicarum
759 1181 806 1214 vel
819 1182 986 1215 collatione

228 1230 276 1264 vel
290 1229 436 1262 meffione
455 1227 504 1263 sed
524 1229 674 1266 vulfione,
701 1230 794 1277 idque
814 1242 875 1264 tam
890 1243 986 1277 parvae

224 1279 378 1326 portionis
395 1290 427 1312 ut
445 1279 584 1312 manibus
604 1278 788 1314 affricarent:
814 1281 913 1314 nullus
926 1293 984 1314 un-

224 1340 316 1376 quam
330 1330 408 1359 τίλλειν
420 1329 510 1360 verrit
524 1328 668 1375 colligere
681 1339 732 1362 aut
745 1340 860 1362 metere
870 1353 877 1366 ‚
891 1329 984 1363 sedo-

224 1389 328 1417 mnes,
349 1386 382 1409 ut
396 1376 641 1425 Theophylaffus,
656 1382 767 1410 ἀνειπεῖν
780 1378 928 1413 attrahere
936 1390 986 1413 aut

223 1427 343 1461 vellere.

273 1477 369 1510 Aliter
378 1474 563 1523 respondeta
571 1475 693 1524 Lapide‚
705 1476 914 1511 Pentecosten
922 1490 985 1511 non

224 1524 399 1573 simpliciter
411 1536 463 1559 aut
475 1522 592 1572 semper
602 1526 722 1559 dietum
735 1523 893 1560 sabbatum
906 1528 986 1558 Mn-

223 1579 354 1618 ρέπρωπν,
376 1574 425 1610 sed
438 1574 556 1609 tantum
570 1574 640 1609 cnm
655 1576 686 1609 in
711 1588 744 1609 ea
759 1576 907 1611 incideret
921 1575 983 1611 sab-

222 1626 330 1660 batum
341 1624 468 1673 proprie
483 1625 616 1664 dietum,
651 1625 720 1659 alias
734 1624 890 1660 sabbatum
911 1639 984 1674 pro-

221 1674 288 1724 prie
307 1675 426 1709 dietum
450 1687 518 1709 eam
537 1672 667 1722 sequens
687 1686 750 1709 erat
768 1673 901 1711 secundo
923 1677 981 1724 pri-

220 1738 318 1759 mum.
350 1724 494 1771 Replica‚
510 1723 597 1771 quod
612 1737 694 1758 anno
702 1738 763 1771 prae
771 1726 912 1760 manibus
920 1726 983 1761 sab-

220 1774 328 1808 batum
341 1773 618 1808 hebdomadarium
634 1775 774 1809 inciderit
786 1776 818 1809 in
835 1779 984 1811 Penteco-

221 1821 290 1857 sten
303 1848 313 1862 ‚
339 1836 435 1857 nemo
450 1834 593 1862 conatur,
614 1836 709 1858 nemo
723 1824 825 1871 potest
836 1826 981 1872 probare:

223 1873 350 1907 Deinde
363 1870 520 1907 sabbatum
544 1872 615 1919 post
642 1873 846 1908 Pentecosten
870 1877 984 1911 nullam

223 1935 284 1969 prae
298 1923 412 1956 caeteris
424 1947 435 1962 ,
460 1923 529 1956 anni
544 1921 671 1956 sabbatis
687 1923 821 1958 habebat
831 1938 981 1974 praeroga-

221 1972 333 2009 rivam,
358 1984 430 2005 nam
442 1972 512 2006 licet
531 1971 711 2006 Pentecoste
730 1972 894 2009 secundum
915 1974 982 2010 fue-

222 2022 260 2054 rit
275 2033 310 2053 ex
325 2018 423 2060 festis,
449 2019 642 2060 solennibus,
660 2033 761 2056 tamen
776 2036 840 2057 uno
855 2022 921 2059 solo
934 2026 983 2059 die

225 2069 401 2109 constabat,
432 2083 496 2104 non
510 2082 544 2106 ut
558 2069 671 2106 Pascha
690 2084 740 2106 aut
758 2071 869 2107 festum
883 2076 982 2108 taber·

225 2120 404 2153 naculorum
419 2119 527 2153 diebus
541 2121 630 2155 osto.
663 2123 707 2155 Ita
721 2123 902 2157 Pentecoste
914 2125 982 2158 nui-

224 2169 283 2202 lam
302 2168 483 2216 dignitatem
501 2169 552 2203 ulli
569 2170 651 2208 diei,
682 2172 733 2204 ulli
752 2170 878 2206 sabbato
897 2171 924 2206 se
937 2172 982 2207 se-

226 2219 333 2264 quenti
345 2219 586 2264 impertiebatur.
623 2220 783 2253 Concedit
803 2220 867 2254 hoc
885 2221 901 2254 a
918 2224 983 2253 La-

224 2266 291 2314 pide
308 2278 455 2313 quantum
473 2267 508 2299 ad
526 2266 730 2312 praescriptum
749 2269 840 2314 legis,
866 2268 915 2303 sed
929 2283 981 2303 ne—

226 2326 276 2362 gat
288 2315 391 2362 quoad
404 2315 602 2348 devotionem
617 2317 740 2362 populi,
777 2317 908 2350 eundem
923 2317 983 2351 ho-

225 2376 337 2398 norem
357 2362 536 2397 Pentecoste
556 2377 649 2410 quem
665 2363 796 2399 paschati
809 2365 983 2400 deferentis.

226 2414 366 2460 Replica.
378 2411 467 2447 Nihil
483 2413 518 2446 ad
532 2425 590 2446 nos
609 2415 714 2461 populi
729 2412 898 2461 superstitio
915 2415 985 2461 (etsi

225 2475 282 2496 nec
297 2475 362 2496 eam
377 2461 486 2510 Jesuita
496 2463 629 2509 probet)
644 2462 846 2512 dpraescripto
859 2466 933 2512 legis
941 2466 985 2499 di-

228 2509 360 2546 scedens.

274 2562 423 2608 Denique
450 2572 557 2596 contra
576 2562 654 2596 hanc
677 2560 856 2598 sententiam
878 2577 986 2612 arguo.

226 2613 401 2645 Contextus
424 2609 558 2646 historiae
579 2611 691 2645 sabbati
711 2615 894 2653 δώτεμσρώη
908 2614 986 2660 apud

227 2663 315 2695 Matr.
327 2673 367 2694 12.
377 2673 399 2694 1.
411 2664 441 2693 8<
456 2662 528 2694 Luc.
540 2671 570 2697 6.
586 2674 604 2695 ι.
616 2663 737 2707 probat,
751 2664 780 2697 id
794 2675 986 2709 tempusnon

225 2708 309 2744 fuisse
325 2709 519 2743 Pentecostes
535 2710 582 2744 sed
597 2710 760 2751 paschatis,
787 2724 820 2746 ut
832 2711 898 2748 fuse
911 2713 984 2746 Che-

224 2771 347 2793 mmtms
357 2784 366 2798 ,
378 2759 525 2802 Ianfimus
535 2785 542 2799 ‚
552 2760 726 2799 Barradzus,
740 2766 769 2795 &
778 2762 826 2793 alii
842 2763 985 2807 probant.

271 2808 356 2843 Cum
374 2806 528 2855 hucusque
553 2808 724 2857 progressus
749 2808 851 2843 forem
866 2811 932 2856 cepi
954 2811 984 2843 in

226 2870 331 2891 manus
344 2861 464 2891 Petavn'
477 2858 749 2893 animadversiones
759 2884 766 2896 ‚
782 2861 812 2892 in
826 2859 987 2908 Eptpham'i

225 2906 349 2940 haerelin
365 2920 412 2952 30.
436 2911 466 2941 δι
486 2920 524 2953 5¹·
544 2922 577 2942 ac
597 2907 709 2956 gavisus
730 2908 792 2943 sum
809 2909 894 2956 quod
909 2911 986 2955 pene

226 2957 259 2990 in
285 2957 431 2990 omnibus
457 2959 532 2992 meis
561 2957 692 2993 censuris
718 2971 781 2993 tam
795 2961 825 2991 in
848 2960 985 3005 [fidorum

227 3006 321 3052 quam
335 3006 364 3038 in
377 3009 540 3039 Baro-amm
551 3032 559 3045 ,
580 3013 610 3042 δι
627 3009 874 3044 Maldonatum
888 3009 984 3055 ipsum

229 3053 338 3088 inscius
352 3058 479 3093 ὁμρψηφσν
494 3056 666 3092 habuerim.

280 3105 433 3137 Sententia
447 3103 586 3152 septima,
600 3108 691 3153 quam
705 3112 736 3143 &
748 3121 806 3142 nos
820 3105 984 3154 sequimur,

233 3152 278 3188 est
294 3153 448 3202 gptplmm‘z
467 3154 569 3190 haeresi
586 3168 636 3202 30.
657 3169 742 3194 num.
754 3170 800 3204 32.
822 3158 929 3193 Docet
942 3157 986 3192 ibi

1030 243 1198 280 Paschatis:
1224 244 1382 294 distinguit
1400 246 1518 282 sabbata
1540 250 1570 282 in
1590 250 1732 284 naturalia
1751 254 1784 285 &

1028 292 1151 339 legalia,
1174 295 1222 328 illa
1233 307 1322 330 vocat
1337 295 1457 330 sabbata
1470 296 1719 338 hebdomadalia,
1743 300 1782 334 ab

1027 340 1122 375 initio
1136 344 1243 377 mundi
1255 345 1424 379 antelatam
1438 346 1645 393 legemaDeo
1659 348 1782 383 institu-

1025 400 1054 424 ta
1064 403 1074 432 3
1085 389 1150 425 haec
1162 392 1237 426 vero
1250 390 1323 427 festa
1335 395 1389 428 alia
1399 398 1430 429 in
1442 396 1510 442 lege
1523 397 1659 431 mandata
1672 399 1702 432 in
1710 399 1782 446 qui-

1025 439 1082 474 bus
1096 440 1426 491 requiescebantJudaei
1434 445 1448 478 a
1457 443 1609 480 servilibus
1618 448 1784 493 operibus:

1024 488 1079 524 ista
1092 491 1184 525 etiam
1197 503 1347 526 vocantur
1360 491 1495 533 sabbata,
1509 493 1561 528 etsi
1574 507 1638 528 non
1651 506 1711 529 tam
1719 496 1780 531 ho-

1023 541 1160 574 noranda
1173 565 1184 581 ‚
1214 541 1306 587 quam
1320 542 1555 577 hebdomadalia
1567 568 1577 583 ,
1610 556 1643 579 ut
1662 545 1780 581 dietum

1023 588 1079 623 est.
1105 591 1241 624 Primum
1255 591 1325 637 post
1338 591 1448 627 Pascha
1472 590 1630 628 sabbatum
1656 594 1780 629 hebdo-

1023 639 1139 672 madale
1151 652 1241 675 vocat
1256 641 1361 680 Σούκρων
1374 642 1557 690 Epiphanius
1566 665 1574 678 ‚
1601 643 1687 691 quod
1700 655 1780 678 tem-

1022 700 1100 735 pore
1112 687 1185 724 effet
1198 687 1361 724 secundum
1385 695 1415 726 δι
1441 690 1593 738 posterius
1617 691 1698 727 festo
1722 696 1780 727 Pa-

1024 737 1145 779 lchatis;
1161 740 1251 774 etiam
1265 740 1398 786 primum
1412 742 1482 788 quia
1491 741 1639 789 dignitate
1652 752 1714 776 erat
1721 745 1778 777 Pa-

1023 785 1120 821 sthate
1133 790 1232 834 prius,
1259 794 1288 823 δι
1303 791 1391 823 omni
1404 788 1484 824 festo
1497 791 1557 824 alio
1570 792 1779 827 extraordina-

1024 838 1082 870 rio.
1148 837 1209 870 uod
1223 837 1274 871 hic
1287 837 1322 872 fit
1329 852 1416 873 verus
1430 843 1457 873 Ε
1476 840 1592 889 iphanii
1603 840 1700 876 sensus
1713 853 1779 875 non

1023 885 1140 920 dubitat
1166 886 1365 930 Causabonus,
1393 893 1424 924 &
1455 900 1555 924 atetur
1574 892 1664 925 etiam
1681 893 1780 924 Peta-

1024 939 1094 968 vms
1103 959 1112 974 ,
1126 935 1197 970 licet
1205 937 1267 971 alio
1282 938 1371 971 vellet
1384 938 1588 987 Epiphaniam
1602 940 1780 982 traducere;

1024 983 1073 1018 sed
1093 985 1175 1019 addit
1200 988 1354 1030 ‘Petamus
1373 989 1421 1032 (in
1435 1000 1500 1035 quo
1514 1000 1590 1034 puto
1608 988 1725 1024 nullum
1738 987 1782 1023 se-

1024 1047 1152 1081 quacem
1165 1035 1274 1082 habet)
1291 1036 1487 1085 Epiphanium
1499 1038 1529 1070 in
1546 1037 1648 1072 haerefi
1662 1051 1709 1085 50.
1724 1038 1782 1074 effe

1024 1081 1176 1129 delapsum
1184 1085 1220 1118 ad
1234 1087 1372 1131 priorem
1381 1084 1496 1120 sensum
1510 1088 1701 1121 Maldonasi:
1715 1100 1783 1121 cer-

1022 1132 1054 1166 te
1067 1133 1297 1169 maldonatus
1307 1134 1507 1183 Epiphaniam
1515 1137 1698 1172 nominatim
1707 1147 1739 1171 ut
1747 1135 1782 1171 fi-

1023 1183 1056 1216 bi
1069 1181 1267 1217 adversarium
1275 1181 1386 1218 refutat
1394 1209 1404 1224 ‚
1423 1185 1493 1219 licet
1506 1183 1678 1221 futiliffimis
1691 1199 1782 1234 argu-

1023 1234 1147 1266 mentis.
1187 1234 1305 1267 Verum
1318 1233 1405 1267 estin
1419 1233 1521 1269 haeresi
1536 1248 1577 1280 51.
1596 1248 1780 1281 numero3i.

1022 1281 1226 1329 Epiphaniam
1233 1295 1343 1316 vocare
1352 1280 1508 1318 sabbatum
1516 1283 1698 1324 oli-wepdwpasm
1707 1296 1781 1320 eum

1023 1331 1105 1364 diem
1121 1331 1173 1378 qui
1185 1329 1327 1377 septimus
1344 1343 1407 1366 erat
1419 1332 1434 1366 a
1447 1334 1550 1380 primo
1564 1333 1729 1374 Paschatis,
1742 1334 1780 1368 fi-

1022 1390 1074 1413 cut
1085 1383 1169 1415 Beza
1179 1404 1189 1419 ‚
1210 1380 1419 1420 Maldonams,
1429 1381 1446 1416 a
1456 1382 1570 1430 Lapide
1582 1387 1614 1417 ὅ(
1626 1384 1674 1417 alii
1687 1384 1781 1431 pleri-

1022 1442 1082 1476 que
1097 1440 1158 1463 tam
1173 1430 1377 1465 protestantes
1386 1431 1478 1478 quam
1487 1432 1643 1466 pontificii
1654 1434 1781 1482 Epipha-

1797 912 1902 938 Petavii
1924 911 1951 937 in

1796 951 1936 978 adverten-

1797 993 1844 1019 tia.

1022 1483 1107 1511 ntum
1125 1492 1165 1513 eo
1188 1479 1261 1513 loco
1281 1481 1516 1527 interpretantur
1541 1481 1579 1516 de
1603 1479 1734 1529 septimo
1747 1486 1796 1527 &x

1023 1530 1134 1562 ultimo
1150 1528 1296 1564 Paschatis
1309 1530 1374 1570 die;
1393 1527 1441 1564 sed
1455 1531 1508 1577 qui
1521 1533 1586 1576 ejus
1599 1528 1779 1567 sententiam

1022 1578 1037 1611 a
1053 1575 1192 1612 Paschate
1204 1579 1240 1613 ad
1259 1578 1463 1614 Pentecosten
1476 1579 1650 1620 detorserit,
1669 1591 1779 1628 praeter

1021 1640 1116 1661 unum
1135 1631 1297 1662 Petavmm
1315 1628 1374 1676 legi
1392 1629 1558 1665 neminem.
1596 1631 1693 1667 Certe
1717 1641 1779 1666 tam

1021 1675 1158 1725 expresse
1177 1682 1207 1712 &
1233 1678 1387 1725 perspicue
1412 1677 1569 1714 sabbatum
1594 1681 1779 1721 δώτερόπρωπν

1021 1728 1095 1760 loco
1109 1726 1273 1774 posteriori
1287 1725 1379 1762 refert
1391 1728 1427 1762 ad
1442 1727 1548 1764 Pascha
1561 1754 1571 1770 ‚
1597 1729 1691 1777 quam
1701 1730 1778 1765 loco

1022 1778 1129 1822 priori,
1143 1776 1195 1810 etsi
1209 1790 1279 1811 cum
1292 1776 1350 1812 haic
1363 1776 1543 1819 differentia,
1556 1779 1642 1828 quod
1655 1780 1777 1826 haer.3o.·

1022 1826 1177 1860 labbatum
1191 1828 1324 1860 naturale
1338 1826 1408 1874 post
1417 1829 1551 1874 primum
1560 1829 1718 1869 Paschatis,
1732 1827 1778 1863 af-

1021 1875 1123 1910 firmet
1144 1875 1301 1910 sabbatum
1327 1874 1521 1915 ἓόῑτερᾶπρωῖςν,
1549 1877 1622 1914 haer.
1641 1879 1717 1914 vero
1736 1890 1777 1925 51.

1021 1924 1182 1973 septimum
1196 1925 1210 1959 a
1222 1927 1325 1971 primo
1339 1924 1498 1966 Paschatis,
1512 1925 1560 1962 seu
1574 1928 1716 1962 ultimum
1730 1931 1778 1961 A-

1020 1988 1182 2022 zymorum
1202 1975 1358 2009 sabbatum
1376 1973 1554 2013 ἕόὺτερόπρωῖρν
1571 1977 1716 2026 ambigue
1729 1977 1777 2011 in-

1020 2036 1102 2059 nuat.
1126 2025 1195 2059 Sive
1207 2024 1351 2062 naturale,
1361 2022 1419 2058 five
1431 2023 1527 2072 legale
1541 2022 1698 2061 sabbatum
1709 2025 1776 2061 fue-

1020 2076 1069 2114 rit,
1078 2075 1155 2108 inter
1164 2075 1226 2108 duo
1241 2074 1288 2107 illa
1295 2071 1416 2107 [abbata
1429 2074 1620 2110 intervallum
1632 2087 1694 2110 erat
1701 2075 1776 2110 dua-

1020 2136 1088 2157 rum
1101 2123 1219 2158 tantum
1233 2135 1282 2157 aut
1295 2123 1389 2157 trium
1403 2123 1540 2163 dierum,
1553 2136 1586 2158 ut
1597 2124 1691 2159 habet
1702 2128 1777 2158 Sca-

1019 2174 1099 2220 liger.
1135 2173 1288 2207 lndiculus
1308 2173 1344 2206 de
1364 2173 1580 2207 emendatione
1597 2185 1777 2219 temporum

1020 2222 1073 2253 lib.
1082 2226 1114 2254 6.
1128 2234 1196 2267 pag.
1205 2234 1263 2268 521.
1278 2220 1341 2254 'ubi
1354 2234 1394 2254 eo
1407 2233 1488 2254 anno
1502 2235 1566 2269 quo
1575 2223 1717 2258 Christus
1726 2236 1777 2258 va-

1021 2268 1055 2302 s1t
1068 2281 1121 2315 per
1137 2267 1193 2302 sata
1206 2294 1216 2309 ,
1243 2271 1357 2315 primus
1379 2269 1524 2304 Paschatis
1545 2269 1602 2305 fuit
1621 2273 1776 2306 decimus-

1022 2329 1144 2363 quartus
1158 2318 1266 2350 menfis
1277 2316 1387 2355 Nisan,
1403 2316 1547 2352 secundus
1559 2319 1707 2354 Paschatis
1719 2345 1729 2359 ‚
1745 2325 1778 2356 δε

1021 2367 1137 2413 primus
1153 2369 1343 2412 Azymorum
1351 2366 1408 2399 fuit
1416 2364 1498 2399 istius
1509 2367 1617 2402 mensis
1625 2370 1777 2404 decimus-

1023 2415 1164 2462 quintus,
1190 2416 1296 2449 tertius
1318 2414 1462 2449 paschatis
1481 2421 1513 2451 δι
1527 2416 1672 2451 secundus
1692 2421 1778 2466 Azy-

1023 2477 1165 2503 morum,
1189 2464 1260 2498 cum
1274 2465 1461 2498 offerebatur
1473 2467 1643 2512 manipulus
1658 2465 1731 2507 fuit,
1745 2476 1779 2503 ut

1023 2514 1170 2547 omnibus
1183 2516 1283 2553 annis,
1298 2512 1532 2549 decimussextus
1546 2514 1657 2551 Nisan:
1671 2515 1776 2552 sabba-

1022 2575 1089 2598 tum
1101 2563 1327 2598 hebdomadale
1335 2576 1374 2598 eo
1382 2576 1463 2598 anno
1472 2565 1577 2599 incidit
1584 2566 1613 2599 in
1621 2565 1776 2602 decimum

1024 2626 1142 2647 nonum
1150 2611 1245 2647 Nisan
1252 2638 1261 2653 ‚
1271 2610 1319 2648 seu
1327 2613 1431 2648 Martii
1438 2613 1622 2648 tricesimum
1630 2617 1774 2662 primum:

1024 2663 1163 2710 adeoque
1177 2661 1319 2710 septimus
1333 2676 1365 2697 ac
1374 2663 1498 2698 ultimus
1514 2666 1776 2711 Azymorum‚seu

1026 2711 1173 2747 Paschatis
1192 2713 1322 2747 οᾶεινυε
1337 2712 1459 2747 duobus
1472 2714 1589 2748 tantuin
1607 2713 1714 2749 diebus
1729 2713 1774 2750 se-

1025 2761 1176 2809 quebatur
1188 2762 1364 2796 vicesimum
1377 2763 1509 2809 primum
1523 2761 1616 2797 Nisan
1625 2761 1673 2798 seu
1682 2766 1777 2812 Apri-

1025 2812 1057 2843 lis
1080 2809 1254 2845 secundum.
1291 2813 1462 2846 Tantillum
1482 2811 1562 2846 hunc
1583 2825 1722 2848 errorem
1738 2814 1776 2860 (fi

1024 2860 1122 2894 modo
1136 2873 1291 2901 errorem,
1310 2874 1380 2895 nam
1395 2872 1426 2895 ut
1441 2862 1621 2910 Epiphamus
1633 2862 1689 2897 fibi
1702 2877 1778 2898 con-

1024 2909 1097 2948 stet,
1117 2910 1191 2958 quid
1205 2922 1285 2946 vetat
1303 2911 1414 2945 orbem
1429 2912 1514 2945 illum
1530 2909 1644 2959 septem
1658 2913 1777 2947 dierum

1023 2959 1138 2997 ordiri,
1159 2972 1224 2994 non
1237 2960 1253 2994 a
1276 2962 1379 3007 primo
1394 2959 1559 3000 Paschatis,
1585 2961 1633 2996 sed
1647 2962 1662 2996 a
1675 2963 1776 3010 primo

1023 3008 1072 3042 die
1085 3007 1312 3043 hebdomadis?
1326 3012 1342 3055 )
1372 3007 1459 3044 facile
1473 3011 1645 3045 emendavit
1657 3025 1778 3046 accura-

1023 3057 1148 3091 tislimus
1154 3060 1282 3107 Scalzger
1291 3059 1492 3104 interpretans
1499 3060 1701 3109 Epiphaniam
1709 3062 1778 3096 ubi-

1023 3119 1083 3153 que
1091 3131 1100 3145 ,
1114 3106 1188 3142 ficut
1200 3111 1352 3141 ‘Petamus
1363 3106 1436 3143 fecit
1447 3108 1549 3143 haereli
1563 3123 1609 3156 30.
1624 3111 1661 3146 de
1673 3113 1776 3158 primo

1023 3154 1148 3192 sabbato
1161 3157 1236 3205 post
1261 3157 1401 3194 oblatum
1425 3160 1615 3206 manipulum
1639 3165 1779 3207 Azymo-

1410 3210 1443 3243 I<
1451 3208 1478 3251 l(
1494 3221 1507 3254 3
1709 3220 1778 3242 rum
