2048 3343
135 2008 240 2043 Septima
254 2020 285 2037 ex

134 2057 156 2074 ι.
167 2052 220 2075 Cor.
233 2061 256 2083 4.

135 2097 164 2113 v.
175 2097 199 2120 7.

305 107 370 142 140

304 165 407 201 cordis
420 164 604 199 accedimus.
636 164 689 197 De
702 162 766 198 hoc
777 164 901 196 Molina
914 164 1062 198 &Armi-

304 218 390 249 m'am'
401 227 466 248 non
479 214 631 248 dubitant.

354 263 454 313 Qod
467 264 504 297 ad
518 264 595 297 alios
613 262 698 296 aetus
707 262 789 300 Dei,
814 261 1018 296 donationem
1033 265 1064 296 &

304 314 454 352 trafium,
473 313 559 360 quod
572 312 758 360 posteriores
766 311 839 351 siut,
855 311 921 345 imo
936 311 1064 346 effeetus

304 362 634 410 proedestinationis‚sic
646 362 760 407 probo.
786 363 885 396 Astus
898 361 1021 395 summae
1033 365 1065 396 &

305 411 512 446 efficaciffimae
521 413 622 459 gratiae
636 410 700 444 sunt
708 410 895 458 posteriores
908 412 1064 445 eleetione

305 466 336 496 δε
351 464 415 505 ejus
433 461 543 495 efficia
554 486 562 500 ‚
585 461 631 495 vel
645 462 718 495 nulli
733 461 819 494 acius
835 461 937 508 gratiae
951 458 1016 493 sunt
1031 472 1061 492 e-

305 512 449 545 leffionis
463 508 587 550 effecta,
605 510 694 557 quod
707 509 750 544 est
764 508 924 543 absurdum
939 508 1064 542 anemi-

306 574 346 594 ne
354 558 525 594 defensum:
539 561 621 607 atqui
630 560 758 593 donatio
765 563 795 593 δι
804 560 917 592 tractus
926 558 990 591 Dei
999 557 1064 590 sunt

306 611 392 643 actus
406 608 528 643 summae
541 614 571 643 ὅ(
586 607 794 643 efficaciffimae
809 609 928 654 gratiae;
949 605 1016 640 sunt
1032 619 1064 639 e-

307 662 371 693 nim
385 660 458 693 tales
471 661 555 693 aetus
566 683 575 697 ,
597 669 630 691 ut
645 658 683 691 ab
698 657 765 703 ipfis
779 655 978 690 infallibiliter
992 655 1065 689 fluat

306 722 370 743 non
384 707 583 742 tantumfides
597 711 627 740 ὃ(
643 706 820 739 obedientia
837 706 853 750 (
861 707 914 752 qui
928 706 988 739 dati
1001 704 1066 739 sunt

305 759 440 796 veniunt,
454 758 507 804 qui
520 755 817 794 trahuntur‚currunt
826 755 895 802 post
906 754 1066 788 Christum

304 808 399 842 inviis
412 805 625 839 mandatorum
641 807 721 850 ejus)
740 803 789 838 sed
804 806 893 838 etiam
905 803 1044 850 ipsasalus
1056 828 1065 843 ,

304 854 485 891 resuscitabo
492 855 560 888 illos
570 855 679 889 ultimo
688 855 737 888 die
746 878 753 890 ,
768 858 798 889 δι
807 853 965 889 habebunt
974 855 1065 889 vitam
1082 885 1084 891 .

303 918 461 944 aeternanb
475 909 505 939 δι
514 915 546 938 ut
555 904 723 952 Spalatenfis
731 904 872 950 explicat,
885 904 991 938 donati
999 901 1066 937 sunt

305 953 543 993 Christomtsint
551 953 737 988 cohaeredes.
754 953 937 1002 Angtstinus
947 954 985 988 de
993 966 1066 1000 prae-

303 1004 412 1038 destin.
425 1016 489 1051 cap.
504 1005 533 1038 8.
557 1004 665 1037 Omne
677 1004 764 1050 quod
779 1006 828 1037 dat
843 1003 919 1037 mihi
932 1014 1016 1051 pater
1029 1003 1065 1037 ad

301 1055 468 1088 meveniet.
479 1053 566 1101 Qid
580 1052 632 1087 est,
644 1053 678 1086 ad
686 1065 736 1087 me
743 1053 912 1092 veniet‚nifi
924 1053 1067 1087 credetin

284 1115 287 1118 ’
303 1107 374 1137 me?
387 1105 472 1150 quod
487 1115 517 1135 ut
533 1101 586 1136 fiat
599 1114 683 1149 pater
701 1104 760 1136 dat.
786 1104 864 1136 Item
881 1102 971 1149 paulo
986 1102 1066 1148 post:

302 1154 411 1187 Nemo
424 1151 525 1199 potest
535 1153 638 1186 vtnire
652 1152 688 1185 ad
702 1165 769 1190 me,
788 1151 843 1185 nisi
857 1164 940 1199 pater
948 1154 999 1199 qui
1009 1152 1066 1185 mi-

306 1202 341 1236 fit
353 1215 420 1241 me,
434 1203 556 1235 traxerit
569 1215 651 1235 eum.
677 1202 733 1237 Et,
751 1202 867 1235 Omnis
883 1203 936 1248 qui
952 1202 1068 1234 aud1v1t

304 1252 416 1298 apatre
430 1255 461 1285 &
475 1251 597 1289 didicit,
622 1252 704 1283 venit
724 1250 760 1283 ad
776 1263 835 1283 me.
874 1252 952 1284 Haec
973 1251 1066 1297 gratia

305 1314 372 1348 quae
386 1299 507 1334 occult'e
520 1300 660 1333 humanis
673 1298 820 1333 cordibus
834 1298 937 1333 divina
950 1300 1067 1346 largita-

304 1362 334 1385 te
341 1350 500 1384 tribuitur,
514 1350 623 1384 anullo
631 1349 709 1381 duro
718 1349 812 1382 corde
820 1346 965 1395 respuitur
975 1373 984 1387 ‚
996 1350 1068 1395 ideo

303 1400 416 1446 quippe
430 1398 575 1432 tribuitur
588 1422 597 1434 ,
625 1409 657 1431 ut
677 1399 781 1432 cordis
796 1398 908 1432 duritia
925 1396 1066 1444 primitus

303 1447 470 1487 auferatur,
485 1448 610 1494 quando
626 1458 709 1493 pater
724 1448 804 1480 intus
818 1448 953 1485 auditur,
969 1452 999 1482 ὃς
1009 1449 1065 1481 do-

304 1511 351 1532 cet
360 1498 534 1531 utveniatur
547 1497 582 1530 ad
597 1497 707 1531 filium,
721 1494 818 1530 aufert
828 1509 883 1530 cor
896 1497 1065 1543 lapideum,

302 1554 332 1583 ὅ(
347 1548 396 1581 dat
409 1560 464 1580 cor
475 1559 618 1581 carneum
627 1571 636 1584 ‚
651 1545 724 1579 ficut
736 1545 890 1591 Prophetfi
898 1546 1062 1593 praedican-

303 1610 332 1631 te
345 1596 486 1644 promisit
496 1621 504 1634 ,
526 1595 562 1639 sic
576 1596 689 1643 quippe
703 1594 774 1630 facit
789 1595 871 1629 filios
886 1596 1062 1643 promiffio-

302 1649 348 1681 nis
363 1651 392 1681 δέ
404 1645 466 1680 vasa
479 1643 704 1680 misericordiae.
733 1646 879 1679 Similiter
894 1659 957 1693 cap.
975 1664 1006 1690 9.
1025 1647 1063 1681 de

301 1697 499 1743 correptione
512 1699 542 1730 δι
555 1694 656 1743 gratifi.
683 1696 729 1729 Hi
740 1694 871 1730 Christo
885 1696 1060 1746 intelligun-

301 1759 349 1780 tur
356 1746 429 1785 dari,
438 1746 490 1792 qui
499 1746 632 1779 ordinati
640 1743 704 1779 sunt
713 1746 742 1779 in
751 1746 842 1779 vitam
850 1746 1061 1794 aeternam,ipfi

300 1795 367 1830 sunt
376 1796 418 1829 illi
426 1794 626 1842 praedestinati
635 1820 645 1835 ‚
659 1799 690 1830 &
697 1796 798 1829 vocati
807 1794 975 1830 secundum
983 1810 1061 1843 pro-

298 1844 447 1893 positum,
462 1857 597 1891 quorum
611 1846 708 1879 nullus
721 1845 816 1891 perit,
831 1845 1061 1891 quoniamideo

299 1894 431 1929 Christo
445 1894 530 1928 datus
543 1894 604 1934 est,
619 1905 651 1928 ut
663 1907 729 1928 non
742 1905 846 1941 pereat
859 1895 1007 1931 &habeat
1015 1897 1060 1930 vi—

299 1955 360 1977 tam
369 1955 522 1977 aeternam.

348 1993 485 2027 Ultimus
499 2005 593 2040 quem
607 1993 754 2027 adducam
769 1994 855 2027 locus
875 1994 919 2028 est
944 2006 966 2028 1.
976 1996 1058 2031 Cor.

302 2056 335 2085 4.
342 2055 373 2087 7.
390 2043 470 2089 Quis
476 2053 503 2075 te
513 2042 672 2086 dtscermt?
682 2043 757 2089 qm'd
766 2042 853 2076 habes
858 2044 938 2091 quod
945 2057 1000 2077 non
1006 2058 1057 2078 ac—

300 2091 410 2139 ceprsh,
421 2093 451 2136 si
460 2103 560 2124 autem
572 2092 706 2140 accepstt
716 2117 725 2131 ,
747 2093 822 2138 qmd
832 2095 969 2142 gloriaris
980 2096 1063 2140 quast
1077 2112 1078 2119 1

299 2153 354 2172 non
360 2143 500 2188 acceperis⁴
508 2145 523 2172 ἒ
538 2144 618 2189 Qae
627 2140 783 2188 quisquam
792 2141 875 2189 supra
882 2141 997 2177 socium
1006 2144 1057 2178 ha-

299 2190 352 2222 bet
365 2189 458 2223 dona,
475 2189 531 2222 five
545 2189 655 2228 fidem,
671 2190 728 2223 live
741 2190 918 2225 charitatem
932 2191 1057 2226 fivelin-

298 2250 371 2284 guas
385 2262 395 2276 ,
421 2237 478 2270 sive
490 2238 633 2270 miracula
646 2261 655 2275 ,
682 2239 787 2270 onmia
803 2240 929 2271 veniunt
942 2241 979 2271 de
991 2241 1056 2272 Dei

295 2289 401 2319 dono:
419 2299 514 2319 unuin
527 2286 589 2318 hoc
604 2285 647 2318 est
662 2287 746 2332 quod
762 2284 833 2318 facit
846 2287 981 2319 electum
995 2285 1054 2319 dif-

296 2333 374 2368 ferre
389 2336 404 2368 a
417 2335 554 2381 reprobo
564 2359 573 2374 ‚
590 2332 713 2368 fidelem
727 2334 765 2366 ab
776 2333 908 2373 infideli,
921 2334 1054 2368 elefitum

295 2386 451 2418 donorum
465 2385 644 2430 pauciorum
653 2382 690 2417 ab
704 2384 806 2416 eleeto
816 2383 972 2417 donorum
986 2385 1054 2430 plu-

294 2435 372 2468 rium
382 2459 390 2473 ‚
406 2432 547 2467 discretio
556 2433 637 2472 Dei,
653 2431 774 2478 ejusque
783 2433 942 2467 distinctio
950 2433 1053 2467 homi-

294 2485 339 2517 nis
355 2484 392 2517 ab
404 2484 532 2517 homine
546 2483 696 2516 antecedit
709 2480 846 2528 ipsorum
861 2483 942 2517 dona
956 2507 966 2522 ,
989 2496 1053 2517 non

295 2533 632 2566 eorumdonadivinam
648 2530 874 2566 discretionem.

341 2584 505 2616 Multoties
514 2581 780 2630 Angustindocum
792 2581 873 2615 hunc
881 2581 966 2616 affert
974 2595 1051 2617 con-

294 2642 337 2665 tra
351 2634 512 2680 “Pelagmm
525 2635 555 2665 δι
571 2630 670 2664 socios
680 2643 713 2663 ac
728 2628 866 2676 sequaces
881 2631 1008 2677 epistola
1016 2632 1052 2665 ad

294 2682 411 2714 Valent.
434 2681 515 2729 Qis
529 2692 560 2714 te
574 2678 733 2718 discernit,
746 2680 950 2726 inquit,‚ideo
958 2681 1046 2719 dicit,

296 2731 365 2775 quia
380 2732 418 2764 de
431 2728 519 2763 mafl‘ii
533 2729 580 2762 illd
595 2730 775 2775 perditionis
792 2742 859 2776 quae
873 2728 951 2763 faeta
965 2730 1009 2764 est
1017 2743 1052 2766 ex

297 2780 412 2815 Adam,
427 2792 491 2812 non
506 2778 645 2812 discernit
658 2777 819 2811 hominem
835 2789 867 2812 ut
880 2792 950 2812 eum
966 2777 1054 2814 faciat

297 2842 344 2861 vas
352 2830 380 2862 in
387 2828 620 2866 honorem,non
630 2829 659 2860 in
667 2828 885 2861 contumeliam
895 2828 1054 2869 nifiDeus3

297 2875 346 2910 sed
361 2879 431 2925 quia
444 2877 544 2910 homo
564 2878 687 2911 carnalis
704 2881 734 2911 &
754 2878 912 2910 carnaliter
933 2877 1053 2912 inflatus

298 2926 368 2959 cum
382 2926 503 2960 audisset
516 2928 583 2973 quis
597 2938 627 2960 te
641 2923 799 2964 discernit,
820 2926 909 2972 poffit
926 2925 1050 2972 respon-

298 2976 368 3008 dere
385 2977 432 3009 vel
449 2988 504 3009 ore
522 2976 568 3009 vel
584 2976 794 3022 cogitatione,
810 2975 1007 3009 discernitme
1017 2975 1050 3009 fi-

298 3023 349 3056 des
358 3037 422 3056 mea
431 3048 440 3062 ,
456 3026 556 3057 oratio
565 3038 643 3063 mea,
652 3023 791 3058 discernit
800 3023 967 3068 mejustitia
975 3038 1053 3059 mea.

298 3068 468 3118 Apostolus
482 3075 615 3107 occurrit
628 3074 869 3121 cogitationibus
881 3074 1006 3113 talibus,
1022 3079 1051 3109 δι

297 3122 373 3154 dixit
387 3135 394 3154 :
415 3122 501 3169 Qid
511 3124 592 3155 enim
606 3123 710 3159 habes,
720 3123 806 3170 quod
818 3135 883 3156 non
896 3122 1052 3169 accepisti?
1068 3129 1070 3171 ζ

298 3171 401 3204 Etiam
414 3171 466 3204 lib.
479 3171 515 3204 dc
527 3172 696 3217 praedestin.
712 3184 775 3218 cap.
787 3184 812 3218 5.
834 3172 926 3207 Poffit
939 3175 1053 3221 quippe
1069 3197 1071 3202 ⁴

597 90 691 129 DE
746 89 1558 135 PRAEDESTINAT1.0NE‚

1098 162 1198 196 dicere
1206 161 1307 195 homo
1319 162 1439 197 inflatus
1445 162 1580 198 adversus
1590 165 1716 199 alterum
1726 191 1736 205 ,
1753 166 1861 202 discer-

1100 213 1144 246 nit
1160 225 1210 246 me
1223 211 1298 246 fides
1315 224 1398 251 mea,
1415 212 1528 256 justitia
1541 226 1624 253 mea,
1646 215 1694 248 vel
1707 215 1727 248 fi
1741 218 1815 262 quid
1826 231 1863 251 a-

1101 262 1163 295 liud
1190 276 1197 296 :
1219 261 1329 296 talibus
1349 263 1593 309 cogitationibus
1614 265 1749 298 occurrit
1761 264 1862 300 bonus

1101 312 1250 351 Doct0r‚
1268 312 1342 358 quid
1352 336 1361 351 ‚
1373 312 1474 359 inquit
1489 336 1496 348 ,
1522 313 1617 347 habes
1630 313 1716 360 quod
1732 326 1796 347 non
1812 329 1862 349 ac-

1101 360 1207 407 cepisti
1220 385 1228 397 ‚
1255 361 1271 394 a
1285 374 1350 408 quo
1363 360 1417 394 nisi
1432 362 1469 396 ab
1484 361 1539 395 illo
1556 364 1609 410 qui
1626 373 1656 396 te
1669 360 1809 398 discernit
1824 366 1862 399 ab

1101 410 1178 445 alio,
1193 410 1242 442 cui
1253 423 1318 442 non
1331 411 1455 444 donavit
1469 412 1554 457 quod
1570 412 1699 446 donavit
1711 413 1779 447 tibi.

1151 461 1212 492 Pro
1232 459 1403 492 rationibus
1429 458 1525 493 affero
1546 459 1716 507 sequentes.
1747 463 1859 497 Prima.
1874 471 1922 494 Pro
1935 468 2023 505 prade-

1101 507 1274 540 Electionis
1288 508 1444 542 decretum
1464 507 1508 542 est
1527 522 1623 544 unum
1637 509 1739 544 saltem
1753 513 1859 547 univo-
1873 511 2008 537 amatione

1871 548 1982 582 absbluta

1831 612 1836 618 ,
1871 590 1995 627 ratiopri-

1872 638 1923 657 ma-

1101 569 1188 595 cum,
1202 560 1234 591 &
1247 555 1403 591 uniforme
1415 558 1446 591 in
1460 557 1606 593 omuibus
1614 560 1750 605 objeffls
1763 575 1858 608 quan-

1100 618 1166 640 tum
1179 606 1215 640 ad
1229 605 1327 640 causas
1342 612 1373 642 &
1392 607 1589 643 conditiones
1602 633 1611 645 ‚
1636 609 1656 642 fi
1677 622 1816 656 appareat
1828 623 1859 644 m

1102 667 1165 689 uno
1178 656 1282 702 aliquo
1297 656 1429 700 objeeto
1442 656 1554 697 fidem,
1568 658 1745 693 charitatem
1762 684 1772 699 ‚
1791 673 1861 707 per-

1101 704 1294 740 severantiam
1303 719 1368 739 non
1381 707 1560 741 antecedere
1567 708 1723 742 decretum
1734 733 1743 748 ,
1757 707 1863 757 seque-

1101 767 1150 788 tur
1165 755 1196 788 in
1210 756 1296 788 nullo
1308 755 1440 800 objetsto
1453 755 1523 790 istas
1534 759 1731 792 conditiones
1744 771 1866 793 antece-

1102 803 1173 837 dere
1189 804 1362 838 decretum:
1381 807 1441 849 jam
1457 805 1531 839 vero
1543 818 1624 852 patet
1639 807 1670 841 in
1687 810 1790 843 multis
1805 809 1867 843 ob-

1101 853 1192 897 jcCtis
1216 852 1284 887 istas
1305 855 1503 888 conditiones
1518 855 1674 890 decretum
1699 870 1764 893 non
1778 869 1864 893 ante—

1102 903 1227 942 cedere,
1243 902 1387 938 videlicet
1398 904 1429 937 in
1442 905 1528 938 nullo
1541 903 1654 940 infante
1671 908 1724 953 qui
1738 907 1862 942 salvatur

1103 963 1172 986 ante
1186 965 1282 987 annos
1297 951 1504 993 discretionis,
1520 965 1683 1001 antequam
1697 955 1785 996 fidei,
1803 959 1869 1004 pie-

1102 1003 1170 1036 tatis
1179 1027 1188 1040 ,
1203 1006 1234 1036 &
1247 1001 1470 1049 perseverantia:
1479 1016 1601 1050 capaces
1609 1002 1758 1044 sunt‚imo
1766 1019 1868 1055 neque

1104 1052 1135 1084 in
1152 1050 1270 1085 Christi
1284 1052 1457 1092 ekffione,
1474 1064 1507 1086 ut
1515 1052 1586 1087 esset
1599 1065 1687 1098 caput
1698 1068 1806 1090 eorum
1815 1056 1868 1102 q'ui

1105 1102 1135 1134 in
1148 1099 1213 1147 ipso
1227 1098 1294 1135 sunt
1312 1102 1416 1135 elceti.
1448 1105 1481 1136 ln
1495 1105 1560 1147 ejus
1574 1103 1730 1139 electione
1743 1105 1781 1139 ad
1795 1104 1867 1139 offi-

1105 1151 1186 1184 cium
1203 1151 1439 1191 mediatorium,
1462 1152 1498 1185 ad
1511 1150 1746 1200 assumptionem
1762 1152 1867 1201 perso-

1105 1201 1178 1233 nalis
1195 1199 1319 1233 unionis
1333 1213 1403 1234 cum
1417 1200 1522 1236 divina
1536 1205 1651 1238 natura.
1675 1203 1791 1238 Christi
1802 1206 1869 1252 pie-

1105 1259 1150 1282 tas
1165 1272 1173 1283 ,
1194 1253 1225 1283 &
1242 1247 1473 1296 perseverantia,
1501 1250 1663 1299 omnisque
1677 1253 1708 1287 in
1720 1267 1760 1288 eo
1773 1255 1868 1302 gratia

1106 1297 1192 1331 fluxit
1203 1298 1241 1331 ab
1249 1298 1305 1332 hac
1319 1300 1433 1333 unione
1446 1300 1612 1346 personali,
1628 1306 1658 1336 &
1671 1302 1686 1336 a
1701 1304 1867 1337 miraculo-

1108 1349 1140 1380 lo
1153 1346 1214 1381 hoc
1229 1346 1306 1381 statu
1323 1349 1358 1383 ad
1373 1361 1466 1396 quern
1479 1349 1518 1382 ab
1530 1360 1645 1384 aeterno
1654 1351 1697 1384 est
1711 1352 1868 1399 praedesti-

1104 1408 1190 1430 natus
1203 1421 1213 1436 ,
1239 1398 1324 1443 atqui
1338 1399 1375 1431 ad
1388 1398 1470 1431 hunc
1489 1399 1601 1432 statum
1614 1409 1678 1433 non
1691 1401 1736 1434 est
1750 1402 1866 1436 electus

1104 1459 1139 1479 ex
1158 1446 1334 1492 prarvifione
1355 1446 1442 1479 ullius
1460 1456 1510 1479 aut
1525 1449 1668 1480 omnium
1690 1449 1820 1484 istorum
1835 1464 1867 1485 a-

1101 1496 1208 1530 c'tuum
1223 1507 1304 1542 quos
1324 1495 1355 1529 in
1372 1496 1453 1530 terra
1465 1494 1680 1543 praesciebatur
1695 1499 1726 1533 in
1741 1510 1867 1547 tempo-

1102 1559 1133 1579 re
1149 1543 1296 1579 facturus.

1148 1593 1375 1641 Responsiones
1389 1595 1627 1643 ‘Pelagianorum
1643 1596 1680 1629 ad
1692 1596 1754 1632 hoc
1775 1607 1866 1647 argu-

1100 1655 1237 1678 mentum
1262 1644 1300 1678 ab
1319 1643 1483 1692 Augustino
1506 1645 1547 1678 ita
1561 1644 1626 1679 sunt
1640 1646 1808 1685 dedolatae,
1831 1660 1864 1683 ut

1098 1691 1213 1742 sperem
1221 1694 1306 1728 nolle
1319 1705 1349 1728 te
1362 1707 1410 1728 eas
1425 1692 1573 1728 resumere
1588 1693 1806 1732 defendendas.

1144 1745 1241 1779 Ratio
1255 1741 1393 1779 secunda.
1412 1746 1494 1779 Vera
1507 1745 1622 1779 eleffio
1630 1745 1661 1779 in
1677 1747 1780 1781 multis
1789 1746 1859 1781 scri·
1871 1757 1992 1784 Secunda.

1098 1795 1193 1841 pruris
1207 1792 1339 1828 efficitur
1359 1791 1592 1828 fundamentum
1612 1796 1782 1831 multorum
1802 1796 1859 1831 be-

1097 1845 1280 1878 neficiorum
1289 1868 1299 1883 ,
1312 1847 1343 1879 &
1352 1840 1423 1877 fons
1434 1844 1598 1878 multarum
1607 1844 1858 1881 consolationum

1097 1894 1279 1928 mortalibus
1293 1894 1324 1927 in
1337 1892 1416 1927 terrai
1429 1894 1599 1929 viventibus
1615 1907 1623 1928 :
1646 1895 1695 1928 illa
1708 1895 1781 1930 vero
1796 1896 1859 1930 ele-

1097 1945 1163 1978 cstio
1182 1957 1249 1991 quae
1266 1942 1422 1991 posterior
1445 1942 1489 1977 est
1507 1943 1567 1978 fide
1587 1948 1618 1979 δέ
1638 1942 1860 1991 perseverantia

1098 1995 1207 2028 nullius
1221 1992 1365 2028 beneficii
1381 1991 1616 2027 fundamentum
1630 2018 1640 2033 ,
1656 1993 1768 2028 nullius
1781 2006 1859 2028 con-

1098 2043 1254 2077 solationis
1273 2040 1344 2077 fons
1365 2043 1414 2076 ulli
1433 2044 1557 2077 mortali
1577 2044 1710 2078 interris
1728 2043 1785 2077 effe
1798 2056 1858 2089 po-

1097 2092 1170 2134 test3
1186 2106 1257 2127 nam
1265 2091 1418 2140 posterior
1425 2091 1469 2127 est
1478 2093 1627 2126 omnibus
1638 2092 1803 2125 momentis
1811 2092 1856 2124 vi-

1097 2156 1147 2179 tae,
1163 2143 1303 2190 adeoque
1319 2142 1412 2176 bonis
1425 2142 1571 2175 omnibus
1588 2145 1619 2175 &
1633 2138 1852 2174 consolationi-

1097 2193 1167 2227 bus,
1184 2203 1314 2237 quarum
1326 2192 1358 2223 in
1373 2190 1429 2223 hac
1441 2191 1502 2223 vita
1517 2188 1616 2222 sumus
1631 2202 1771 2234 capaces:
1785 2202 1856 2235 per-

1094 2238 1254 2271 severantia
1267 2239 1349 2270 enim
1365 2249 1432 2282 quae
1445 2238 1530 2282 prior
1544 2237 1587 2270 cst
1600 2239 1754 2271 electione
1772 2242 1802 2272 &
1819 2251 1857 2271 o-

1094 2286 1217 2319 muibus
1230 2297 1296 2331 quae
1309 2285 1347 2317 ab
1355 2284 1631 2321 electionefluunt,
1649 2285 1803 2332 posterior
1811 2286 1855 2320 est

1094 2333 1208 2373 saltem,
1223 2334 1308 2367 nullo
1320 2333 1419 2368 modo
1427 2334 1513 2381 prior
1525 2347 1664 2370 extremo
1679 2335 1787 2370 nostro
1797 2334 1855 2384 spi-

1094 2385 1154 2417 ritu
1167 2387 1198 2418 &
1213 2395 1326 2417 morte.

1138 2434 1246 2466 Tertia
1260 2433 1348 2466 ratio.
1377 2433 1408 2466 Si
1426 2431 1540 2467 elefflo
1558 2432 1603 2467 est
1623 2433 1777 2481 posterior
1792 2434 1853 2470 fide
1866 2441 1953 2467 Tertia.

1091 2486 1121 2516 δέ
1135 2481 1371 2530 perseverantia,
1383 2493 1449 2516 tuni
1465 2483 1545 2516 nulla
1558 2483 1645 2516 datur
1661 2484 1852 2519 certitudoin

1090 2532 1219 2566 homine
1227 2532 1336 2579 quovis
1346 2531 1521 2579 cujusquam
1529 2530 1752 2579 perseverantia:
1771 2538 1801 2569 δι
1811 2533 1852 2568 sa-

1091 2581 1320 2629 lutis;quarndiu
1329 2582 1412 2614 enim
1420 2580 1578 2628 quisquam
1586 2583 1667 2619 vivit,
1676 2583 1778 2617 omnis
1787 2597 1852 2618 cer-

1090 2631 1192 2666 titudo
1205 2642 1266 2664 tam
1281 2630 1409 2675 subjecti
1423 2644 1514 2677 quam
1523 2631 1643 2675 objecti
1657 2631 1700 2666 est
1713 2633 1851 2680 impossi-

1091 2681 1177 2714 bilis:
1199 2677 1432 2713 fundamentum
1448 2681 1530 2714 enim
1543 2682 1732 2716 certitudinis
1745 2682 1849 2716 cstde-

1089 2740 1207 2765 cretum
1220 2729 1461 2776 electionis,quo
1469 2731 1558 2764 Deus
1571 2729 1673 2765 statuit
1685 2730 1848 2764 infallibili-

1089 2790 1136 2812 ter
1151 2791 1205 2826 per
1224 2778 1380 2813 efficacem
1400 2780 1527 2826 gratiam
1547 2780 1664 2813 clestos
1679 2791 1802 2819 vocare,
1820 2781 1847 2812 i-

1090 2827 1205 2875 pfisque
1212 2826 1460 2876 perseverantiam
1469 2834 1499 2863 &
1508 2827 1629 2862 salutem
1638 2829 1724 2867 dare3
1738 2828 1845 2862 decre*-

1087 2889 1123 2911 to
1136 2878 1199 2911 hoc
1212 2876 1329 2911 sublato
1340 2890 1404 2912 ruat
1412 2877 1527 2911 necesse
1535 2877 1687 2910 estomnis
1702 2879 1729 2910 ei
1743 2877 1845 2925 super-

1090 2925 1203 2960 structa
1217 2926 1379 2960 certitudo.
1411 2928 1494 2960 Socii
1510 2927 1553 2960 tui
1569 2939 1678 2960 omncs
1693 2929 1844 2972 majorem

1089 2975 1165 3010 hanc
1183 2975 1378 3013 concedunt,
1393 2977 1452 3019 jam
1466 2986 1566 3010 autem
1579 2977 1732 3010 certitudo
1745 2974 1843 3022 perse-

1089 3026 1228 3059 verantiae
1241 3022 1375 3059 &salutis
1390 3026 1596 3058 multorumin
1606 3024 1662 3058 hac
1674 3027 1732 3060 vita
1744 3025 1843 3060 estin-
1891 3030 1894 3035 '
1929 3036 1938 3043 ⁸

1090 3071 1226 3108 fallibilis
1237 3098 1247 3113 ,
1267 3085 1300 3107 ut
1313 3087 1348 3106 ex
1361 3074 1464 3107 multis
1478 3075 1636 3121 Scripturis
1651 3086 1731 3120 pattt
1745 3089 1754 3115 3
1781 3086 1842 3108 tam

1090 3121 1201 3158 scilicet
1216 3122 1374 3157 necessaria
1382 3136 1472 3170 quam
1483 3122 1540 3170 ipsa
1554 3125 1662 3157 veritas
1675 3129 1702 3158 δι
1720 3124 1842 3158 bonitas

1089 3173 1154 3207 Dei
1170 3197 1180 3213 ,
1206 3172 1298 3220 quam
1317 3173 1382 3207 Dei
1400 3174 1537 3220 potentia
1558 3174 1611 3220 qui
1628 3173 1658 3206 in
1672 3172 1699 3208 se
1718 3171 1842 3219 suscepit

1765 3234 1839 3268 prx-
