2048 3343
100 172 152 197 iius
176 166 247 204 Casa-

100 219 144 236 ies.

107 1513 175 1540 Dira
185 1510 259 1538 Clari-

100 1551 243 1587 flianomm

103 1591 243 1628 persecutio.

117 2877 258 2912 Constanti-

117 2926 164 2942 ητις
174 2922 208 2944 Ca
208 2916 249 2952 sar

118 2959 242 2983 Maximi-

118 2998 270 3031 nuviumyu-

120 3046 145 3061 re
153 3043 232 3062 nccat.

262 88 304 124 28
641 77 936 114 OPER1s

262 167 345 194 rum,
358 152 499 187 nobilem
513 151 709 187 Romanum,
729 150 814 193 cujus
825 157 920 181 mater
933 146 1021 179 Clau-

263 205 312 237 dia
333 202 439 250 nuperi
463 199 658 248 Imperatoris
683 199 802 231 Claudii
822 195 879 230 fuit
907 196 1018 242 neptis.

265 252 452 287 Constantio
466 252 530 284 data
544 249 586 283 est
601 249 631 282 in
645 260 772 281 uxorem
788 245 940 289 Theodofia
948 247 1021 279 Ma-

264 302 420 337 ximiniani
435 300 587 346 privigna,
601 303 631 333 &
644 298 759 331 Helena
772 295 949 341 (inflamini
958 307 1021 328 ma-

266 364 310 386 tcr
323 351 475 397 repudiata
489 349 542 383 est.

312 401 515 444 Dioclefiamu
528 398 565 431 ab
582 396 723 444 Augusto
742 395 862 442 collega
873 418 880 430 ‚
894 404 927 427 ut
939 403 1024 439 pater

267 450 438 484 aGallerio
452 452 481 483 &
502 446 690 482 Constantio
711 443 881 480 Caesaribus
901 454 933 476 ut
949 443 1024 475 Do-

266 501 365 533 minus
379 498 560 533 habt-batur,
575 509 685 530 omnes
698 505 829 541 quatuor
840 491 974 538 ingentia
989 489 1024 522 si-

267 549 330 582 mul
350 557 547 582 exercuerunt
571 546 658 579 bella.
704 541 920 578 Dioclesianus
940 541 1024 572 eA‘r-

268 597 403 630 chzlleum
417 597 469 644 qui
484 598 513 629 in
533 598 677 643 eAEgypto
696 591 891 625 rebellaverat
904 599 1020 635 magno

267 648 373 683 labore
386 647 507 680 tandem
520 643 695 692 perdomuit
707 665 717 679 ‚
744 641 830 686 capta
847 639 876 672 vi
892 638 1024 690 Alexan-

268 699 333 732 dria
348 721 357 735 ,
384 696 620 730 Maximinianus
635 692 752 734 majore
764 701 835 722 cum
848 686 1025 722 difficultate

268 748 410 794 regiones
424 742 580 777 Africanas
593 736 794 786 compescuit.

323 792 521 828 Constantius
536 791 574 824 ita
588 789 603 823 a
616 787 783 822 Germanis
797 784 972 834 angebatur,
993 795 1027 819 ut

270 857 340 879 cum
361 842 495 884 Carausto
514 842 672 872 Britannia
691 848 822 883 tyranno
841 848 948 883 pacem
967 834 1027 869 sta-

270 905 355 927 tuere
368 889 483 925 neceffe
492 889 650 923 habuerit:
664 887 818 931 Caraufius
830 884 900 933 post
913 883 1026 932 septem

269 954 420 976 annorum
434 939 624 986 tyrannidem
638 937 676 971 ab
685 937 788 969 Aleffo
802 933 957 970 confossus
971 933 1027 973 est,

271 997 300 1027 &
314 991 363 1024 hic
378 988 448 1038 post
461 990 553 1022 trium
566 988 604 1021 ab
612 987 829 1034 Asclepiadoto:
845 986 884 1018 ita
892 983 962 1032 post
975 984 1028 1018 de-

270 1054 340 1076 cem
355 1052 450 1073 annos
457 1040 615 1072 Britannia
627 1037 663 1070 ad
671 1034 890 1071 Constantium
904 1034 1003 1068 rediit.

319 1090 461 1123 Galerius
475 1088 579 1121 multis
592 1086 708 1134 proeliis
724 1084 864 1128 aNarfi’o
878 1085 969 1118 Persa
982 1081 1026 1116 su-

270 1150 390 1186 per-atus
400 1163 409 1177 ,
422 1138 544 1171 tandem
559 1137 691 1170 maxima
703 1136 804 1181 pugn&
818 1134 901 1167 vicit.
928 1136 1027 1181 Qar-

264 1189 329 1233 scus
342 1186 401 1233 ipse
414 1185 509 1234 fugit,
530 1198 651 1223 uxores,
669 1182 800 1223 sororeS‚
813 1195 896 1230 gaza,
913 1193 1028 1229 captae3

271 1240 312 1271 ita
334 1238 494 1271 Galerium
514 1234 596 1282 prius
615 1233 809 1267 abominatus
824 1233 1028 1276 ‘Dioclifiumu

270 1288 424 1334 amplexus
443 1285 486 1319 est
501 1309 511 1323 ‚
535 1284 606 1317 hinc
619 1293 751 1330 quatuor
770 1280 903 1316 Caesares
915 1281 1028 1325 junffihs

271 1337 361 1370 armis
375 1336 405 1368 in
419 1334 570 1369 Barbaros
584 1332 724 1366 boreales
739 1341 933 1369 movermm,
948 1342 1028 1378 qnos

271 1386 357 1420 variis
371 1385 486 1430 proeliis
499 1381 669 1430 fregerunt,
690 1385 720 1415 &
736 1381 826 1415 omni
841 1380 925 1414 bello
938 1379 1029 1413 finito

270 1433 461 1480 triumphum
477 1443 613 1480 egerunt.

318 1484 516 1526 Dioclqsiunus
525 1493 589 1516 tum
599 1480 683 1514 edito
691 1479 795 1513 edieto
804 1477 842 1512 ab
851 1479 952 1512 omnis
962 1476 1028 1512 for-

272 1544 352 1567 tunae
365 1531 545 1565 hominibus
560 1541 648 1564 more
663 1528 782 1562 Perfico
790 1528 886 1562 voluit
899 1527 1027 1563 adorari,

272 1579 450 1629 calceosque
470 1577 687 1614 exosculandos
707 1578 837 1625 gemmis
853 1578 1027 1624 adornavit,

271 1632 419 1679 quodque
431 1627 577 1664 funestius
590 1653 600 1669 ,
625 1625 818 1663 foediffimam
831 1626 1027 1661 Christiano-

271 1693 338 1716 rum
351 1680 499 1714 lanienam
512 1678 683 1717 mandavit,
708 1690 775 1725 quse
788 1675 957 1723 persecutio
971 1688 1027 1710 un-

272 1731 389 1765 decima
400 1730 506 1764 decem
519 1739 615 1763 annos
629 1726 762 1766 duravit,
783 1726 906 1760 tandem
920 1725 1027 1773 sponte

272 1781 449 1814 renuncians
462 1780 598 1826 Imperio
610 1778 713 1811 Salone
724 1777 755 1810 in
763 1776 858 1823 patria
865 1775 963 1810 hortis
971 1788 1026 1810 co-

273 1830 370 1864 lendis
382 1830 412 1862 in
427 1827 540 1863 summ&
549 1841 620 1875 pace
633 1827 764 1867 vacavit3
782 1828 888 1872 Qem
902 1825 933 1859 in
941 1836 1027 1860 aeter-

273 1892 348 1913 num
361 1889 507 1924 torquere
520 1879 608 1910 Deus
623 1875 723 1909 statuit
739 1900 749 1914 ,
771 1876 799 1909 ei
812 1875 984 1923 aliquandiu
997 1876 1028 1909 in

274 1928 362 1962 terris
381 1927 510 1974 quadam
530 1927 671 1960 beatitate
695 1922 755 1958 frui
775 1923 849 1971 saepe
869 1925 1026 1972 permittit.

274 1977 399 2012 Eodem
415 1989 479 2022 quo
493 1974 552 2022 ipse
566 1976 631 2014 die;
645 1974 691 2008 vel
705 1972 861 2020 persuasit,
874 1975 1032 2022 velcoegit

275 2027 425 2074 collegam
440 2028 710 2058 Maximiniauum
718 2024 895 2058 renunciare
903 2027 1031 2061 mundo,

275 2077 411 2122 Imperio
426 2075 538 2109 relic'to
553 2072 720 2108 Caesaribus
734 2070 912 2117 Constantio,
927 2079 956 2108 δ(
968 2077 1031 2108 Ga-

276 2126 355 2157 lerio.
369 2124 549 2167 Constantius
558 2128 588 2157 &
598 2124 734 2156 Galerius
743 2121 959 2157 discordiarum
968 2137 1033 2158 me-

278 2183 312 2206 tu
326 2196 335 2211 ,
360 2185 434 2218 quas
448 2173 629 2215 Dioclcfiani
641 2171 806 2204 auctoritas
819 2170 1013 2218 suppresserat
1025 2196 1033 2208 ‚

277 2222 441 2267 imperium
454 2220 553 2254 statim
567 2218 705 2257 divisere,
720 2219 786 2251 imo
800 2220 873 2252 vero
882 2220 1031 2264 postdivi-

278 2270 395 2304 sionem
407 2271 594 2302 Constantius
610 2267 715 2314 sponte
725 2268 841 2300 Galerio
855 2266 936 2301 cessit
944 2268 1034 2312 Afri-

278 2318 314 2352 cii
328 2322 359 2353 &
373 2317 463 2351 Italia
471 2343 481 2357 ,
499 2328 661 2351 contentus
675 2315 830 2362 Hispania,
841 2315 949 2355 Gallia,
960 2320 1034 2349 Ger-

278 2365 397 2406 mania,
417 2371 448 2401 &
461 2365 632 2400 Britannici.
676 2367 828 2404 Galerius,
848 2365 913 2412 quo
928 2365 1034 2399 melius

279 2418 410 2464 amplam
423 2415 504 2449 suam
518 2415 629 2450 sortem
643 2413 882 2454 administraret,
903 2414 1034 2450 Caesares

281 2468 355 2500 dixit
369 2468 589 2499 Maximinum
601 2478 635 2498 ex
650 2462 755 2498 sorore
767 2475 927 2510 nepotem,
941 2477 1034 2512 quem

281 2517 350 2560 Asta:
368 2520 399 2550 &
413 2512 704 2563 eAEgyptotpraefecit
719 2538 728 2552 ‚
755 2517 786 2548 &
799 2515 961 2554 Severum,
986 2515 1035 2549 cui

281 2567 399 2597 Italiam
408 2569 438 2600 &
446 2566 590 2609 Africam
598 2562 762 2602 commisit,
776 2561 836 2609 ipse
848 2565 1035 2600 Mammam,

282 2616 439 2661 Illyricum,
453 2619 483 2649 δι
500 2616 643 2648 Graeciam
656 2613 837 2660 gubernans.

329 2664 504 2697 Psaetoriani
524 2665 636 2696 Romae
651 2660 764 2707 pertaesi
778 2673 901 2695 morum
914 2665 1035 2701 Severi,

282 2714 471 2747 Maxentium
485 2711 696 2746 Maximiniani
710 2709 807 2743 filium
822 2721 923 2744 creant
935 2714 1035 2758 Impe-

282 2772 413 2795 ratorem
434 2777 441 2796 :
470 2765 596 2795 Severus
614 2773 684 2794 cum
703 2760 837 2793 exercitu
854 2761 999 2794 accedens
1018 2760 1035 2794 a

283 2808 337 2843 suis
355 2812 500 2857 proditur.
544 2808 730 2855 scantianam
748 2810 832 2843 antea
850 2809 1034 2844 concesserat

282 2857 348 2892 fatis
367 2860 476 2894 relitfiio
501 2859 620 2894 haerede
640 2857 848 2893 Constantino
868 2872 903 2893 ex
921 2858 1035 2894 Helena

284 2909 376 2952 priori
388 2922 483 2943 uxore
496 2924 503 2943 .·
523 2909 592 2943 huic
606 2909 636 2942 in
650 2920 778 2941 uxorem
792 2908 858 2942 data
871 2908 914 2942 est
929 2908 1034 2953 Fausta

284 2959 494 2992 Maximiniani
508 2958 569 2992 filia
578 2983 587 2997 ,
607 2958 846 2992 Maximinianus
858 2970 964 2992 amore
975 2959 1034 2992 do-

285 3005 417 3040 minandi
431 3008 536 3041 audito
554 3007 651 3041 fllium
670 3010 873 3041 Maxentium
887 3020 1011 3055 regnare
1023 3032 1033 3047 ‚

284 3056 421 3089 Romam
441 3057 560 3090 advolat
578 3071 585 3090 :
611 3068 749 3103 acceptus
771 3056 947 3092 honorifice
972 3057 1016 3091 est
1024 3082 1033 3097 ‚

285 3102 389 3136 donec
408 3105 568 3149 apparuere
586 3106 616 3138 in
635 3105 732 3140 filium
751 3105 861 3141 infidiae
875 3132 884 3144 ‚
909 3119 975 3141 tum
995 3108 1035 3141 ita

286 3150 364 3186 male
378 3152 393 3186 εἰ
406 3154 594 3187 Praetorianis
608 3153 651 3188 est
663 3154 801 3196 habitus,
814 3157 890 3192 utin
905 3158 1035 3192 Galliam

1049 1784 1139 1813 ¹cinio
1152 1780 1251 1814 edicta
1263 1777 1439 1826 amplissima
1452 1780 1483 1813 in
1495 1779 1614 1814 Christi
1627 1780 1784 1816 honorem
1792 1793 1826 1814 e-

1009 75 1453 114 Htsron1e1

1061 148 1096 182 ad
1109 160 1257 196 generum
1273 144 1400 196 fugerit:
1420 147 1470 182 hic
1484 149 1658 187 amicissime
1670 164 1812 200 acceptus

1061 198 1133 232 dum
1153 194 1266 231 fraudis
1285 198 1315 230 in
1331 196 1576 232 Constantinum
1588 212 1763 248 compertus
1778 203 1826 236 di-

1060 247 1221 286 laberetur,
1237 246 1379 282 Marsiliae
1389 258 1490 295 captus
1502 250 1606 296 generi
1619 251 1750 297 imperio
1763 250 1826 296 jus-

1061 293 1107 331 sus
1124 296 1167 330 est
1182 297 1273 330 mori.

1111 346 1267 384 Galerius,
1281 346 1392 380 rehem
1407 348 1437 380 in
1444 346 1605 381 Sclavom'ai
1612 346 1728 383 Caelare
1741 351 1824 382 Lici-
1837 359 1876 385 Mi
1887 369 1930 386 em

1062 398 1109 428 m'o
1122 419 1131 434 ,
1152 393 1212 440 ipse
1225 395 1256 427 in
1270 398 1473 430 Maxentium
1492 397 1629 431 Romam
1644 399 1822 439 contendit,
1838 399 1934 426 Galerii

1064 442 1112 477 sed
1131 444 1162 476 in
1175 444 1282 477 itinere
1296 442 1467 482 subolfaftfi
1485 445 1611 481 suorum
1631 445 1736 482 fraude
1749 460 1823 495 pro·
1835 448 1911 466 ἠοω-

1064 491 1135 539 pere
1148 492 1303 533 remeavit,
1313 491 1436 528 suborta
1449 496 1480 528 in
1495 495 1586 530 latere
1601 496 1684 543 peste
1699 498 1825 531 maximi

1063 542 1200 582 doloris,
1223 552 1255 575 ut
1269 555 1327 589 pro
1341 542 1369 577 se
1383 555 1582 590 precarentur
1595 545 1764 581 Christiani
1778 544 1826 581 ef-

1063 591 1210 638 flagitavit
1223 616 1232 631 ‚
1260 595 1406 627 revocatis
1427 593 1573 627 omnibus
1587 595 1618 628 in
1632 607 1740 629 eorum
1757 596 1827 629 reli-

1064 642 1191 688 gionem
1204 641 1312 676 ediffis
1327 656 1336 676 :
1358 642 1465 677 verum
1485 641 1546 677 sera
1558 641 1616 679 fuit
1628 649 1660 679 &
1674 644 1746 679 fieta
1758 657 1828 691 poe-

1064 691 1190 725 nitentia
1203 715 1211 727 ‚
1240 691 1342 738 itaque
1353 692 1385 726 in
1403 692 1605 727 horribilibus
1625 692 1826 742 phthirjaseos

1064 740 1247 774 cruciatibus
1261 741 1415 787 expiravit,
1429 754 1511 776 anno
1524 745 1647 790 Imperii
1664 742 1760 778 sexto.

1111 792 1249 824 Licinius
1266 787 1294 822 se
1306 789 1406 824 statim
1425 791 1502 826 dixit
1520 793 1723 841 eAugustum,
1745 795 1824 827 Ma·
1837 802 1975 840 Dioclesia-

1071 842 1160 872 rentii
1179 838 1338 885 tyrannide
1356 837 1508 875 crescente
1527 840 1543 875 a
1565 844 1676 877 Senatu
1696 844 1773 877 clam
1791 855 1824 877 e-
1837 854 1884 871 nus
1893 853 1990 872 veneno

1065 899 1200 930 xoratur.
1227 886 1427 930 Constantium
1448 899 1481 922 ut
1503 890 1535 923 in
1552 892 1673 925 Italiam
1687 894 1802 927 veniret
1817 883 1936 930 :spipfiqn
1944 893 1990 911 εκ·

1067 937 1239 985 paruitille‚
1252 937 1426 972 Mediolani
1439 941 1594 972 Licinium
1602 942 1762 981 convenit,
1775 941 1825 976 cui
1837 932 1938 961 tinguit.

1066 988 1150 1021 dedit
1162 988 1193 1020 in
1206 999 1335 1021 uxorem
1355 986 1495 1022 sororem
1513 989 1731 1034 Constantiam:
1754 990 1825 1025 cum

1066 1037 1101 1071 ad
1114 1037 1232 1084 nuptias
1245 1048 1370 1072 vocatus
1391 1050 1426 1071 ex
1448 1035 1610 1073 solitudine
1623 1039 1725 1074 venire
1739 1052 1827 1074 recu-

1064 1086 1154 1122 sasset
1174 1085 1388 1121 Dioclefianus
1399 1110 1407 1123 ‚
1431 1088 1567 1122 minaces
1581 1099 1711 1137 uterque
1724 1087 1826 1124 Caesar

1066 1137 1165 1169 literas
1178 1135 1290 1183 scripsit
1305 1137 1341 1171 ad
1349 1136 1537 1184 decrepitum
1546 1135 1647 1173 senem
1657 1137 1738 1186 quasi
1746 1141 1828 1172 Ma-

1065 1188 1164 1218 xemio
1192 1183 1342 1220 faventem
1355 1210 1364 1225 ,
1393 1197 1477 1220 metu
1502 1200 1578 1235 ergo
1597 1201 1752 1223 venenum
1772 1181 1835 1222 fibi*

1066 1233 1279 1269 Dioclesianus
1294 1236 1465 1282 propinavit
1477 1261 1487 1276 ,
1514 1240 1546 1271 &
1564 1248 1596 1271 ut
1608 1239 1732 1286 quidam
1745 1235 1828 1272 refe-

1066 1294 1150 1319 runt,
1169 1282 1321 1318 insaniens
1333 1285 1490 1332 expiravit.

1113 1332 1334 1368 Constantinus
1348 1345 1456 1368 contra
1469 1336 1664 1371 Maxentium
1680 1334 1827 1371 semelvi-
1839 1351 1984 1388 Constanti-

1067 1383 1152 1419 ἃοτ,
1167 1383 1360 1418 dumiternm
1374 1384 1448 1417 totis
1457 1384 1571 1419 viribus
1580 1396 1823 1421 concurreretur,
1838 1402 1885 1419 mu
1911 1400 1950 1430 op».-

1065 1444 1204 1467 metuens
1224 1433 1319 1478 magis
1333 1431 1349 1465 a
1363 1432 1519 1480 praestigiis
1532 1434 1625 1481 quam
1643 1435 1734 1468 armis
1753 1437 1825 1468 Ma·
1840 1432 1936 1467 christi

1063 1483 1158 1517 xentii
1171 1480 1344 1528 suppliciter
1357 1479 1474 1515 Christi
1487 1494 1581 1529 opem
1589 1483 1700 1517 oravit:
1717 1483 1747 1516 in
1755 1494 1825 1530 pre-
1838 1476 1950 1539 Μαχῖῗ·

1065 1532 1152 1566 cibus
1167 1531 1327 1578 ingentem
1340 1529 1463 1573 inhcaelo
1476 1543 1598 1566 crucem
1612 1529 1769 1579 conspexit
1777 1544 1826 1566 ac·
1838 1519 1955 1580 ZZZ-h

1065 1580 1152 1627 cepta*⁴
1159 1583 1286 1615 vocezin
1298 1578 1350 1612 hoc
1356 1581 1434 1627 signo
1446 1583 1556 1621 vinces,
1565 1582 1650 1628 quod
1658 1579 1826 1624 &factum

1066 1643 1134 1664 nam
1143 1630 1245 1678 primo
1253 1629 1401 1663 concursu
1415 1630 1561 1665 recedens
1572 1633 1759 1671 Maxentius,
1772 1644 1827 1679 per

1064 1691 1192 1728 pontem
1207 1691 1302 1727 quem
1315 1679 1426 1713 Tiberi
1440 1678 1643 1727 imposuerat,
1656 1694 1726 1715 cum
1742 1693 1827 1729 equo

1064 1728 1196 1778 delapsus
1209 1729 1364 1776 mergitur.
1392 1729 1615 1764 Constantinus
1623 1730 1682 1765 una
1694 1743 1764 1767 cum
1771 1733 1828 1766 Li-

1065 1830 1154 1866 didit,
1171 1829 1283 1877 quibus
1296 1831 1497 1862 Maximinus
1509 1827 1609 1863 Caesar
1620 1830 1727 1876 parere
1738 1830 1828 1876 cogi-

1065 1891 1123 1914 tur.
1149 1878 1262 1914 Postea
1274 1889 1375 1913 tamen
1394 1879 1462 1913 afta
1475 1879 1659 1925 poenitentia
1673 1879 1826 1913 Christia-

1065 1942 1178 1963 norum
1202 1926 1445 1976 persecutionem
1469 1924 1699 1964 Mammium
1721 1929 1827 1962 conti-

1067 1990 1153 2018 nuat,
1173 1983 1204 2013 &
1218 1989 1325 2012 contra
1339 1976 1496 2025 Augustos
1510 1988 1593 2024 parat
1606 1989 1703 2017 arma,
1720 1977 1826 2013 verum

1068 2030 1170 2076 primo
1187 2028 1293 2075 praelio
1305 2025 1386 2061 fusus
1401 2025 1463 2067 est3
1482 2037 1669 2074 reparantem
1687 2026 1763 2061 vires
1779 2027 1827 2059 in-

1068 2078 1147 2113 vadit
1160 2079 1246 2126 plaga
1262 2077 1381 2111 doloris
1398 2075 1476 2110 adeo
1491 2075 1558 2110 saevi
1568 2100 1578 2115 ,
1593 2086 1625 2109 ut
1638 2072 1827 2107 humisevo-

1069 2129 1176 2162 lutaret
1190 2126 1318 2160 comesis
1331 2126 1448 2172 digitis,
1462 2124 1584 2158 tandem
1596 2120 1728 2156 furiosus
1741 2121 1826 2156 estla-

1069 2178 1110 2210 vit
1118 2177 1249 2209 animam
1256 2198 1264 2210 ‚
1278 2175 1367 2217 hujus
1375 2183 1476 2206 morte
1483 2173 1570 2218 plena
1578 2171 1759 2206 Christianis
1769 2185 1825 2220 pax

1070 2224 1176 2257 statuta
1190 2222 1244 2254 est.

1115 2269 1394 2305 Verumenimvero
1408 2268 1544 2302 Licinius
1552 2268 1748 2303 Constantini
1757 2269 1826 2318 glo-

1070 2320 1120 2353 rire
1134 2319 1295 2365 impatiens
1318 2317 1514 2352 Christianos
1529 2331 1635 2352 vexare
1655 2320 1744 2366 caepit
1758 2343 1768 2359 ,
1795 2322 1825 2353 &

1071 2369 1176 2402 omnia
1189 2369 1220 2401 in
1234 2366 1431 2402 Constantini
1445 2368 1611 2414 perniciem
1624 2367 1694 2415 post
1708 2368 1827 2403 duode-

1071 2419 1132 2452 cim
1146 2430 1296 2452 annorum
1310 2417 1474 2451 amicitiam
1488 2417 1600 2451 moliri.
1626 2420 1660 2451 In
1673 2416 1828 2451 Pannonia

1071 2468 1264 2502 concurritur
1277 2491 1286 2504 ‚
1304 2466 1441 2501 Licinius
1454 2466 1652 2514 profligatur,
1673 2466 1781 2513 postea
1796 2467 1828 2501 in

1072 2515 1207 2551 Bithinid
1225 2514 1408 2552 saeviffimum
1421 2517 1557 2563 praelium
1570 2514 1628 2550 fuit
1641 2539 1651 2555 ,
1673 2515 1726 2549 ubi
1739 2515 1828 2564 plene

1072 2568 1169 2603 vietus
1185 2567 1322 2601 Licinius
1338 2578 1408 2599 cum
1426 2564 1480 2600 suo
1499 2564 1616 2601 Caesare
1635 2567 1830 2603 Martiano

1073 2617 1176 2651 uxoris
1193 2615 1334 2663 precibus
1352 2614 1530 2648 Nicomedia
1547 2616 1646 2650 vivere
1666 2614 1764 2649 libere
1776 2626 1830 2662 per

1073 2665 1173 2700 missus
1188 2664 1247 2703 est,
1263 2677 1337 2698 mox
1349 2675 1452 2698 tamen
1467 2665 1580 2712 aliquid
1594 2665 1725 2699 moliens
1738 2676 1828 2698 neca-

1071 2717 1096 2749 ri
1108 2713 1198 2759 jussus
1211 2725 1292 2747 anno
1311 2712 1429 2748 Christi
1448 2713 1664 2749 trecentesimo
1679 2712 1826 2760 vigesimo

1070 2763 1210 2811 septimo.

1117 2814 1255 2847 Notatur
1268 2812 1490 2847 Constantinus
1504 2812 1519 2846 εἴ
1534 2808 1711 2859 quibusdam
1718 2811 1825 2845 crude-
1839 2831 1893 2854 Cur
1903 2837 1969 2854 uxo-

1071 2863 1161 2896 litatis
1175 2887 1185 2901 ,
1209 2863 1347 2908 inprimis
1362 2862 1448 2909 quod
1460 2861 1597 2905 Faustam
1611 2873 1740 2894 uxorem
1753 2885 1763 2900 ‚
1792 2864 1824 2895 &
1837 2877 1889 2894 rem
1912 2868 1947 2900 ό-
1955 2864 1993 2902 fi-

1072 2908 1224 2958 Chrispum
1241 2910 1338 2943 filium
1352 2910 1506 2944 necandos
1521 2910 1668 2943 curaverit
1682 2934 1691 2949 ,
1716 2912 1823 2955 conje-
1836 2906 1899 2956 {um
1910 2911 1996 2951 ‘con--

1073 2960 1155 2994 &ant
1170 2959 1263 3005 aliqui
1273 2959 1427 3002 Faustam,
1440 2958 1485 2993 vel
1493 2960 1578 3006 quod
1591 2959 1628 2994 ad
1640 2959 1780 2994 illicitum
1793 2954 1962 3013 a-ffaubtimuta

1072 3022 1182 3044 norem
1200 3006 1353 3056 Chrtspum
1372 3007 1544 3053 pertrahere
1557 3021 1621 3043 non
1635 3008 1733 3056 posset
1745 3033 1755 3049 ‚
1778 3009 1825 3044 vel
1836 2996 1887 3013 πα
1905 2995 1940 3013 en
1952 3005 1960 3013 ⁹

1072 3059 1158 3106 quod
1177 3058 1352 3105 quempiam
1366 3056 1422 3091 suis
1434 3057 1538 3093 liberis
1550 3059 1582 3092 in
1596 3059 1729 3105 imperio
1739 3069 1825 3093 ante-

1072 3107 1144 3143 ferri
1157 3108 1290 3146 doleret,
1305 3104 1396 3155 Crispo
1410 3106 1543 3142 struxisse
1556 3109 1736 3144 calumnias,
1757 3119 1824 3154 quae

1073 3157 1143 3193 cum
1156 3155 1227 3204 post
1248 3158 1337 3205 Crispi
1356 3168 1464 3194 necem
1477 3157 1653 3205 patuissent,
1673 3155 1826 3192 struetrici

1721 3217 1826 3253 perni-

1845 2289 1957 2316 Licinius
1974 2287 1993 2316 ἃ

1844 2328 1988 2363 Constanti-

1839 2378 1869 2395 no
1888 2368 1975 2405 perdo-

1839 2415 1935 2436 matur.
