2048 3343
445 105 522 132 ET
579 92 955 131 CHRoNor.

42 178 189 210 comari&
204 165 291 214 quod
305 165 342 199 de
355 166 420 210 jure
433 164 572 200 leviratfis
586 164 637 198 hic
649 161 747 198 adfert
759 161 960 209 spanhemius

41 217 184 255 spanhenni
205 217 322 250 videtur
330 215 498 262 precarium
506 238 516 253 ,
529 226 586 248 nec
599 214 662 247 ullo
670 211 769 246 solido
777 210 960 244 fundamen-

40 260 123 286 minus
133 257 193 294 fili·
207 276 242 299 to
254 265 326 299 niti:
348 263 382 297 fit
400 262 565 297 Zorobabel
580 262 720 296 naturalis
733 260 811 294 filius
825 259 936 304 Pedajae
946 282 954 294 ‚

40 299 75 326 da
87 308 162 342 ΜΨ·
207 318 237 349 &
252 315 273 347 1(
282 315 354 362 galis
367 314 532 346 Salathielra's
543 336 553 351 ‚
579 323 633 344 cur
644 321 746 344 tamen
765 309 893 354 legalem
906 305 957 341 hic

41 345 166 367 mmmm*
203 375 391 411 exponamus
403 363 440 395 de
453 360 520 394 filio
531 363 597 405 jure
610 357 793 392 levitatfisde
800 369 896 390 uxore
903 359 958 389 Sa-

202 413 326 447 latln'elis
338 423 390 458 per
403 408 525 443 fratrem
538 407 683 454 Pedajam
696 404 814 440 sublato
823 430 832 446 ‚
853 407 956 453 potius

203 464 294 511 quam
308 461 345 496 de
358 459 424 493 filio
438 459 586 506 adoptivo
599 457 645 491 vel
659 456 696 491 de
705 468 794 490 mero
807 453 954 490 successo-

201 525 248 549 re,
268 510 342 544 nihil
361 509 453 543 habet
473 507 674 556 Spanhemius
694 506 779 553 quod
792 506 851 540 tale
865 507 953 553 quic-

199 573 291 608 quam
312 559 435 607 probet.
472 557 572 607 Qod
585 568 687 591 autem
702 557 739 590 ad
757 556 892 589 Gomari
905 568 953 590 ar—

199 622 379 658 gumentum
392 609 482 642 nimis
495 620 586 655 quam
595 604 668 653 saepe
681 605 697 639 a
709 604 896 655 Spanhemio
904 618 953 639 re-

197 662 327 707 petitum
341 659 356 693 a
369 671 444 692 voce
458 660 582 693 Gemuit,
597 654 679 703 quast
694 653 872 688 successores
885 659 952 689 &a-

197 710 320 757 doptati
334 721 397 742 non
411 706 529 755 possent
541 706 600 740 dici
615 704 727 751 geniti;
741 702 813 736 alibi
826 702 952 752 respon-

198 760 310 794 dimus.
343 761 530 803 Utcunque,
557 754 577 788 ii
591 754 666 787 nihil
679 751 750 787 esset
762 753 841 787 aliud
854 777 862 790 ,
890 752 952 801 ipse

198 821 259 855 prae
273 807 411 841 manibus
424 808 509 839 locus
523 814 736 852 argumentum
747 802 819 836 illud
832 803 953 837 videtur

197 857 362 905 profligare
376 871 383 891 :
401 856 560 890 admittere
574 854 655 887 enim
669 852 718 886 hic
733 863 887 899 coguntur
899 866 953 900 ge-

196 909 389 941 nerationem
403 903 644 951 metaphoricam
656 913 717 936 tam
731 914 823 949 quam
831 901 955 936 filiatio-

197 969 269 990 nem
281 981 290 995 ,
303 955 447 989 salathiel
459 955 541 988 enim
555 953 664 987 dicitur
677 952 803 999 gignere
818 950 953 984 Zoroba-

198 1006 288 1039 belem
306 1031 313 1044 ,
342 1018 404 1039 non
427 1015 528 1037 tamen
542 1002 668 1050 proprie
681 1025 690 1038 ‚
715 1013 785 1034 cum
807 997 954 1035 fateantur

198 1054 407 1089 Zorolmbelem
419 1053 584 1086 Sasashtelzis
596 1051 694 1085 filium
707 1050 872 1084 naturalem
888 1063 953 1084 non

198 1102 285 1138 fuisse
298 1129 307 1143 ,
333 1102 381 1138 sed
396 1102 512 1137 tantum
526 1101 664 1149 legalem,
678 1110 826 1145 nepotem
841 1099 953 1133 scilicet

199 1167 234 1187 cx
249 1151 338 1187 fratre
351 1153 476 1200 Pcdajae,
496 1164 570 1186 num
584 1163 618 1184 ex
633 1148 722 1196 ipfius
736 1148 823 1182 vidua
837 1161 873 1181 an
887 1151 952 1181 Pe-

199 1204 269 1247 a'ajae
280 1215 375 1236 uxore
389 1202 530 1249 propria,
546 1201 613 1247 quis
628 1198 711 1233 reete·
724 1196 852 1231 statuat?
867 1198 951 1231 Cum

199 1249 255 1286 ha'c
268 1252 305 1286 dc
319 1264 350 1285 re
364 1263 428 1284 non
441 1250 559 1284 tantum
573 1247 650 1283 sacra
661 1247 784 1296 pagina,
801 1245 849 1282 sed
861 1248 953 1281 etiam

200 1313 310 1335 omnes
323 1301 372 1334 alii
386 1301 527 1333 auetorcs
542 1299 654 1333 fileant.

252 1350 350 1398 Qod
364 1350 400 1383 ad
413 1349 540 1383 dubium
555 1346 717 1382 secundum
734 1348 858 1387 attinet,
872 1346 908 1381 ad
924 1345 955 1380 id

202 1400 312 1447 pariter
324 1400 379 1433 tria
393 1395 530 1444 responsa
541 1398 673 1432 invenio.
700 1398 839 1433 Primum
851 1396 893 1430 est
901 1409 954 1430 eo-

201 1462 270 1483 rum
283 1449 336 1496 qui
355 1447 546 1482 Zorobabeles
560 1447 773 1493 multiplicant.
805 1446 865 1480 His
881 1458 952 1493 pro-

201 1499 277 1532 clive
285 1497 327 1532 est
336 1499 469 1531 duorum
481 1496 646 1530 hominum
660 1496 732 1530 duas
743 1494 953 1534 facerelineas,

201 1549 290 1582 unius
302 1546 488 1580 Zorobabelts‘s
501 1545 597 1579 filium
612 1543 725 1579 faciunt
739 1544 861 1584 Abia,
882 1544 953 1579 alte-

202 1598 264 1632 rius
282 1596 431 1641 ‘Rhefizm
457 1597 510 1630 De
523 1594 718 1643 responsione
733 1594 788 1629 hac
802 1593 899 1628 dubio
913 1592 956 1628 se-

201 1647 330 1694 quenti:
358 1646 407 1680 bic
426 1644 544 1680 tantum
564 1644 696 1679 observo
715 1644 954 1692 duplicationem

199 1695 389 1731 Zorobabelis
408 1695 524 1729 nodum
543 1707 607 1729 non
628 1693 758 1735 solvere,
773 1693 827 1728 nisi
841 1694 887 1727 vir
901 1695 955 1728 tri-

201 1746 331 1794 plicetur
342 1770 349 1781 ,
368 1759 437 1779 nam
450 1758 516 1779 non
529 1743 648 1779 tantum
662 1745 727 1779 duae
740 1768 749 1783 ,
777 1742 825 1778 sed
837 1754 897 1778 tres
911 1744 955 1778 di-

198 1794 286 1831 versae
299 1795 494 1843 posterorum
509 1795 593 1829 lineae
606 1794 644 1828 ab
657 1808 696 1829 eo
710 1793 827 1834 fluunt,
840 1806 897 1827 una
911 1794 955 1828 est

196 1845 371 1882 Matthaei
379 1857 432 1892 per
440 1844 578 1881 «Abiud,
591 1845 646 1878 alia
653 1847 737 1877 Luca
745 1856 798 1890 per
807 1843 953 1888 'Rheso‘zm,

198 1900 231 1931 &
243 1896 332 1930 tertia
350 1895 487 1930 auetoris
501 1892 757 1943 Paralipomenon
775 1906 831 1942 per
848 1895 953 1929 eme-

191 1945 309 1990 fitllttm.

34 2001 117 2030 Annii
139 2008 186 2026 nu-
245 1995 382 2029 Secunda
396 1994 553 2043 responsio
567 1995 612 2031 est
628 1997 721 2032 Annii
734 1995 953 2036 Viterbienfis,

32 2051 78 2078 3⁴³⁵
91 2040 182 2077 ample·
201 2045 254 2092 qui
268 2042 380 2081 servata
394 2046 550 2079 identitate
564 2045 760 2093 personarum
775 2047 955 2093 multiplicat

34 2082 118 2150 {2¹22
132 2080 182 2108 ‘5⁰¹'
199 2095 325 2127 nomina
341 2094 422 2141 quali
435 2108 511 2129 unus
525 2096 690 2130 Zorobabel
699 2096 847 2131 habuisset
855 2096 953 2130 filium

119 2142 124 2148 ”
196 2143 396 2177 trinominem
405 2168 414 2183 ‚
428 2156 535 2191 utpote
543 2146 597 2192 qui
605 2157 728 2180 vocatus
738 2146 772 2180 sit
780 2147 953 2190 Messallam,

196 2192 319 2236 Qesa,
335 2197 365 2228 &
379 2193 500 2233 Abiud,
516 2195 581 2228 imo
596 2196 668 2230 vero
683 2196 772 2240 hujus
787 2196 885 2230 filium
899 2209 953 2229 ne-

197 2253 367 2289 potemque
380 2256 413 2277 ac
426 2254 555 2278 caeteros
568 2243 709 2291 posteros
718 2242 810 2291 usque
823 2245 859 2277 ad
872 2248 954 2276 Ma-

199 2294 279 2323 riam
292 2288 375 2324 fuisse
388 2304 497 2325 omnes
504 2294 703 2331 trinomines,
716 2293 794 2328 adeo
809 2293 879 2327 utin
887 2295 953 2326 Lu-

201 2338 238 2372 σιέ
248 2362 255 2374 ,
269 2339 413 2372 Matthaeo
422 2364 430 2379 ,
444 2344 475 2374 δι
490 2340 769 2374 ChronicisLineae
776 2353 885 2373 ornnes
894 2353 954 2374 tres

200 2387 257 2422 sint
270 2400 327 2421 una
340 2392 371 2423 &
384 2389 489 2422 eadem
498 2413 508 2429 ,
522 2389 706 2424 conveniens
720 2390 750 2422 in
764 2387 954 2436 personisiis-

200 2438 271 2472 dem
281 2442 309 2472 &
319 2438 499 2472 nominibus
512 2438 630 2472 tantum
644 2437 799 2473 differens.
807 2439 885 2472 Non
893 2449 955 2472 tam

200 2488 299 2522 miror
312 2487 426 2521 Italiam
446 2488 616 2535 producere
637 2486 767 2533 potuisse
780 2498 841 2522 tam
856 2489 952 2534 impu-

201 2538 326 2571 dentem
340 2536 619 2586 impostorem,qui
633 2535 685 2571 sub
700 2536 814 2571 fictitio
827 2538 955 2571 Philonis

201 2587 330 2620 nomine
354 2586 475 2621 infinita
499 2599 676 2622 commenta
694 2587 765 2621 orbi
785 2584 868 2621 ausus
889 2585 954 2621 fue-

201 2638 239 2669 rit
252 2635 418 2670 obtrudere
431 2661 441 2676 ,
467 2637 560 2685 quam
578 2647 717 2685 repertos
729 2636 787 2671 esse
800 2637 884 2671 viros
897 2638 955 2672 do-

202 2685 349 2720 Ctiffimos
370 2687 423 2733 qui
440 2685 588 2732 ejusmodi
609 2687 715 2721 deliria
728 2687 836 2734 patulis
865 2688 956 2721 nimis

199 2734 322 2769 auribus
334 2739 364 2770 δι
378 2735 506 2770 credulis
515 2737 622 2770 animis
634 2735 804 2771 hauserunt.
829 2734 956 2772 Miseret

203 2783 316 2827 erasmi
327 2789 357 2819 δι
372 2787 548 2819 Salmeronis
559 2788 718 2818 Annianas
730 2797 824 2833 nugas
838 2799 873 2820 cx
882 2799 955 2833 pro-

204 2832 279 2868 feffo
293 2834 470 2869 sectantium
484 2860 494 2874 ‚
517 2848 586 2869 nam
607 2846 714 2881 praeter
727 2845 862 2882 apertam
875 2836 955 2869 vani-

204 2893 298 2917 tatem
313 2884 410 2931 longae
424 2885 589 2920 hominum
603 2882 687 2918 seriei
700 2897 837 2931 quorum
849 2896 913 2918 non
922 2897 956 2918 u-

205 2944 261 2966 nus
275 2942 324 2965 aut
338 2934 426 2970 alter,
447 2932 495 2970 sed
508 2947 618 2969 omnes
632 2934 687 2968 tria
700 2934 816 2968 habent
829 2934 958 2968 nomina

206 2982 338 3015 omnino
350 2981 475 3018 diversa,
489 2987 574 3029 cujus
588 2984 762 3031 exemplum
776 2984 808 3018 in
821 2983 901 3017 nulla
909 2983 956 3017 hi-

207 3030 300 3065 storia
314 3029 361 3065 seu
375 3031 453 3067 sacri
467 3030 514 3066 seu
527 3032 657 3079 profana
670 3044 797 3081 apparet
809 3048 816 3068 :
828 3032 881 3080 ipsi
895 3034 956 3066 Eu-

207 3079 418 3128 angelistarum
432 3082 560 3129 catalogi
576 3083 637 3117 hoc
652 3084 791 3118 delirium
805 3083 957 3128 rejiciunt,

207 3129 280 3164 cum
295 3130 372 3164 inter
384 3130 591 3164 Zorobabelem
600 3136 629 3166 δι
638 3134 788 3182 Ιο]ὲρβ)κνη
795 3136 894 3167 Lucas
903 3145 958 3166 nu-

206 3190 305 3214 meret
318 3178 460 3228 personas
477 3181 658 3219 octodecim
673 3206 684 3223 ,
708 3183 874 3220 Matthaeus
887 3183 960 3221 vero

984 99 1204 127 OGICI

1265 87 1297 127 L
1327 101 1340 126 1
1370 101 1403 127 n.
1439 87 1491 127 ΙΙ.
1706 100 1748 140 57

993 160 1112 195 tantum
1130 172 1245 195 novem
1258 184 1268 199 ‚
1299 165 1331 195 δε
1350 162 1466 207 primus
1484 159 1747 207 Paralipomenon

992 211 1164 255 pauciores.
1187 209 1344 257 Jamvcro
1357 212 1431 256 quid
1445 210 1581 244 futurum
1595 209 1638 244 est
1647 212 1684 244 de
1692 223 1748 245 un-

991 258 1093 293 decim
1105 262 1190 293 Lucae
1201 257 1490 306 supernumerariis?
1508 261 1600 294 Unde
1615 258 1746 294 istorum

991 308 1157 355 unicuique
1166 310 1286 342 Annius
1294 309 1358 342 duo
1365 321 1444 342 nova
1453 310 1577 342 nomina
1585 310 1744 356 procudet.

1039 358 1139 403 Hugo
1165 358 1299 392 Grotius
1323 357 1478 404 singularis
1503 371 1743 393 novo-veterum
1761 367 1863 393 Grotius

990 404 1134 439 inventor
1147 405 1197 438 hic
1211 408 1357 446 accurrit,
1376 411 1408 441 &
1423 407 1452 440 in
1468 404 1521 440 suo
1534 408 1679 441 Matthaei
1692 421 1737 442 ca-
1758 408 1872 451 Annium
1886 406 1913 433 '¹⁷’

988 454 1095 502 talogo
1109 453 1231 501 singulis
1245 455 1261 489 a
1273 455 1359 489 Lucd
1372 457 1538 490 nominatis
1551 481 1561 496 ‚
1579 458 1710 491 totidem
1725 458 1742 493 ὲ
1758 455 1836 491 ΜΨ
1851 456 1891 472 ‘⁷²'

988 506 1116 552 regione
1129 517 1302 551 anonymos
1322 505 1468 538 Matthaeo
1488 503 1667 552 superaddit.
1698 508 1739 540 E-
1754 485 1891 563 1122&sp

987 555 1098 602 gregiae
1106 555 1215 588 Annio
1223 552 1375 601 suppetiae!
1385 555 1444 589 Sed
1451 557 1557 603 nugari
1565 555 1744 589 defimamus.

1033 607 1068 637 ln
1081 601 1228 650 responso
1246 605 1341 638 tertio
1362 602 1580 652 acquiescimus
1595 605 1682 652 quod
1700 603 1743 638 est
1761 609 1815 632 Tres
1838 611 1912 650 Zom-

989 654 1126 686 Gualteri
1132 677 1141 692 ‚
1153 656 1262 693 Parati,
1273 653 1423 689 Balduim·‚
1441 655 1561 693 VValaei,
1575 658 1605 689 ὅ(
1614 655 1744 688 aliorum
1760 644 1853 674 babela
1868 646 1897 673 ¹³

988 715 1053 748 quo
1073 703 1161 737 unius
1174 701 1371 750 ejusdemque
1391 703 1598 738 zorobabelis
1618 714 1679 738 tres
1700 705 1747 737 di-
1760 696 1813 715 ''W‘'

987 750 1080 786 versas
1094 753 1185 786 lineas
1199 751 1333 787 statuunt
1346 750 1519 799 descriptas:
1536 766 1627 787 unam
1641 753 1749 787 inTe-

989 801 1142 836 stamento
1154 803 1249 836 veteri
1267 802 1321 836 filii
1340 804 1405 847 ejus
1418 815 1489 836 natu
1504 804 1628 836 maximi
1640 803 1748 839 eme-

982 851 1089 895 fitllam
1097 855 1129 886 δε
1137 852 1267 886 aliorum
1281 853 1371 886 etiam
1385 854 1449 896 ejus
1457 851 1603 888 filiorum,
1612 865 1748 900 quorum

988 902 1152 948 progenies
1166 898 1223 934 fuit
1236 901 1390 947 praeclara,
1409 906 1485 936 &ex
1499 902 1613 949 quibus
1630 901 1748 949 guber-

988 961 1111 984 natores
1130 962 1164 983 ac
1185 950 1280 984 duces
1305 951 1423 998 aliquot
1442 948 1549 984 seculis
1566 952 1747 998 Judaeorum

987 1000 1071 1048 genti
1085 1024 1095 1038 ,
1122 999 1285 1046 Babylone
1304 999 1408 1034 reduci
1431 1000 1584 1046 praepofiti
1608 999 1683 1036 sunt.
1709 1003 1746 1035 In

986 1061 1071 1083 novo
1083 1049 1157 1083 vero
1172 1049 1376 1083 Testamento
1386 1061 1605 1096 proponuntur
1617 1052 1679 1085 aliae
1687 1063 1747 1084 no-

986 1111 1030 1133 vae
1043 1099 1108 1132 duae
1122 1099 1207 1133 lineae
1220 1098 1353 1143 ejusdem
1367 1098 1575 1132 Zorobabelis
1585 1124 1592 1136 ‚
1607 1113 1665 1134 una
1679 1104 1749 1134 eA-

988 1147 1078 1186 brad,
1092 1147 1184 1181 altera
1198 1147 1306 1191 Rhefie,
1332 1148 1387 1194 qui
1399 1148 1609 1183 Zorobabelis
1626 1148 1749 1184 fuerunt

988 1196 1044 1230 filii
1058 1193 1106 1230 sed
1120 1195 1265 1230 homines
1281 1197 1403 1243 privati,
1427 1201 1458 1232 &
1475 1211 1611 1246 quorum
1627 1200 1688 1234 vita
1702 1200 1750 1233 in-

988 1259 1035 1280 ter
1049 1247 1199 1293 populum
1214 1245 1342 1281 obscura
1354 1250 1385 1281 &
1405 1248 1603 1294 paupercula,
1624 1260 1752 1296 propte-

990 1309 1103 1343 reaque
1124 1296 1155 1329 in
1178 1295 1346 1330 Chronicis
1367 1297 1483 1331 omiffa.
1526 1300 1626 1347 Qod
1644 1309 1753 1346 praeter

990 1346 1092 1380 cosin
1112 1344 1286 1379 Chronicis
1309 1346 1490 1380 nominatos
1504 1347 1686 1382 zorobabel
1699 1347 1752 1382 ha-

990 1395 1090 1429 buerit
1102 1394 1201 1428 filium
1215 1393 1355 1438 Rhestzm
1367 1398 1397 1430 &
1413 1395 1554 1436 eAbma',
1569 1410 1704 1444 quorum
1719 1398 1754 1431 li-

991 1457 1053 1479 neae
1067 1445 1102 1478 ad
1116 1444 1264 1494 Iosephum
1276 1448 1306 1479 &
1322 1445 1499 1480 &dariam
1511 1446 1651 1481 derivatae
1665 1446 1732 1482 sunt
1740 1472 1752 1488 ,

991 1507 1084 1528 nemo
1098 1493 1217 1528 dubitat
1230 1494 1282 1543 qui
1296 1495 1444 1531 Divinam
1454 1496 1632 1532 Watthaeo
1645 1500 1754 1532 &Lu-

991 1557 1023 1578 cae
1038 1544 1260 1578 auctoritatem
1280 1544 1428 1578 attribuit.
1466 1545 1567 1594 Qod
1588 1548 1679 1580 etiam
1694 1546 1753 1581 viri

991 1594 1038 1628 isti
1053 1592 1175 1628 obscuri
1189 1591 1322 1633 fuerint,
1336 1595 1430 1628 altum
1446 1594 1483 1628 de
1498 1597 1534 1630 iis
1547 1595 1626 1642 apud
1640 1608 1753 1631 ornnes

990 1644 1132 1679 aufftores
1145 1641 1244 1677 sacros
1257 1647 1289 1678 δε
1302 1641 1450 1690 profanos
1458 1643 1609 1680 silentium
1618 1645 1754 1681 demon-

990 1694 1061 1728 strat
1072 1718 1080 1729 ‚
1107 1697 1138 1728 &
1152 1692 1238 1740 quod
1253 1694 1426 1741 pauperculi
1441 1718 1450 1733 ‚
1470 1706 1567 1742 parvae
1580 1695 1753 1731 admodum

991 1743 1103 1793 Josbphi
1113 1747 1144 1778 &
1158 1745 1271 1778 Maria
1283 1743 1321 1778 ab
1335 1744 1392 1779 illis
1406 1744 1438 1778 in
1452 1745 1550 1780 Linea
1563 1746 1649 1780 reeta
1661 1751 1692 1781 &
1707 1747 1753 1780 le·-

990 1793 1097 1842 gitima
1109 1794 1315 1828 oriundorum
1329 1791 1462 1830 fortunae
1478 1795 1620 1843 probant.
1649 1794 1752 1846 Qod

990 1855 1093 1880 autem
1104 1843 1168 1878 haec
1181 1841 1350 1879 obscuritas
1364 1849 1395 1880 &
1412 1856 1570 1893 paupertas
1582 1858 1653 1880 vera
1666 1844 1752 1880 causa

990 1893 1090 1930 fuerit,
1102 1906 1156 1928 cur
1169 1894 1185 1928 a
1199 1891 1345 1942 scriptore
1353 1894 1591 1929 Chronicorum
1604 1895 1751 1943 praeteriti

990 1944 1063 1984 sint,
1083 1954 1169 1978 certo
1184 1943 1247 1979 sciri
1264 1957 1327 1978 non
1341 1942 1443 1991 potest
1457 1958 1467 1985 3
1492 1957 1551 1991 pro
1565 1945 1751 1990 conjetsturfi

989 2007 1093 2030 tamen
1111 1993 1197 2028 valde
1218 1993 1373 2040 probabili
1399 1993 1502 2041 potest
1525 1995 1622 2042 accipi
1634 1994 1751 2033 ,donec

990 2046 1044 2080 alia
1059 2043 1253 2092 probabilior
1266 2042 1404 2077 alicunde
1417 2043 1503 2077 allata
1516 2053 1701 2091 compareat.

1039 2094 1146 2130 Restat
1152 2094 1276 2129 tertium
1283 2093 1412 2129 dubium
1420 2092 1511 2140 quam
1520 2091 1673 2141 superiora
1682 2105 1751 2141 gra-

991 2146 1073 2185 vius,
1101 2142 1237 2192 plurefiie
1260 2142 1373 2178 fuerint
1387 2142 1603 2177 Zorobabeles
1619 2147 1650 2178 Sc
1665 2144 1749 2176 Sala-
1765 2144 1918 2183 Malbspan-

990 2195 1085 2229 thielos
1101 2198 1115 2228 ἓ
1141 2193 1366 2230 Affirmativam
1389 2192 1534 2240 putabam
1554 2191 1640 2227 fuisse
1659 2191 1750 2227 solius
1765 2185 1918 2224 hemiuspost

990 2244 1168 2290 Spanhemii
1180 2243 1251 2289 post
1271 2247 1439 2276 Gomarum
1451 2267 1461 2281 ,
1489 2241 1539 2276 sed
1559 2242 1635 2276 ultra
1647 2243 1749 2290 inqui-
1761 2225 1919 2301 Jlss‘zz‘jsgo·

991 2305 1059 2327 rens
1081 2291 1206 2326 invenio
1225 2293 1382 2339 antiquam
1407 2290 1466 2326 esse
1491 2289 1670 2327 sententiam
1685 2317 1694 2331 ,
1720 2296 1750 2326 &
1767 2305 1896 2335 robabelcs„

991 2354 1049 2387 pro
1063 2343 1100 2375 ea
1112 2340 1187 2374 stare
1200 2353 1253 2387 per
1266 2342 1382 2375 multos
1396 2342 1478 2374 viros
1486 2341 1681 2374 doffiffimos
1688 2351 1751 2375 tam

993 2388 1177 2424 Pontificios
1191 2389 1285 2435 quam
1298 2387 1504 2423 protestantes
1513 2413 1522 2428 ‚
1538 2388 1647 2422 Gloffa
1662 2389 1752 2423 ordi-

991 2439 1075 2472 naria
1091 2462 1100 2477 ‚
1115 2438 1270 2474 Ursarus,
1286 2437 1475 2483 eAbnlensts,
1487 2442 1657 2488 Cajetanus,
1672 2442 1752 2472 Bar-

992 2487 1112 2526 radius,
1131 2487 1296 2531 Imftnisu,
1312 2489 1488 2527 Calatinus,
1503 2488 1518 2521 a
1531 2488 1658 2536 Lapide,
1677 2487 1750 2521 Che-

993 2540 1127 2576 mnisius,
1142 2536 1322 2575 Dalduinus,
1334 2538 1463 2570 Vl'alaeus
1473 2561 1480 2573 ,
1501 2541 1637 2572 Grotius,
1655 2541 1686 2572 δι
1700 2537 1751 2573 alii

992 2600 1059 2621 eam
1073 2599 1108 2620 ex
1124 2583 1261 2632 professo
1279 2597 1424 2627 tuentur;
1450 2596 1582 2620 attamen
1602 2589 1727 2620 ‘Paraeus
1739 2611 1749 2628 ,

993 2642 1039 2673 δε,
1054 2647 1087 2671 ut
1097 2634 1240 2670 existimo
1251 2660 1259 2672 ‚
1278 2636 1326 2670 alii
1338 2637 1548 2670 communiter
1561 2637 1612 2682 qui
1627 2635 1705 2670 hanc
1713 2637 1751 2670 li-

993 2699 1056 2721 tem
1070 2698 1135 2720 non
1147 2696 1294 2725 movent,
1308 2683 1372 2720 sunt
1387 2686 1418 2719 in
1435 2687 1583 2734 negativa.
1610 2687 1676 2719 Cur
1689 2698 1750 2734 po-

992 2735 1102 2770 sterior
1109 2735 1172 2770 haec
1180 2737 1276 2784 magis
1289 2735 1404 2783 placeat
1417 2736 1526 2774 dicam,
1536 2735 1650 2769 eumad
1662 2736 1750 2782 prio-

993 2799 1062 2820 rum
1075 2797 1254 2832 argumenta
1269 2783 1466 2832 respondero.
1494 2787 1571 2819 Haec
1584 2783 1671 2819 affert
1685 2788 1750 2820 Ga-

992 2837 1102 2868 latinus
1115 2835 1168 2869 lib.
1182 2832 1236 2868 suo
1250 2848 1280 2881 7.
1294 2848 1360 2883 cap.
1374 2848 1415 2870 12.

1041 2884 1159 2919 Primo.
1182 2885 1228 2918 Ea
1241 2885 1382 2919 dicuntur
1395 2884 1432 2919 de
1447 2883 1626 2918 Zorobabele
1637 2897 1704 2930 quae
1716 2895 1752 2919 u-

994 2935 1025 2968 ni
1039 2933 1160 2967 homini
1174 2947 1238 2968 non
1252 2945 1435 2982 competunt
1448 2959 1457 2973 ,
1482 2936 1625 2983 Haggaeus
1642 2933 1752 2969 scilicet
1767 2936 1894 2974 Responde.

993 2983 1122 3018 affirmat
1136 2982 1232 3030 ipsum
1246 2985 1328 3031 prius
1341 2984 1490 3031 templum
1503 2982 1703 3030 conspexisse,
1720 2988 1751 3019 &
1766 2977 1854 3042 turta?
1894 3015 1907 3022 ,.

994 3045 1096 3067 tamen
1116 3033 1166 3067 diu
1187 3033 1258 3080 post
1281 3034 1431 3080 templum
1452 3032 1603 3080 posterius
1625 3032 1726 3069 vixisse
1739 3049 1748 3076 ;
1764 3021 1912 3085 Ξζαέψῖΐῖἑ

993 3094 1073 3116 tanta
1085 3084 1153 3117 vitae
1166 3083 1287 3117 duratio
1301 3097 1340 3117 eo
1358 3082 1459 3117 seculo
1473 3083 1525 3117 uni
1539 3084 1607 3118 viro
1620 3097 1684 3118 non
1692 3097 1752 3132 po·
1792 3067 1836 3125 gad
1854 3106 1873 3125 1„
1915 3077 1920 3084 ³

993 3133 1052 3166 tuit
1072 3133 1251 3167 convenire.
1286 3132 1380 3178 Resp.
1401 3134 1558 3181 (jalatinus
1579 3134 1694 3169 ibidem
1717 3147 1754 3167 ex

995 3181 1048 3218 suo
1063 3181 1256 3231 supposititio
1263 3184 1390 3218 auetore
1404 3179 1515 3228 ³IQ1bbz'
1527 3182 1636 3219 nostro
1649 3182 1755 3265 (anetho

1351 3235 1388 3268 H
1395 3232 1415 3266 h
1676 3235 1721 3268 Ra
1742 3252 1758 3259 -
