2048 3343
0 1945 2 1958 .
59 1932 165 1968 cavisti

0 1987 3 2002 ι
59 1982 184 2013 morpro-

0 2022 5 2070 f
55 2017 132 2056 pm..

26 2931 28 2949 ι
68 2921 148 2953 Iunii,
157 2922 209 2948 De-

26 2961 29 2985 l
73 2962 142 2990 otiati
151 2983 159 2993 ‚
174 2972 208 2993 φ’

27 3004 29 3041 l
74 3005 177 3032 aliorum

28 3061 29 3074 ι
72 3055 143 3074 mor.

445 144 529 173 ΕΤ
589 133 1260 176 CHRoNoLoGIcI

220 209 328 245 stione
338 207 465 243 octava.
491 210 659 245 Secundo.
673 209 970 256 Malejejuniorum

218 257 236 293 ἒ
256 261 401 294 zechart'a
421 272 685 294 memoratorum
709 261 785 292 anni
811 269 970 291 vocantur

218 307 439 355 septuaginta,
448 311 503 355 qui
515 308 646 343 fuerunt
657 306 836 341 secundum
847 306 908 340 hos
918 305 972 340 su-

218 370 276 404 pra
288 359 449 392 ducentos
465 381 475 396 ,
497 370 570 391 nam
589 368 703 403 praeter
715 357 793 391 duas
806 355 974 403 septuage-

219 405 318 440 simas
343 405 359 440 a
385 406 529 453 scaligero
546 403 711 439 concesshs
733 430 741 445 ‚
767 405 900 440 fuerunt
920 405 974 438 alii

219 455 328 504 prope
346 453 550 502 septuaginta
568 457 644 489 anni
667 455 766 488 medii
795 470 802 490 :
830 454 846 489 a
867 456 974 502 primo

219 507 309 539 enim
321 507 389 553 Cyri
398 505 438 538 ad
450 505 651 539 tricesimum
665 507 748 539 Darii
761 505 892 552 Hystaspis
901 502 974 538 sunt

220 553 402 588 minimum
410 553 568 600 sexaginta
578 554 773 602 septcm‚qui
783 557 888 600 juncti
899 566 973 604 cum

218 602 435 650 sequentibus
448 605 490 637 ad
503 607 590 639 Darii
602 603 893 644 Notlnsecundum,
905 602 976 637 effi-

219 654 477 688 ciuntducentos
492 656 525 688 &
539 654 678 701 septem,
689 655 721 688 in
733 665 875 700 quorum
890 653 975 699 prin-

221 703 312 751 cipio
335 707 368 737 &
390 703 506 737 medio
525 702 719 749 jejunabant
736 702 844 748 Judaei
860 703 975 747 *obin-

221 750 355 786 censum
367 755 545 799 templum.
573 751 700 786 Tertio.
718 754 755 785 In
769 752 974 799 septuaginta

222 803 317 835 annis
338 804 478 836 Zecliariae
496 801 692 848 jejunabant
708 801 977 848 &lugebantJu-

222 851 283 885 daei
301 850 346 884 ob
359 848 526 884 incensum
540 852 702 899 templum
720 876 730 891 ‚
759 851 880 884 vastata
894 852 976 883 Hie-

223 899 412 946 rosolyma,
437 904 470 934 δε
483 902 600 947 populi
613 902 836 947 captivitatem
855 915 864 940 ‚-
891 912 976 934 con—

222 948 417 984 sentaneum
431 962 511 994 ergo
531 949 574 982 est
587 949 693 983 luxtffc
706 952 870 997 populum
884 949 976 981 annis

224 998 434 1046 septuaginta
460 997 653 1032 immediate
681 996 897 1044 sequentibus
917 997 975 1030 ista

225 1049 312 1080 mala
333 1073 344 1087 ,
371 1059 438 1081 non
459 1046 537 1080 vero
556 1049 650 1080 annis
669 1050 741 1093 plus
753 1057 883 1079 centum
902 1046 976 1093 post

224 1097 369 1130 reditum
382 1095 398 1130 a
410 1098 599 1143 captivitate
611 1096 842 1143 templumque
855 1094 973 1130 funda·

223 1155 296 1179 tum
310 1150 343 1181 δε
356 1145 553 1179 Hierusalem
566 1143 758 1178 aedificatam
776 1169 786 1184 ‚
813 1143 869 1178 etfi
885 1156 973 1178 non-

219 1195 297 1228 dum
309 1194 576 1228 circumcine‘tam
592 1206 699 1227 muro.
720 1194 760 1228 Et
773 1192 974 1240 vero‚ecquae

218 1243 299 1288 fingi
318 1243 420 1289 potest
432 1243 518 1276 ratio
531 1242 723 1288 curJudaei‚
742 1245 799 1290 qui
817 1242 971 1292 neglecto

217 1294 346 1337 jejunio
367 1294 459 1325 annis
478 1293 634 1326 omnibus
653 1292 854 1340 septuaginta
871 1295 972 1340 capti·

217 1342 327 1375 viticis
347 1345 381 1376 δε
401 1343 496 1375 annis
518 1343 615 1375 etiam
634 1341 794 1389 sexaginta
819 1342 941 1388 septem
955 1341 973 1375 zi

218 1389 340 1430 reditu,
350 1390 517 1425 tricesimo
531 1391 667 1424 demum
683 1392 974 1437 Dariiistajejunia

217 1443 479 1475 renovaverint?
508 1441 654 1487 Qarto.
668 1443 882 1489 Septuaginta
895 1441 974 1475 istos

217 1490 456 1537 Scaligeriauos
469 1488 485 1524 ὲ
499 1494 589 1524 Darii
600 1490 768 1538 trigesimo
780 1493 972 1539 incipientes

217 1536 364 1572 habmffe
378 1541 528 1586 oportuit
541 1539 699 1588 insignem
719 1539 862 1586 aliquem
875 1553 971 1575 evcn-

217 1599 290 1621 tum
315 1588 441 1634 populo
453 1588 586 1622 ludaico
609 1615 618 1630 ,
645 1589 689 1623 ob
702 1602 801 1636 quem
813 1602 847 1624 ut
860 1590 973 1624 chara-

217 1638 342 1670 &erem
362 1636 546 1682 hujusmodi
569 1638 707 1686 Epocha
730 1639 970 1675 institueretur.

215 1687 285 1721 Sed
296 1688 469 1721 volvamus
488 1691 522 1721 &
545 1689 752 1722 revolvamus
766 1692 875 1723 omnia
886 1692 970 1724 anti·

217 1748 360 1782 quorum
379 1733 499 1782 scripta
510 1736 594 1770 sacra
608 1741 641 1771 δεῖ
657 1736 793 1784 profana
805 1763 814 1778 ‚
829 1739 910 1771 nihil
921 1741 972 1772 in-

218 1785 520 1834 veniemusinsignc
539 1788 572 1819 in
590 1787 763 1832 postremis
773 1790 860 1821 Darii
873 1788 971 1838 Hysta-

217 1837 269 1882 spis
288 1837 377 1870 annis
399 1861 408 1876 ,
435 1835 529 1881 quod
551 1837 732 1871 commode
744 1835 865 1872 fundet
876 1838 970 1873 ullius

220 1896 316 1917 novae
328 1883 474 1932 Epochae
485 1896 593 1931 caput.

268 1933 318 1968 Ut
346 1944 579 1979 argumentum
611 1934 674 1969 hoc
705 1935 849 1971 declinet
872 1939 970 1972 Setlms

218 1983 357 2029 Calvisii&
371 2009 380 2023 ‚
395 1982 653 2019 comminiscitur
662 1983 903 2033 septuagefimae
915 1987 972 2021 bu-

216 2034 268 2077 jus
280 2032 503 2081 Scaligerianae
517 2045 615 2079 caput
632 2059 642 2074 ,
668 2047 737 2068 non
753 2038 785 2069 in
805 2035 970 2070 tricefimo

217 2081 410 2117 D.crit'sed1n
425 2084 533 2128 primo
541 2085 642 2118 Xerxis
652 2085 970 2131 collocari,quando

216 2138 324 2167 Xerxes
353 2132 491 2179 (Estherae
504 2135 640 2167 maritus
654 2135 802 2180 Affiterus)
829 2135 970 2170 inhibuit

217 2182 333 2229 templi
354 2181 547 2215 strusturam
564 2207 573 2223 ,
599 2181 616 2216 ὲ
637 2196 703 2228 qua
719 2186 907 2220 calamitate
917 2189 973 2219 Iu-

219 2231 310 2265 daeos
323 2231 390 2264 vult
402 2230 603 2279 septuaginta
616 2231 691 2266 illos
708 2245 812 2267 annos
829 2237 973 2269 Zeclmriae

220 2278 410 2317 numerasse.
436 2281 501 2315 Sed
521 2284 692 2315 inventum
710 2282 776 2316 hoc
787 2283 830 2316 est
845 2285 974 2330 Calvzfii‚

222 2329 257 2361 in
268 2342 338 2374 quo
351 2329 477 2363 nullum
489 2329 587 2364 habet
598 2343 655 2364 nec
665 2330 900 2367 antecessorem
912 2346 973 2367 nec

224 2376 405 2422 sequacem.
424 2380 595 2424 Tempora
605 2382 705 2412 etiam
719 2393 786 2413 non
797 2381 975 2426 quadrant,

225 2437 303 2458 nam
332 2423 348 2458 a
364 2427 474 2472 primo
494 2430 593 2461 Xerxis
609 2428 645 2461 ad
664 2428 846 2463 secundum
865 2427 971 2471 Nothi,

224 2472 404 2509 secundum
417 2476 534 2520 Calvifii
544 2475 640 2522 ipsius
651 2477 894 2516 calculum‚non
904 2478 974 2513 sunt

224 2525 303 2558 anni
323 2521 380 2556 nisi
398 2522 561 2569 sexaginta
572 2525 732 2571 quinque.
759 2526 890 2566 Tertio,
903 2531 976 2574 quis

225 2573 333 2607 credat
344 2582 418 2605 toto
432 2573 532 2620 Affiieri
546 2598 554 2611 ,
570 2574 677 2616 Eliberae
691 2576 797 2608 mariti
809 2587 974 2623 tempore,

228 2625 264 2657 δε
292 2624 461 2655 Artaxerxis
479 2626 547 2667 ejus
569 2622 629 2657 filii
645 2623 759 2657 diebus
774 2650 783 2664 ‚
807 2625 976 2659 decretum

226 2672 357 2706 nullum
376 2683 448 2716 erga
470 2672 593 2706 Iudaeos
614 2672 795 2715 benignum
811 2675 852 2708 ab
867 2675 976 2712 Elibera

229 2724 263 2755 δε
276 2722 669 2767 Mardocbaeoimpetratum
682 2721 770 2756 fuisse
789 2735 798 2756 τ
827 2735 862 2757 ut
875 2727 977 2758 omit-

228 2781 337 2804 tamus
355 2767 530 2803 refutatum
554 2771 634 2804 illud
654 2774 977 2819 Scaltgericommen-

228 2830 300 2853 tum
327 2819 368 2853 de
394 2825 485 2854 Xerxe
509 2822 623 2854 Es'iherae
650 2823 767 2855 marito
786 2822 976 2866 Qtaestione

231 2869 328 2906 sexta,

280 2919 339 2951 His
359 2930 427 2952 non
452 2917 655 2952 obstantum<
675 2921 769 2954 lunius
786 2919 976 2954 sententiam

232 2965 315 2999 hanc
334 2970 466 3015 scaligeri
483 2966 627 3015 sequitur
652 2972 683 3001 in
704 2968 764 3003 suis
783 2969 824 3003 ad
839 2973 979 3004 Zechariae

233 3015 575 3063 primiduodecimum
591 3044 600 3058 ,
629 3023 662 3053 ἃς
682 3017 976 3066 septimiqnattum

234 3067 413 3100 annotatis,
424 3065 475 3100 sed
488 3070 594 3112 paucis
608 3072 641 3102 &
655 3067 743 3113 quasi
756 3070 888 3107 timide,
903 3073 976 3103 Cal-

232 3114 314 3158 visius
335 3117 370 3147 &
391 3118 513 3148 Emmius
533 3116 649 3150 clarius
660 3144 668 3156 ,
682 3118 737 3152 etsi
750 3121 846 3153 etiam
859 3120 976 3152 admo-

233 3165 314 3198 dum
329 3164 440 3206 paucis
452 3188 461 3201 ,
480 3167 623 3199 Deoa'atus
641 3169 712 3201 inde
726 3181 797 3201 eam
814 3171 976 3216 proponit

229 3212 336 3255 nude,
350 3212 432 3247 nihil
441 3212 665 3249 determinans
676 3240 687 3258 ‚
709 3221 835 3255 Percrius
845 3221 889 3254 ita
899 3233 975 3267 pto-

1322 130 1444 172 LIB.
1472 133 1501 173 Ι.
1689 142 1762 181 191

1023 207 1118 254 ponit
1128 215 1164 240 ut
1179 217 1251 239 cam
1264 215 1329 239 non
1344 210 1466 250 rejiciat
1477 233 1487 249 ‚
1498 205 1552 243 etsi
1564 206 1687 255 aliquas
1701 211 1770 252 ejus

1024 267 1128 300 partes
1139 253 1328 303 improbet:
1350 255 1400 288 sed
1411 264 1530 292 Danaeus
1539 262 1573 293 &
1584 267 1771 294 Annotatores

1023 307 1173 354 anglicani
1184 317 1252 338 eam
1265 303 1402 351 expresse
1413 305 1578 343 refellunt.

1069 354 1218 398 Superest
1231 355 1326 387 tertia
1338 364 1409 400 quae
1422 354 1531 388 nostra
1542 357 1586 389 est
1599 356 1767 400 sententia,
1788 359 1920 388 sentencia

1021 413 1121 448 quam
1135 405 1285 444 calvinus,
1298 405 1453 438 Gualterus
1463 428 1471 442 ,
1489 411 1603 438 Danaus
1614 432 1624 446 ,
1638 417 1769 442 Annota-
1787 411 1857 429 ‘⁷⁶¹⁴-

1019 461 1090 485 tores
1101 451 1252 498 Angltcani
1263 454 1371 498 primi,
1384 453 1532 487 medii&
1544 453 1673 491 ultimi,
1683 460 1771 492 Fere..

1022 501 1090 541 rius,
1103 503 1237 536 salimus
1246 525 1254 541 ‚
1267 505 1300 535 &
1311 502 1361 534 alii
1373 501 1520 549 plerique
1531 504 1702 551 Scriptura:
1716 508 1772 539 ln-

1023 561 1180 596 terpretes
1200 561 1268 584 tam
1293 551 1510 586 Prote-stantes
1521 551 1620 598 quam
1634 555 1775 589 Pontifi-

1023 600 1073 636 cii,
1084 598 1274 646 sequuntur,
1286 601 1442 634 nimirum
1454 613 1559 635 annos
1571 602 1773 651 septuaginta

1028 650 1177 683 Zechariae
1195 647 1212 683 ῖι
1230 647 1436 698 septuaginta
1453 653 1571 686 Ieremia
1581 664 1648 686 non
1663 654 1779 688 distin«

1025 699 1079 744 gui
1091 722 1100 735 ,
1117 697 1167 732 sed
1189 697 1346 745 utrosque
1361 702 1395 733 in
1406 702 1513 747 primo
1525 705 1595 746 (yri
1605 702 1775 738 definere:

1027 748 1120 780 annis
1137 745 1376 794 septemdecim
1397 760 1474 784 ante
1491 749 1669 786 secundum
1689 755 1778 787 Darii

1024 796 1162 844 Hystaspis
1175 822 1182 835 ‚
1202 799 1236 830 in
1256 810 1323 844 quo
1344 799 1491 846 Angelus
1503 801 1778 837 Zechariamallo-

1024 858 1147 892 quutus
1159 845 1216 880 est.
1245 850 1449 882 Sententiam
1460 847 1624 885 hancnon
1637 864 1722 899 opus
1734 852 1779 886 est

1025 896 1091 927 aliis
1102 898 1306 940 argumentis
1324 898 1524 933 confirmare
1541 912 1643 945 quarn
1655 899 1778 947 quibus

1025 944 1203 989 superiores
1214 941 1442 985 refutavimus,
1452 952 1482 981 δι
1494 948 1561 995 ipsa
1573 950 1778 996 inspectione

1024 991 1132 1026 textus
1143 994 1294 1027 Zechariae
1312 993 1368 1039 qui
1382 995 1495 1041 aperte
1508 997 1710 1045 septuaginta
1721 1012 1780 1033 an-

1023 1053 1083 1075 nos
1094 1043 1279 1087 praeteritos
1290 1043 1450 1090 importat
1463 1067 1473 1080 ‚
1491 1043 1513 1078 sl
1534 1046 1584 1080 vel
1596 1047 1779 1082 secundum

1024 1092 1222 1125 Hebraicam
1237 1093 1422 1134 veritatem,
1437 1092 1489 1127 vel
1499 1093 1678 1129 secundum
1692 1097 1779 1130 mul.

1022 1151 1068 1174 tas
1079 1142 1275 1175 Doctorum
1288 1141 1454 1176 versiones
1472 1141 1550 1177 cum
1563 1156 1689 1179 veteres
1705 1158 1778 1180 rum

1022 1202 1128 1223 novas
1142 1190 1268 1238 legatur
1279 1215 1289 1230 ‚
1302 1190 1353 1225 vel
1364 1192 1464 1226 etiam
1482 1191 1662 1228 secundum
1675 1195 1777 1244 ipsam

1022 1238 1188 1287 vulgatam
1203 1241 1351 1274 Latinam
1365 1242 1444 1276 licet
1455 1254 1659 1291 corruptam,
1674 1244 1780 1281 modo

1021 1290 1390 1336 cuminterrogatione‚
1403 1304 1502 1338 quam
1515 1318 1524 1333 ,
1536 1304 1572 1327 ut
1585 1292 1679 1341 supra
1692 1295 1779 1330 vidi'-

1023 1337 1191 1386 mus,ipse
1204 1337 1350 1373 verficuli
1364 1351 1542 1375 contextus
1562 1367 1572 1382 ‚
1603 1347 1636 1377 &
1663 1345 1780 1379 advet-

1023 1386 1113 1422 bium
1138 1389 1364 1437 interrogandi
1388 1391 1487 1425 initio
1514 1391 1661 1427 versiculi
1684 1393 1778 1442 post-

1022 1448 1105 1473 tum,
1117 1436 1294 1473 necessario
1305 1438 1462 1474 inferunt.

1069 1488 1099 1520 Si
1120 1487 1256 1531 objicias
1274 1512 1284 1528 ‚
1311 1487 1580 1538 septuagesimam
1607 1492 1640 1525 in
1669 1493 1778 1540 primo

1023 1539 1089 1585 Cyri
1099 1535 1270 1570 finientem
1281 1536 1342 1571 effe
1356 1540 1452 1572 aliam
1466 1539 1507 1573 ab
1522 1552 1558 1574 ea
1570 1541 1602 1573 in
1613 1553 1678 1587 qua
1691 1552 1777 1575 tem-

1021 1589 1109 1632 plum
1129 1587 1174 1621 est
1189 1586 1396 1621 absolutum.
1436 1588 1538 1636 Resp.
1558 1591 1638 1624 Non
1661 1590 1778 1625 debuit

1020 1635 1085 1669 ulla
1097 1634 1332 1684 septuagesima
1349 1636 1455 1673 claudi
1475 1639 1524 1671 vel
1539 1640 1571 1671 in
1590 1639 1777 1674 exaedifica-

1018 1687 1113 1720 tione
1134 1685 1248 1732 templi
1268 1710 1278 1725 ,
1308 1690 1359 1721 vel
1382 1687 1702 1734 Hierosolymorum
1726 1703 1778 1725 re-

1019 1735 1231 1774 stauratione,
1246 1736 1331 1769 nulla
1344 1738 1432 1769 enim
1447 1736 1692 1784 septuagesimae
1703 1741 1777 1774 talis

1019 1783 1190 1830 promissio
1204 1784 1298 1818 ullibi
1309 1785 1396 1820 faeta
1408 1785 1536 1829 esttimo
1551 1789 1659 1822 omnis
1671 1787 1687 1822 a
1697 1790 1775 1822 Deo

1015 1833 1099 1869 fatffta
1111 1846 1169 1881 pro
1177 1833 1280 1867 miffio
1297 1837 1388 1869 annis
1410 1834 1614 1883 septuaginta
1625 1835 1774 1872 finienda

1015 1883 1164 1918 aleremur
1176 1884 1304 1930 prolata
1320 1884 1366 1918 est
1387 1909 1397 1924 ,
1423 1890 1457 1919 &
1471 1885 1632 1932 applicata
1650 1887 1706 1921 uni
1723 1887 1775 1921 se-

1017 1931 1225 1981 ptuagesimae
1259 1935 1454 1979 captivitatis
1489 1932 1701 1983 perfectisque
1737 1938 1772 1969 in

1020 1981 1200 2029 Babylonis
1213 1982 1305 2017 ruina
1317 1995 1374 2030 per
1387 1981 1498 2017 Persas
1514 2009 1523 2023 ‚
1538 1983 1704 2019 solutione
1715 1997 1775 2018 ca-

1019 2034 1180 2079 ptivitatis
1197 2056 1207 2071 ,
1235 2035 1268 2065 &
1282 2034 1386 2065 reditu
1399 2032 1593 2078 Judaeorum
1616 2045 1624 2065 :
1653 2033 1775 2068 nullibi

1020 2082 1099 2115 vero
1118 2080 1267 2128 promifit
1287 2082 1380 2114 Deus
1393 2083 1500 2115 statim
1528 2084 1564 2116 δε
1581 2083 1774 2117 immediate

1019 2131 1093 2179 post
1113 2132 1325 2164 terminatam
1345 2128 1614 2179 septuagesimam
1632 2134 1775 2179 captivi-

1022 2182 1097 2214 tatis
1117 2178 1356 2214 exaedificatum
1376 2179 1410 2212 iri
1424 2182 1585 2227 templum
1599 2185 1631 2214 &
1647 2182 1774 2222 urbem,

1019 2229 1075 2263 sed
1106 2229 1164 2262 issa
1189 2229 1308 2263 divinae
1337 2229 1556 2275 p‘rovidentiae
1590 2229 1774 2265 secundum

1018 2278 1110 2311 suurn
1138 2277 1387 2326 beneplacitum
1423 2276 1626 2324 perficienda
1662 2282 1774 2316 relidita

1020 2327 1103 2365 sunt.

1175 2425 1481 2465 QuAEsrto
1524 2422 1650 2453 xiie·

1023 2499 1104 2546 Qid
1118 2497 1303 2544 statuendum
1322 2498 1354 2531 de
1371 2506 1498 2541 quatuor
1509 2499 1644 2543 mensium
1653 2498 1770 2542 jejuniis

1073 2545 1092 2580 >z
1104 2543 1250 2581 Zethum}
1262 2554 1375 2590 (ἀρα.
1386 2557 1411 2577 ν.
1421 2559 1434 2590 3
1443 2569 1450 2577 .
1466 2547 1503 2581 &
1515 2548 1620 2592 Cap.8.
1632 2558 1723 2588 v.19.

1311 2595 1474 2627 memoratis
1485 2596 1500 2625 ,θ

1025 2675 1160 2734 REsp.
1192 2673 1277 2708 Non
1301 2673 1345 2706 est
1366 2673 1418 2708 hic
1438 2675 1565 2708 animus
1587 2675 1714 2722 digredi
1732 2676 1775 2712 ad

1085 2723 1280 2771 quaestiones
1291 2721 1332 2756 de
1346 2722 1511 2758 mensibus
1522 2753 1529 2763 ,
1545 2727 1647 2761 annis,
1658 2729 1689 2760 &
1703 2727 1776 2761 die-

1024 2772 1085 2807 bus
1107 2773 1300 2811 Hebraicis,
1321 2775 1394 2807 istas
1412 2786 1488 2807 cum
1511 2776 1632 2808 cacteris
1643 2774 1775 2810 salebris

1023 2825 1057 2855 δε
1069 2822 1163 2869 spinis
1176 2821 1415 2870 Chronolog'iae
1429 2822 1624 2858 reservamus
1638 2848 1645 2859 ,
1664 2837 1698 2859 nt
1719 2826 1777 2860 suo

1024 2873 1100 2904 loco
1113 2869 1208 2905 simul
1221 2883 1295 2904 cum
1318 2873 1413 2906 bono
1434 2875 1509 2906 Deo
1520 2874 1778 2920 perpendantur„

1023 2920 1096 2953 Nec
1110 2920 1149 2954 de
1162 2920 1309 2967 personis
1323 2922 1536 2955 moventibus
1557 2922 1608 2955 hic
1621 2925 1773 2970 quaestio-

1026 2981 1101 3004 nem
1131 2969 1171 3003 de
1203 2972 1332 3015 jejuniis
1367 2971 1604 3019 disputabimus
1621 2998 1631 3013 ‚
1660 2985 1771 3007 ursum

1027 3021 1165 3054 sherezer
1185 3022 1217 3052 ὃ(
1233 3023 1456 3066 Regem-melech
1469 3020 1589 3055 fuerint
1602 3034 1639 3055 ex
1651 3026 1774 3058 Princi-

1025 3069 1119 3114 pibus
1129 3065 1295 3101 Persarum
1308 3074 1339 3103 &
1353 3074 1438 3104 Dum‘
1449 3073 1585 3120 Satrapis
1597 3083 1634 3104 ac
1645 3072 1773 3114 aulicis,

1025 3129 1123 3163 prout
1139 3117 1253 3150 volunt
1268 3119 1409 3151 Ra'biui
1430 3132 1437 3153 ε
1460 3132 1499 3152 an
1513 3123 1570 3153 viri
1582 3123 1720 3167 primarii
1733 3134 1770 3156 ex

1025 3167 1232 3203 Samaritanis
1243 3191 1251 3205 ,
1273 3179 1373 3212 prout
1387 3171 1502 3218 Cymllus
1517 3172 1723 3205 Alexandrum
1735 3177 1770 3205 &

1025 3218 1078 3253 alii
1092 3230 1128 3252 ex
1139 3215 1288 3252 Patribus
1308 3231 1316 3252 ς
1339 3231 1378 3253 an
1391 3219 1468 3255 vero
1478 3218 1773 3266 Judaeiremancn-

1725 3279 1774 3302 tes
