2048 3343
142 358 217 390 Pomp
221 352 256 389 'eja'

143 406 239 429 yuvrms

143 434 273 463 crudeliore.

139 656 208 690 Sylla
218 654 269 681 Di-

139 693 237 722 fiatur&

129 735 240 771 secures&

137 775 245 804 abditae,

296 97 378 133 294
636 68 1499 117 OPErtislesTORIc1

293 157 358 192 sine
384 148 540 201 sepultura
559 147 815 191 abjiciebantur,
844 149 951 181 rnultae
972 146 1050 180 civi-

294 216 375 238 tates
403 199 741 247 transmigrationibus
767 196 1046 235 exhauriebantur‚

294 266 362 288 non
373 253 538 298 pauciores
546 250 734 297 quingentis
747 246 1046 280 millibusltalorum

294 301 467 347 tempestas
478 300 544 335 haec
555 298 631 344 Sylla
643 303 673 331 ὅ(
689 296 783 329 affari}
794 293 976 341 absumpsit.

348 353 499 397 Pompejm
518 347 674 382 Carbonem
701 347 734 378 in
766 343 914 379 Africam
947 342 1045 391 perse-

299 410 437 447 quutus,
457 412 530 433 eum
554 398 599 431 ibi
621 395 816 434 debellavit,
836 407 873 428 ex
893 395 969 429 viris
982 393 1042 439 pri-

298 450 407 483 mariis
434 450 555 481 multos
574 457 686 492 captos
709 443 879 478 crudeliter
900 442 1021 477 occidit
1036 465 1045 480 ‚

293 497 453 532 Carbonem
474 508 523 530 ter
541 496 721 529 Consulem
740 493 778 526 ad
800 493 874 526 suos
896 491 990 538 pedes
1011 491 1046 522 in

295 549 431 582 vinculis
451 546 614 591 abjec‘tum
631 542 838 580 obtruncavit
857 566 866 581 ‚
891 539 987 575 misso
1005 539 1044 573 ad

296 597 397 640 Syllum
407 597 521 642 capite.

341 646 489 680 Tandem
503 645 635 679 caedium
648 645 677 675 &
689 640 817 687 Imperii
829 636 973 686 pertatsris
982 638 1042 681 Syl-

294 694 324 728 la
336 693 504 730 Dietaturfi
518 694 546 727 se
557 692 730 731 abdicavit,
749 693 780 724 &
790 692 933 737 privatus
946 686 1042 722 seces-

295 745 331 778 sit
350 747 380 778 in
401 746 606 780 Cumanum,
626 739 659 774 eii
675 739 844 774 securitate
860 738 949 786 quasi
960 734 1040 771 nulli

293 805 435 838 unquam
448 792 634 826 mortalium
644 791 743 825 ullam
753 788 901 824 intulisset
911 798 1042 825 noxam,

291 843 402 889 ibique
421 843 454 874 in
477 840 610 875 summis
633 840 756 874 deliciis
788 839 827 872 ad
853 841 922 872 vitae
940 835 1042 870 finem

293 889 457 938 transegit.
484 888 637 924 Habebat
647 889 779 936 quidem
797 890 831 922 in
845 886 934 922 ltalia}
951 887 1042 932 supra

289 952 422 975 centum
445 941 559 988 viginti
586 941 687 973 millia
711 938 830 986 quibus
848 936 1040 985 proscripto—

287 1003 359 1024 rum
372 1001 468 1038 agros
481 989 690 1028 distribuerat,
706 993 736 1022 ὅ(
750 989 866 1022 Roma:
878 987 1037 1022 servorum

287 1040 487 1074 Corneliorum
498 1039 609 1074 decem
630 1039 732 1072 millia
745 1061 754 1077 ,
779 1037 896 1085 quibus
912 1035 1038 1070 liberta-

288 1100 356 1123 tem
370 1093 403 1123 δε
419 1092 470 1132 jus
480 1090 618 1124 civitatis
632 1088 760 1123 dederat
771 1111 781 1126 ‚
798 1085 940 1133 aliosque
953 1085 1037 1119 rnul-

290 1150 342 1173 tos
354 1165 362 1178 ‚
379 1140 433 1186 qui
445 1137 644 1174 summorum
657 1139 750 1186 ipsius
760 1137 911 1171 {celerum
923 1134 1036 1169 instru-

290 1200 402 1222 menta
423 1187 548 1223 fuerant
564 1214 574 1230 ‚
603 1190 659 1236 qui
678 1186 718 1222 ab
740 1190 810 1232 ejus
826 1188 904 1220 licet
922 1184 1038 1232 privati

289 1250 372 1272 nutu
384 1251 500 1273 omnes
516 1239 719 1284 pendebant:
746 1237 821 1270 hinc
841 1236 898 1270 viri
912 1244 983 1268 orta
995 1233 1038 1267 est

287 1288 321 1321 in
334 1288 651 1335 maximfityrannide
666 1286 792 1320 summa
808 1285 955 1318 securitas
967 1308 976 1322 ‚
1005 1286 1038 1316 &

287 1350 375 1371 tanta
386 1336 606 1377 confidentia,
625 1348 661 1371 ut
677 1333 817 1381 depositfi
831 1330 998 1368 Distaturfi
1010 1334 1039 1366 le

288 1387 418 1422 offerret
429 1388 466 1421 ad
477 1388 666 1422 reddendam
681 1386 856 1431 unicuique
872 1383 910 1417 de
925 1383 1039 1416 omni-

248 1476 250 1478 ,
286 1438 349 1473 bus
362 1438 421 1474 suis
432 1438 522 1472 fad-“tis
533 1440 704 1472 rationem.
734 1438 887 1468 Inventus
907 1432 1037 1479 quidem

121 2921 210 2947 Beuum

121 2961 243 2988 Sertoria-

120 3010 178 3028 num
187 3019 196 3030 ,

286 1501 370 1522 unus
393 1487 572 1523 adolescens
600 1488 657 1534 qui
683 1485 871 1519 redeuntem
899 1483 1035 1516 domum

285 1538 527 1574 fincliemribus
537 1538 692 1585 perstrata
701 1534 921 1568 convitiorum
930 1531 1035 1565 flumi-

283 1602 325 1623 ne
337 1587 547 1636 prosequutus
558 1585 613 1625 cst⁵
626 1597 694 1632 quae
710 1583 823 1617 onmia
834 1584 952 1615 tacitus
962 1580 1036 1623 Sylla

284 1640 377 1679 tulit,
397 1637 526 1671 tandem
547 1637 580 1669 in
591 1630 709 1668 domt'is
725 1633 838 1667 limine
858 1631 896 1665 ad
911 1632 1034 1665 amicos

284 1688 466 1728 conversus,
476 1687 541 1726 hic,
551 1685 668 1732 inquit,
679 1681 860 1718 adolescens
870 1678 986 1715 efficiet
998 1693 1037 1714 ne

283 1740 358 1785 quis
379 1739 459 1771 alius
480 1749 556 1770 meo
576 1734 730 1780 exemplo
754 1732 849 1765 talem
873 1730 1036 1778 magistra-

284 1798 355 1821 tum
375 1787 530 1834 deponat.
567 1785 725 1831 Perpetua
750 1792 922 1828 tyrannum
950 1779 1036 1814 hunc

284 1836 503 1884 praviffimum
518 1834 555 1868 ad
572 1835 643 1868 vitae
661 1831 761 1866 finem
775 1843 862 1865 anno
873 1830 970 1864 aetatis
990 1829 1036 1864 se-

283 1885 489 1933 ptuagesimo
519 1881 652 1917 felicitas
677 1882 832 1916 comitata
858 1879 902 1915 est
919 1905 927 1918 ,
954 1878 1036 1913 unde

282 1936 378 1981 Fanstt
390 1940 418 1968 ἅ-
434 1933 532 1967 Felicis
549 1944 739 1981 cognomen
758 1930 815 1965 fibi
830 1943 866 1964 ex
885 1929 1031 1963 adulato-

281 1996 355 2017 rum
381 1985 515 2018 confilio
542 1981 715 2029 assumpsit.
760 1981 874 2016 Unum
903 1981 1033 2012 tantum

281 2034 483 2067 moribundo
497 2033 611 2066 divinae
623 2033 675 2066 irae
687 2031 826 2078 sigillum
837 2027 1034 2080 impressum,

280 2083 369 2129 quod
386 2081 553 2116 Phthiriasi
575 2081 851 2114 medicamentum
872 2090 972 2112 omne
985 2080 1035 2112 lu-

280 2143 412 2176 perante
426 2135 459 2164 &
471 2130 628 2175 sanguinis
638 2131 780 2164 vomitu,
792 2130 824 2161 in
835 2128 962 2174 magnis
974 2128 1034 2161 do-

279 2179 404 2213 loribus
430 2181 684 2225 extingueretur.
730 2175 1031 2223 Splendidiffinium

281 2239 388 2262 tamen
400 2228 490 2276 quod
503 2238 648 2273 unquam
662 2226 751 2258 Italia
768 2225 846 2258 vidit
858 2222 953 2255 funus
963 2248 974 2263 ,
1002 2225 1030 2256 ei

279 2278 315 2311 in
335 2290 452 2324 campo
472 2279 615 2315 Martio,
640 2275 775 2322 Pompejo
791 2272 932 2306 maxime
957 2283 1029 2319 pro-

279 2338 424 2366 curante,
437 2327 600 2372 pera&um
613 2324 667 2358 est.

325 2375 398 2410 1³0st
427 2374 504 2417 Syllae
525 2383 664 2407 mortem
686 2374 719 2407 in
744 2383 847 2406 novas
875 2372 1029 2404 Romana

275 2425 422 2472 Respub.
436 2424 546 2459 turbas
558 2422 682 2456 incidit.
711 2418 842 2456 Consul
860 2422 948 2455 enim
963 2422 1027 2453 Le-

268 2475 352 2521 pidm
366 2476 526 2509 Marianas
539 2483 640 2518 partes
654 2471 870 2518 redintegrare
880 2479 1027 2504 conatur.

272 2524 318 2556 Ex
330 2523 439 2558 Gallia
449 2520 665 2569 Transalpinfi
675 2520 729 2554 sua
747 2519 916 2553 Provincia
937 2531 1026 2553 exer-

273 2576 370 2607 citum
390 2574 428 2607 ad
448 2572 561 2606 urbem
574 2571 735 2605 adducens
749 2594 758 2608 ‚
786 2569 917 2615 Pompeji
932 2565 1027 2615 oper-‚i

274 2623 347 2655 inde
358 2620 643 2667 submovetur:ipse
655 2622 687 2653 in
695 2618 873 2652 Sardiniam
886 2617 1026 2665 fugien5‚

275 2671 392 2705 morbo
408 2672 455 2706 ibi
468 2671 590 2704 interiit
602 2693 611 2708 ,
623 2680 775 2715 magnam
788 2665 944 2700 exercitus
956 2679 1025 2711 par-

275 2730 341 2753 tem
366 2724 511 2766 Perpenna
533 2720 567 2752 in
589 2716 779 2762 Hispaniam
798 2715 836 2748 ad
865 2715 1024 2748 Sertorium

274 2768 425 2809 adduxit3
456 2770 583 2815 reliquae
603 2765 709 2813 Lepidi
728 2766 830 2811 copiae
850 2764 909 2799 sub
931 2768 1024 2798 Bruto

274 2816 332 2851 sese
353 2821 484 2865 Pompeio
505 2816 714 2853 dediderunt,
741 2817 890 2860 Pompeius
903 2818 1025 2848 Brutum

276 2866 418 2901 deditum
436 2867 485 2902 sua
497 2879 572 2901 cum
583 2863 717 2899 infamia
728 2865 856 2898 cecidit.

325 2917 462 2950 Sertorius
474 2917 690 2950 Marianarum
705 2915 844 2960 partium
853 2911 917 2946 dux
929 2911 1026 2958 impi-

278 2966 434 3008 gerrimus
446 2965 639 2999 Lusitaniam
652 2988 660 3002 ‚
689 2968 720 2997 &
733 2974 877 2997 caeteram
887 2974 944 3008 pro
957 2973 1022 2994 rna-

278 3012 340 3057 gnfi
351 3025 433 3056 parte
449 3014 639 3060 Hispaniam
654 3012 723 3059 post
739 3013 768 3046 se
784 3014 881 3045 traxit
892 3035 900 3047 ,
920 3011 1025 3045 varios

277 3063 447 3094 Praetorios
468 3067 497 3095 δε
523 3060 734 3097 Proconsules
749 3074 823 3095 cum
843 3060 906 3095 suis
923 3061 1026 3106 copiis

277 3106 361 3142 fudit
377 3107 584 3156 fugavitque;
607 3111 766 3144 Metellum
786 3122 942 3156 magnum
964 3108 1025 3142 du·

277 3170 348 3192 cem
362 3169 474 3192 contra
491 3155 518 3191 se
533 3170 608 3192 cum
625 3161 736 3194 multis
749 3164 780 3194 &
793 3160 902 3196 validis
920 3160 1023 3206 legio-

1090 146 1187 182 nibus
1208 146 1333 182 mifl'um
1353 150 1483 197 aliquot
1499 154 1588 187 annis
1600 151 1709 190 elusit,
1734 153 1839 190 donec

1092 199 1238 244 Pompejus
1260 199 1385 233 Metello
1416 201 1584 244 adjunctus
1609 201 1684 238 esset
1699 221 1709 243 ς
1741 206 1838 238 etiam

1091 256 1160 281 tum
1184 259 1357 296 utrumque
1377 249 1415 283 ad
1434 263 1555 284 annum
1574 251 1735 286 decimum
1749 253 1839 287 lass'a-

1090 297 1148 336 vit‚
1160 296 1333 344 multisque
1344 299 1456 345 praeliis
1468 299 1638 346 superavit,
1648 303 1840 350 Italiamque

1089 344 1127 377 ad
1141 346 1237 380 Marii
1247 358 1349 392 partes
1369 351 1554 395 reparandas
1573 351 1728 395 petiturus
1746 353 1839 387 vide-

1090 392 1194 433 batur,
1211 395 1268 429 nifi
1281 399 1427 444 Perpenna
1437 398 1555 433 invidi&
1566 400 1744 434 stimulatus
1754 427 1762 438 ,
1787 402 1840 434 vi-

1090 454 1161 476 rum
1186 443 1219 477 in
1246 447 1399 481 conv¹vio
1420 447 1599 494 proditorie
1627 448 1839 484 confodisset.

1088 492 1165 526 Hoc
1176 505 1310 528 mortuo
1324 494 1458 543 Hispani
1477 498 1515 531 ad
1535 498 1694 532 Metellum
1707 502 1738 533 &
1752 502 1840 533 Pom-

1085 543 1147 586 jum
1160 545 1302 577 certatim
1314 545 1484 580 transivere
1497 571 1507 586 ‚
1523 549 1556 580 &
1569 551 1712 594 Perpenna
1721 545 1813 582 facile
1823 545 1841 581 5.

1087 593 1223 638 Pompejo
1242 594 1344 628 vitfhis
1363 607 1436 628 cuin
1457 595 1611 631 omnibus
1629 600 1662 631 in
1681 598 1840 632 sertorium

1086 643 1265 686 conjuratis
1275 643 1490 678 obtruncatus
1499 643 1556 679 est.

1133 693 1218 725 Inter
1235 693 1429 739 gladiatores
1446 695 1557 729 Thrax
1579 705 1644 729 erat
1665 719 1675 735 ‚
1698 695 1838 730 nomine
1857 704 1976 743 Etspar-

1087 746 1255 785 Spartacus3
1279 742 1331 776 hic
1343 755 1416 777 cum
1429 744 1498 777 aliis
1517 743 1716 791 septuaginta
1732 743 1838 779 custo·
1854 744 1916 771 ‘⁴⁶¹'-

1087 788 1138 822 dia
1160 788 1288 825 effraetfi
1305 791 1336 826 se
1364 793 1397 826 in
1426 792 1607 828 libertatem
1629 792 1752 828 asseruit
1766 795 1783 833 ς’
1799 792 1840 828 ad

1086 837 1174 873 hunc
1191 850 1243 873 tot
1254 839 1282 874 se
1294 853 1374 874 mox
1384 844 1602 888 aggregfirunt
1617 854 1651 877 ut
1661 844 1839 878 exercitum

1085 891 1294 929 contraxerit,
1308 902 1376 937 quo
1389 892 1492 924 varios
1502 892 1731 927 Romanorum
1742 893 1839 927 duces

1084 937 1288 986 profligavit,
1307 938 1438 973 tandem
1457 939 1631 974 hominum
1649 941 1835 989 desperato-

1083 999 1153 1020 rum
1166 1000 1296 1022 centum
1317 990 1433 1036 viginti
1445 988 1544 1024 millia
1555 992 1587 1024 in
1600 990 1705 1024 castris
1722 993 1834 1025 conti—

1083 1048 1163 1070 nens
1175 1063 1184 1077 ‚
1204 1038 1260 1085 ipsi
1277 1038 1348 1072 urbi
1360 1037 1585 1074 formidandus
1598 1039 1694 1074 evasit
1708 1065 1718 1080 ,
1747 1040 1835 1074 hunc

1083 1087 1210 1120 Licinuu
1235 1090 1345 1133 Craffus
1363 1088 1482 1123 Praetor
1498 1092 1582 1125 varia
1600 1091 1705 1137 praelia
1724 1090 1836 1125 decer-

1080 1146 1150 1169 tans
1164 1137 1294 1171 tandem
1306 1137 1493 1173 debellavit.

1128 1186 1189 1220 Sed
1201 1189 1380 1221 maximum
1389 1188 1551 1222 Romanis
1565 1187 1692 1225 bellum
1704 1189 1737 1225 eti
1747 1202 1832 1226 tem·
1851 1204 1966 1234 Mithri-

1083 1234 1200 1278 pestate
1209 1237 1225 1270 a
1236 1235 1420 1271 Mithrzdate
1431 1238 1747 1287 incubuithiquit
1755 1238 1833 1284 Sylla
1850 1243 1928 1276 darem
1939 1257 1975 1278 <9-

1082 1283 1115 1315 in
1125 1284 1431 1321 AsiaProconsulem
1442 1293 1605 1328 Mur-anam,
1617 1289 1667 1323 hic
1678 1288 1834 1337 triumphi
1849 1290 1978 1326 vgranem

1081 1334 1217 1370 Parthici
1228 1336 1339 1370 avidus
1352 1335 1561 1372 Mthrtdatem
1570 1339 1607 1372 ad
1624 1351 1750 1373 novum
1764 1338 1834 1373 bel·
1852 1332 1964 1378 Laculim

1083 1384 1151 1417 lum
1165 1387 1303 1420 invitum
1317 1388 1430 1420 traxit:
1444 1387 1482 1421 de
1495 1389 1608 1422 multis
1617 1390 1743 1433 injuriis
1752 1390 1832 1436 pati·
1842 1371 1965 1414 [ΜΕ-Ψ-

1082 1434 1196 1468 εηῐεῑέι
1206 1437 1233 1468 se
1242 1436 1312 1468 latis
1320 1435 1512 1470 adSenatum
1525 1436 1623 1470 miffis
1632 1439 1745 1483 legatis
1754 1451 1834 1484 que-

1082 1483 1146 1517 stus
1158 1484 1293 1522 effidum
1306 1483 1388 1517 nihil
1401 1487 1484 1530 aequi
1495 1484 1651 1524 refert‚ad
1659 1498 1746 1519 arma
1757 1497 1833 1519 tan—

1080 1533 1154 1567 dem
1164 1532 1767 1581 confugiensMuraenammagnopraelio
1781 1533 1835 1569 fu-

1080 1582 1138 1620 dit,
1149 1593 1219 1616 tum
1233 1582 1363 1617 demum
1378 1583 1467 1617 miffo
1480 1584 1517 1618 ad
1530 1587 1695 1619 Muranum
1708 1585 1833 1632 legato,

1081 1631 1247 1666 mandavit
1259 1632 1333 1681 Sylla
1351 1644 1385 1666 ut
1400 1631 1610 1667 Mithridatem
1623 1635 1656 1667 in
1666 1645 1743 1680 pace
1755 1633 1836 1668 sine-

1081 1693 1126 1716 ret
1137 1683 1241 1715 vivere
1251 1706 1259 1721 ‚
1272 1687 1316 1716 ita
1328 1682 1464 1716 secunda
1477 1696 1536 1730 pax
1549 1685 1628 1720 coit,
1638 1683 1689 1717 sed
1701 1685 1834 1718 tertium

1081 1732 1200 1765 bellum
1219 1730 1235 1765 ἐι
1251 1729 1434 1766 ΛίιιΙπιᾸιιιε
1452 1731 1503 1767 sua
1521 1731 1638 1779 sponte
1655 1732 1836 1779 susceptum

1079 1781 1141 1821 est,
1161 1779 1236 1815 cum
1255 1781 1358 1825 Syllam
1380 1793 1549 1816 mortuum
1571 1786 1601 1816 &
1623 1785 1780 1817 sertorium
1800 1783 1834 1816 in

1081 1831 1233 1877 Hispania
1245 1830 1396 1879 pleraque
1409 1832 1763 1879 viftorem‚rAfiamque
1773 1829 1834 1866 sub

1082 1882 1311 1915 Romanorum
1326 1881 1493 1924 tyrannide
1509 1893 1693 1927 gementem
1703 1906 1713 1922 ‚
1728 1893 1762 1914 ac
1774 1893 1836 1928 ge-

1081 1935 1191 1964 nerum
1210 1929 1300 1965 stium
1320 1931 1480 1982 ‘Ijgmnem
1500 1930 1602 1978 longe
1623 1931 1755 1978 lateque
1771 1932 1837 1964 do·-

1081 1981 1261 2014 minantem
1288 1979 1558 2015 animadvertisset
1577 2003 1586 2016 ,
1612 1993 1686 2014 cum
1713 1980 1837 2013 Sertorio

1079 2031 1198 2073 janeus
1210 2030 1353 2064 consiliis
1366 2031 1541 2064 Romanos
1554 2029 1676 2064 invasit.
1698 2028 1834 2062 Lucullus

1079 2078 1206 2114 Consul
1223 2083 1289 2123 ejus
1304 2081 1483 2125 potentiam
1495 2078 1624 2112 duobus
1642 2078 1753 2123 praeliis
1773 2076 1828 2110 su·-

1077 2130 1182 2175 perior
1199 2130 1340 2174 eousque
1359 2127 1472 2174 fregit,
1490 2138 1527 2160 ut
1543 2127 1655 2160 relic-to
1673 2128 1784 2159 Ponto
1796 2126 1831 2159 in

1077 2179 1269 2210 Armeniam
1281 2177 1319 2209 ad
1332 2178 1492 2224 Tygrancm
1503 2174 1620 2222 fugerit
1631 2201 1640 2214 ,
1666 2174 1744 2207 illuc
1754 2187 1830 2208 eum

1078 2224 1211 2257 LucuHm
1230 2222 1440 2270 persequutus
1453 2223 1497 2257 est
1518 2237 1528 2263 ς
1555 2225 1699 2274 Tygranes
1715 2221 1831 2257 stolidss

1074 2271 1217 2318 superbid
1243 2271 1373 2306 inflatus
1398 2274 1511 2306 contra
1530 2273 1646 2306 Luculla
1674 2273 1828 2307 undecim

1075 2322 1177 2354 millia
1189 2345 1198 2357 ,
1218 2333 1315 2367 prope
1335 2333 1477 2356 trecenta
1493 2323 1596 2356 millia
1608 2321 1744 2355 adduxit
1756 2345 1765 2361 ,
1791 2324 1827 2356 in

1072 2370 1190 2416 quibus
1202 2371 1324 2417 equites
1335 2373 1551 2418 quinquagies
1565 2372 1670 2405 mille:
1688 2370 1748 2405 hos
1758 2383 1830 2418 par-

1072 2433 1114 2455 vo
1125 2422 1261 2468 negotio
1276 2420 1411 2453 Lucullus
1421 2423 1454 2454 in
1469 2419 1581 2468 fugam
1594 2422 1734 2464 conjecit
1746 2419 1828 2455 caiis

1071 2481 1204 2504 centum
1232 2471 1398 2510 millibus,
1427 2471 1635 2517 Regiamque
1660 2471 1826 2504 Armenia:

1070 2521 1199 2569 Tergrano
1217 2530 1333 2553 certam
1354 2519 1558 2553 tradentibus
1577 2520 1699 2553 Graecis
1714 2520 1799 2564 cepit
1814 2542 1826 2559 ,

1069 2572 1099 2602 &
1113 2567 1223 2615 postea
1241 2570 1273 2601 in
1294 2567 1533 2614 Mesopotamia
1553 2568 1700 2604 Nifibin.
1727 2569 1822 2602 Dum

1069 2629 1178 2652 totum
1200 2616 1369 2651 Orientem
1392 2628 1519 2651 tantum
1539 2630 1606 2652 non
1628 2613 1822 2665 subjugasset

1070 2666 1204 2700 Lucullus
1215 2689 1224 2701 ‚
1252 2668 1285 2699 in
1303 2666 1447 2700 militum
1473 2679 1509 2700 ac
1535 2667 1647 2713 populi
1671 2667 1818 2700 Romani

1070 2716 1185 2749 odium
1198 2714 1322 2749 incidit.
1351 2716 1580 2751 Foeneratores
1592 2716 1743 2750 Romani,
1756 2713 1823 2760 pes-

1068 2764 1250 2812 simagens,
1270 2763 1378 2799 Asiam
1390 2764 1484 2812 supra
1496 2766 1631 2799 modum
1644 2762 1802 2797 vexabant
1813 2777 1823 2797 ι

1068 2813 1107 2848 ab
1123 2814 1240 2848 horum
1254 2813 1338 2861 peste
1349 2815 1508 2849 Asiaticos
1526 2810 1771 2856 Lucullijustitia
1783 2814 1825 2846 li-

1068 2863 1208 2897 beravit:
1239 2863 1272 2896 hi
1294 2863 1443 2897 vindictae
1467 2862 1574 2901 avidi,
1595 2863 1705 2894 multis
1722 2863 1823 2896 literis

1068 2913 1214 2945 Romam
1225 2910 1343 2948 mistis,
1369 2910 1488 2945 Lu'cullo
1506 2911 1656 2943 invidiam
1676 2911 1825 2945 crearunt

1068 2959 1153 3007 quasi
1168 2959 1227 2994 suae
1245 2961 1339 2993 unius
1355 2959 1575 2993 ambitioni&
1587 2962 1726 2994 avaritiae
1742 2973 1827 2994 con-

1070 3010 1172 3043 sulens
1187 3009 1310 3043 bellum
1323 3009 1515 3053 protelaret;
1540 3022 1607 3043 non
1622 3009 1752 3056 quidem
1765 3021 1826 3056 pu-

1070 3061 1148 3093 tavit
1170 3058 1385 3092 commodum
1406 3055 1619 3092 Mthmlatem
1645 3060 1827 3108 Tygranem-

1069 3121 1133 3155 que
1143 3109 1290 3154 perinvia
1300 3105 1652 3152 sequendoexercitum
1665 3108 1755 3141 suum
1769 3119 1825 3141 ne-

1069 3158 1246 3205 quicquam
1258 3155 1424 3197 delassare,
1453 3156 1504 3192 sed
1517 3156 1694 3192 consultius
1712 3156 1824 3189 existi-

1723 3214 1824 3240 mavit
