<?xml version="1.0" encoding="UTF-8"?>
<!DOCTYPE html PUBLIC "-//W3C//DTD XHTML 1.0 Transitional//EN"
    "http://www.w3.org/TR/xhtml1/DTD/xhtml1-transitional.dtd">
<html xmlns="http://www.w3.org/1999/xhtml" xml:lang="en" lang="en">
 <head>
  <title>
</title>
<meta http-equiv="Content-Type" content="text/html;charset=utf-8" />
  <meta name='ocr-system' content='tesseract 3.04.00' />
  <meta name='ocr-capabilities' content='ocr_page ocr_carea ocr_par ocr_line ocrx_word'/>
</head>
<body>
  <div class='ocr_page' id='page_1' title='image "./operishistoricie00bail_0140.png"; bbox 0 0 2048 3343; ppageno 0'>
   <div class='ocr_carea' id='block_1_1' title="bbox 116 294 248 457">
    <p class='ocr_par' dir='ltr' id='par_1_1' title="bbox 116 294 248 457">
     <span class='ocr_line' id='line_1_1' title="bbox 116 294 239 335; baseline -0.008 -13"><span class='ocrx_word' id='word_1_1' title='bbox 116 294 239 335; x_wconf 54' lang='lat' dir='ltr'>Cambyses</span> 
     </span>
     <span class='ocr_line' id='line_1_2' title="bbox 117 344 219 367; baseline 0.01 -5"><span class='ocrx_word' id='word_1_2' title='bbox 117 351 140 367; x_wconf 74' lang='lat' dir='ltr'>«m</span> <span class='ocrx_word' id='word_1_3' title='bbox 145 344 219 367; x_wconf 71' lang='lat' dir='ltr'>oretur</span> 
     </span>
     <span class='ocr_line' id='line_1_3' title="bbox 118 379 248 409; baseline 0.015 -3"><span class='ocrx_word' id='word_1_4' title='bbox 118 385 147 409; x_wconf 55' lang='lat' dir='ltr'>E,</span> <span class='ocrx_word' id='word_1_5' title='bbox 154 379 248 408; x_wconf 72' lang='lat' dir='ltr'>barattis</span> 
     </span>
     <span class='ocr_line' id='line_1_4' title="bbox 120 427 205 457; baseline 0.012 -7"><span class='ocrx_word' id='word_1_6' title='bbox 120 427 205 457; x_wconf 72' lang='lat' dir='ltr'>Syrus.</span> 
     </span>
    </p>
   </div>
   <div class='ocr_carea' id='block_1_2' title="bbox 125 1783 263 1853">
    <p class='ocr_par' dir='ltr' id='par_1_2' title="bbox 125 1783 263 1853">
     <span class='ocr_line' id='line_1_5' title="bbox 126 1783 252 1813; baseline -0.024 0"><span class='ocrx_word' id='word_1_7' title='bbox 126 1783 252 1813; x_wconf 69' lang='lat' dir='ltr'>Narranti</span> 
     </span>
     <span class='ocr_line' id='line_1_6' title="bbox 125 1825 263 1853; baseline -0.007 -1"><span class='ocrx_word' id='word_1_8' title='bbox 125 1836 186 1853; x_wconf 58' lang='lat' dir='ltr'>wera</span> <span class='ocrx_word' id='word_1_9' title='bbox 195 1825 263 1852; x_wconf 71' lang='lat' dir='ltr'>dere-</span> 
     </span>
    </p>
   </div>
   <div class='ocr_carea' id='block_1_3' title="bbox 126 1867 265 2018">
    <p class='ocr_par' dir='ltr' id='par_1_3' title="bbox 126 1867 265 2018">
     <span class='ocr_line' id='line_1_7' title="bbox 127 1867 265 1905; baseline -0.022 -11"><span class='ocrx_word' id='word_1_10' title='bbox 127 1868 177 1894; x_wconf 75' lang='lat' dir='ltr'>hell:</span> <span class='ocrx_word' id='word_1_11' title='bbox 184 1867 221 1893; x_wconf 86' lang='lat' dir='ltr'><em>M</em></span> <span class='ocrx_word' id='word_1_12' title='bbox 222 1876 235 1891; x_wconf 69' lang='grc' dir='ltr'>,τ</span> <span class='ocrx_word' id='word_1_13' title='bbox 233 1877 265 1905; x_wconf 72' lang='lat' dir='ltr'>go</span> 
     </span>
     <span class='ocr_line' id='line_1_8' title="bbox 126 1907 236 1943; baseline -0.009 -9"><span class='ocrx_word' id='word_1_14' title='bbox 126 1911 184 1936; x_wconf 70' lang='lat' dir='ltr'>Cam</span> <span class='ocrx_word' id='word_1_15' title='bbox 188 1907 236 1943; x_wconf 57' lang='lat' dir='ltr'>law</span> 
     </span>
     <span class='ocr_line' id='line_1_9' title="bbox 126 1958 238 1976; baseline -0.018 0"><span class='ocrx_word' id='word_1_16' title='bbox 126 1960 177 1976; x_wconf 75' lang='lat' dir='ltr'>uon</span> <span class='ocrx_word' id='word_1_17' title='bbox 190 1958 238 1974; x_wconf 76' lang='lat' dir='ltr'>cre-</span> 
     </span>
     <span class='ocr_line' id='line_1_10' title="bbox 126 1990 258 2018; baseline 0.008 -2"><span class='ocrx_word' id='word_1_18' title='bbox 126 1990 187 2017; x_wconf 78' lang='lat' dir='ltr'>dunt</span> <span class='ocrx_word' id='word_1_19' title='bbox 195 1992 258 2018; x_wconf 73' lang='lat' dir='ltr'>Per-</span> 
     </span>
    </p>
   </div>
   <div class='ocr_carea' id='block_1_4' title="bbox 121 2031 160 2066">
    <p class='ocr_par' dir='ltr' id='par_1_4' title="bbox 121 2031 160 2066">
     <span class='ocr_line' id='line_1_11' title="bbox 121 2031 160 2066; baseline -0.026 -8"><span class='ocrx_word' id='word_1_20' title='bbox 121 2031 160 2066; x_wconf 66' lang='lat' dir='ltr'>se.</span> 
     </span>
    </p>
   </div>
   <div class='ocr_carea' id='block_1_5' title="bbox 273 67 286 78">
    <p class='ocr_par' dir='ltr' id='par_1_5' title="bbox 273 67 286 78">
     <span class='ocr_line' id='line_1_12' title="bbox 273 67 286 78; baseline 0 -7"><span class='ocrx_word' id='word_1_21' title='bbox 273 67 286 78; x_wconf 60' lang='lat' dir='ltr'>s</span> 
     </span>
    </p>
   </div>
   <div class='ocr_carea' id='block_1_6' title="bbox 654 118 965 157">
    <p class='ocr_par' dir='ltr' id='par_1_6' title="bbox 654 118 965 157">
     <span class='ocr_line' id='line_1_13' title="bbox 654 118 965 157; baseline -0.01 0"><span class='ocrx_word' id='word_1_22' title='bbox 654 118 965 157; x_wconf 76' lang='lat' dir='ltr'>OPERIS</span> 
     </span>
    </p>
   </div>
   <div class='ocr_carea' id='block_1_7' title="bbox 270 188 1035 2393">
    <p class='ocr_par' dir='ltr' id='par_1_7' title="bbox 270 188 1018 287">
     <span class='ocr_line' id='line_1_14' title="bbox 270 188 1018 238; baseline -0.005 -12"><span class='ocrx_word' id='word_1_23' title='bbox 270 192 313 226; x_wconf 76' lang='lat' dir='ltr'>eil</span> <span class='ocrx_word' id='word_1_24' title='bbox 326 191 434 226; x_wconf 86' lang='lat' dir='ltr'>femur</span> <span class='ocrx_word' id='word_1_25' title='bbox 443 216 451 231; x_wconf 87' lang='lat'>,</span> <span class='ocrx_word' id='word_1_26' title='bbox 464 202 501 225; x_wconf 88' lang='lat' dir='ltr'>ex</span> <span class='ocrx_word' id='word_1_27' title='bbox 512 202 582 238; x_wconf 91' lang='lat' dir='ltr'>quo</span> <span class='ocrx_word' id='word_1_28' title='bbox 593 201 704 226; x_wconf 82' lang='lat' dir='ltr'>tamen</span> <span class='ocrx_word' id='word_1_29' title='bbox 715 190 849 227; x_wconf 81' lang='lat' dir='ltr'>vulnere</span> <span class='ocrx_word' id='word_1_30' title='bbox 858 188 1018 225; x_wconf 82' lang='lat' dir='ltr'>contabe—</span> 
     </span>
     <span class='ocr_line' id='line_1_15' title="bbox 273 242 613 287; baseline -0.003 -11"><span class='ocrx_word' id='word_1_31' title='bbox 273 242 359 276; x_wconf 78' lang='lat' dir='ltr'>scens</span> <span class='ocrx_word' id='word_1_32' title='bbox 372 243 428 287; x_wconf 75' lang='lat' dir='ltr'>Apis</span> <span class='ocrx_word' id='word_1_33' title='bbox 440 243 613 285; x_wconf 74' lang='lat' dir='ltr'>expiravit.</span> 
     </span>
    </p>

    <p class='ocr_par' dir='ltr' id='par_1_8' title="bbox 275 288 1028 733">
     <span class='ocr_line' id='line_1_16' title="bbox 323 288 1022 338; baseline -0.009 -13"><span class='ocrx_word' id='word_1_34' title='bbox 323 290 400 325; x_wconf 87' lang='lat' dir='ltr'>Istos</span> <span class='ocrx_word' id='word_1_35' title='bbox 414 292 447 323; x_wconf 88' lang='lat' dir='ltr'>in</span> <span class='ocrx_word' id='word_1_36' title='bbox 460 291 603 338; x_wconf 82' lang='lat' dir='ltr'>AEgypto</span> <span class='ocrx_word' id='word_1_37' title='bbox 613 288 734 324; x_wconf 83' lang='lat' dir='ltr'>furenti</span> <span class='ocrx_word' id='word_1_38' title='bbox 744 288 871 324; x_wconf 87' lang='lat' dir='ltr'>furores</span> <span class='ocrx_word' id='word_1_39' title='bbox 883 298 1022 336; x_wconf 80' lang='lat' dir='ltr'>tyranno</span> 
     </span>
     <span class='ocr_line' id='line_1_17' title="bbox 275 337 1025 386; baseline -0.008 -12"><span class='ocrx_word' id='word_1_40' title='bbox 275 340 450 374; x_wconf 80' lang='lat' dir='ltr'>nunciatur</span> <span class='ocrx_word' id='word_1_41' title='bbox 460 342 589 375; x_wconf 75' lang='lat' dir='ltr'>Smerdin</span> <span class='ocrx_word' id='word_1_42' title='bbox 601 341 766 386; x_wconf 83' lang='lat' dir='ltr'>quendam</span> <span class='ocrx_word' id='word_1_43' title='bbox 784 340 921 385; x_wconf 81' lang='lat' dir='ltr'>Magum</span> <span class='ocrx_word' id='word_1_44' title='bbox 932 361 939 374; x_wconf 90' lang='lat'>‚</span> <span class='ocrx_word' id='word_1_45' title='bbox 952 337 1025 382; x_wconf 79' lang='lat' dir='ltr'>Sufis</span> 
     </span>
     <span class='ocr_line' id='line_1_18' title="bbox 275 383 1024 436; baseline -0.007 -12"><span class='ocrx_word' id='word_1_46' title='bbox 275 391 307 424; x_wconf 85' lang='lat' dir='ltr'>in</span> <span class='ocrx_word' id='word_1_47' title='bbox 331 387 460 423; x_wconf 76' lang='lat' dir='ltr'>Perside</span> <span class='ocrx_word' id='word_1_48' title='bbox 479 391 604 436; x_wconf 83' lang='lat' dir='ltr'>regium</span> <span class='ocrx_word' id='word_1_49' title='bbox 627 387 799 436; x_wconf 64' lang='lat' dir='ltr'>occupasse</span> <span class='ocrx_word' id='word_1_50' title='bbox 818 397 945 420; x_wconf 88' lang='lat' dir='ltr'>nomen</span> <span class='ocrx_word' id='word_1_51' title='bbox 964 383 1024 419; x_wconf 90' lang='lat' dir='ltr'>sub</span> 
     </span>
     <span class='ocr_line' id='line_1_19' title="bbox 277 437 1026 487; baseline -0.009 -15"><span class='ocrx_word' id='word_1_52' title='bbox 277 437 416 487; x_wconf 82' lang='lat' dir='ltr'>persona</span> <span class='ocrx_word' id='word_1_53' title='bbox 433 438 555 473; x_wconf 76' lang='lat' dir='ltr'>Smerdis</span> <span class='ocrx_word' id='word_1_54' title='bbox 572 437 588 473; x_wconf 75' lang='grc' dir='ltr'>ὲ</span> <span class='ocrx_word' id='word_1_55' title='bbox 607 446 680 485; x_wconf 74' lang='lat' dir='ltr'>cyro</span> <span class='ocrx_word' id='word_1_56' title='bbox 691 438 871 484; x_wconf 77' lang='lat' dir='ltr'>geniti.His</span> <span class='ocrx_word' id='word_1_57' title='bbox 885 439 1026 481; x_wconf 76' lang='lat' dir='ltr'>acceptis</span> 
     </span>
     <span class='ocr_line' id='line_1_20' title="bbox 278 482 1026 535; baseline -0.011 -13"><span class='ocrx_word' id='word_1_58' title='bbox 278 489 375 535; x_wconf 67' lang='lat' dir='ltr'>quam</span> <span class='ocrx_word' id='word_1_59' title='bbox 390 488 495 534; x_wconf 82' lang='lat' dir='ltr'>potest</span> <span class='ocrx_word' id='word_1_60' title='bbox 505 486 619 521; x_wconf 75' lang='lat' dir='ltr'>festine</span> <span class='ocrx_word' id='word_1_61' title='bbox 630 491 773 521; x_wconf 88' lang='lat' dir='ltr'>domum</span> <span class='ocrx_word' id='word_1_62' title='bbox 787 495 959 534; x_wconf 78' lang='lat' dir='ltr'>properat,</span> <span class='ocrx_word' id='word_1_63' title='bbox 973 482 1026 515; x_wconf 81' lang='lat' dir='ltr'>sed</span> 
     </span>
     <span class='ocr_line' id='line_1_21' title="bbox 278 533 1028 583; baseline -0.011 -13"><span class='ocrx_word' id='word_1_64' title='bbox 278 540 311 571; x_wconf 89' lang='lat' dir='ltr'>in</span> <span class='ocrx_word' id='word_1_65' title='bbox 329 540 377 571; x_wconf 81' lang='lat' dir='ltr'>via</span> <span class='ocrx_word' id='word_1_66' title='bbox 393 537 471 571; x_wconf 86' lang='lat' dir='ltr'>dum</span> <span class='ocrx_word' id='word_1_67' title='bbox 485 550 606 583; x_wconf 86' lang='lat' dir='ltr'>equum</span> <span class='ocrx_word' id='word_1_68' title='bbox 621 533 1028 574; x_wconf 74' lang='lat' dir='ltr'>conscenderet,excideme</span> 
     </span>
     <span class='ocr_line' id='line_1_22' title="bbox 280 579 1026 635; baseline -0.015 -14"><span class='ocrx_word' id='word_1_69' title='bbox 280 585 396 635; x_wconf 72' lang='lat' dir='ltr'>vagina</span> <span class='ocrx_word' id='word_1_70' title='bbox 416 586 524 621; x_wconf 87' lang='lat' dir='ltr'>nudus</span> <span class='ocrx_word' id='word_1_71' title='bbox 544 590 607 630; x_wconf 82' lang='lat' dir='ltr'>jam</span> <span class='ocrx_word' id='word_1_72' title='bbox 621 586 746 634; x_wconf 78' lang='lat' dir='ltr'>gladius</span> <span class='ocrx_word' id='word_1_73' title='bbox 757 585 866 620; x_wconf 86' lang='lat' dir='ltr'>femur</span> <span class='ocrx_word' id='word_1_74' title='bbox 875 579 1026 627; x_wconf 86' lang='lat' dir='ltr'>perstrin-</span> 
     </span>
     <span class='ocr_line' id='line_1_23' title="bbox 283 626 1028 684; baseline -0.007 -15"><span class='ocrx_word' id='word_1_75' title='bbox 283 640 328 684; x_wconf 80' lang='lat' dir='ltr'>git</span> <span class='ocrx_word' id='word_1_76' title='bbox 354 637 394 671; x_wconf 91' lang='lat' dir='ltr'>ad</span> <span class='ocrx_word' id='word_1_77' title='bbox 410 648 483 670; x_wconf 88' lang='lat' dir='ltr'>eam</span> <span class='ocrx_word' id='word_1_78' title='bbox 495 648 620 684; x_wconf 82' lang='lat' dir='ltr'>partem</span> <span class='ocrx_word' id='word_1_79' title='bbox 634 661 642 674; x_wconf 92' lang='lat'>‚</span> <span class='ocrx_word' id='word_1_80' title='bbox 661 634 723 681; x_wconf 67' lang='lat' dir='ltr'>qua</span> <span class='ocrx_word' id='word_1_81' title='bbox 741 633 807 680; x_wconf 85' lang='lat' dir='ltr'>ipse</span> <span class='ocrx_word' id='word_1_82' title='bbox 834 626 1028 665; x_wconf 67' lang='lat' dir='ltr'>vulnerasset</span> 
     </span>
     <span class='ocr_line' id='line_1_24' title="bbox 280 681 950 733; baseline -0.006 -14"><span class='ocrx_word' id='word_1_83' title='bbox 280 689 376 733; x_wconf 72' lang='lat' dir='ltr'>Apim.</span> <span class='ocrx_word' id='word_1_84' title='bbox 948 681 950 685; x_wconf 74' lang='grc'>’</span> 
     </span>
    </p>

    <p class='ocr_par' dir='ltr' id='par_1_9' title="bbox 277 725 1030 1755">
     <span class='ocr_line' id='line_1_25' title="bbox 332 725 1028 777; baseline -0.014 -7"><span class='ocrx_word' id='word_1_85' title='bbox 332 734 481 770; x_wconf 86' lang='lat' dir='ltr'>Oraculo</span> <span class='ocrx_word' id='word_1_86' title='bbox 501 733 581 768; x_wconf 89' lang='lat' dir='ltr'>olim</span> <span class='ocrx_word' id='word_1_87' title='bbox 606 729 736 777; x_wconf 76' lang='lat' dir='ltr'>cambysi</span> <span class='ocrx_word' id='word_1_88' title='bbox 754 725 945 774; x_wconf 67' lang='lat' dir='ltr'>praeditftum</span> <span class='ocrx_word' id='word_1_89' title='bbox 964 725 1028 761; x_wconf 89' lang='lat' dir='ltr'>fnit</span> 
     </span>
     <span class='ocr_line' id='line_1_26' title="bbox 282 774 1026 819; baseline -0.012 0"><span class='ocrx_word' id='word_1_90' title='bbox 282 787 484 819; x_wconf 84' lang='lat' dir='ltr'>moriturum</span> <span class='ocrx_word' id='word_1_91' title='bbox 506 781 535 815; x_wconf 80' lang='lat' dir='ltr'>se</span> <span class='ocrx_word' id='word_1_92' title='bbox 558 779 732 813; x_wconf 68' lang='lat' dir='ltr'>Ecbatanis</span> <span class='ocrx_word' id='word_1_93' title='bbox 745 803 754 817; x_wconf 91' lang='lat'>,</span> <span class='ocrx_word' id='word_1_94' title='bbox 780 775 847 810; x_wconf 87' lang='lat' dir='ltr'>hoc</span> <span class='ocrx_word' id='word_1_95' title='bbox 858 774 960 811; x_wconf 89' lang='lat' dir='ltr'>frctus</span> <span class='ocrx_word' id='word_1_96' title='bbox 974 789 1026 811; x_wconf 87' lang='lat' dir='ltr'>re-</span> 
     </span>
     <span class='ocr_line' id='line_1_27' title="bbox 280 824 1027 881; baseline -0.015 -13"><span class='ocrx_word' id='word_1_97' title='bbox 280 834 398 881; x_wconf 79' lang='lat' dir='ltr'>sponso</span> <span class='ocrx_word' id='word_1_98' title='bbox 412 830 597 878; x_wconf 63' lang='lat' dir='ltr'>expeetabat</span> <span class='ocrx_word' id='word_1_99' title='bbox 609 828 757 866; x_wconf 76' lang='lat' dir='ltr'>securus,</span> <span class='ocrx_word' id='word_1_100' title='bbox 770 824 872 858; x_wconf 82' lang='lat' dir='ltr'>seram</span> <span class='ocrx_word' id='word_1_101' title='bbox 888 825 980 858; x_wconf 84' lang='lat' dir='ltr'>domi</span> <span class='ocrx_word' id='word_1_102' title='bbox 996 825 1027 858; x_wconf 86' lang='lat' dir='ltr'>in</span> 
     </span>
     <span class='ocr_line' id='line_1_28' title="bbox 280 874 1028 920; baseline -0.015 -2"><span class='ocrx_word' id='word_1_103' title='bbox 280 886 398 919; x_wconf 80' lang='lat' dir='ltr'>Media</span> <span class='ocrx_word' id='word_1_104' title='bbox 416 891 560 914; x_wconf 78' lang='lat' dir='ltr'>mortem</span> <span class='ocrx_word' id='word_1_105' title='bbox 579 903 589 919; x_wconf 90' lang='lat'>,</span> <span class='ocrx_word' id='word_1_106' title='bbox 614 876 744 920; x_wconf 65' lang='lat' dir='ltr'>sedjam</span> <span class='ocrx_word' id='word_1_107' title='bbox 757 874 799 908; x_wconf 86' lang='lat' dir='ltr'>ad</span> <span class='ocrx_word' id='word_1_108' title='bbox 817 876 958 908; x_wconf 88' lang='lat' dir='ltr'>vulneris</span> <span class='ocrx_word' id='word_1_109' title='bbox 970 886 1028 908; x_wconf 84' lang='lat' dir='ltr'>cu-</span> 
     </span>
     <span class='ocr_line' id='line_1_29' title="bbox 280 924 1030 976; baseline -0.015 -9"><span class='ocrx_word' id='word_1_110' title='bbox 280 946 350 967; x_wconf 83' lang='lat' dir='ltr'>ram</span> <span class='ocrx_word' id='word_1_111' title='bbox 371 934 403 964; x_wconf 89' lang='lat' dir='ltr'>in</span> <span class='ocrx_word' id='word_1_112' title='bbox 423 931 519 976; x_wconf 80' lang='lat' dir='ltr'>Syriae</span> <span class='ocrx_word' id='word_1_113' title='bbox 539 929 677 962; x_wconf 87' lang='lat' dir='ltr'>vicinam</span> <span class='ocrx_word' id='word_1_114' title='bbox 697 924 810 959; x_wconf 84' lang='lat' dir='ltr'>urbem</span> <span class='ocrx_word' id='word_1_115' title='bbox 826 924 1030 971; x_wconf 80' lang='lat' dir='ltr'>digrediens,</span> 
     </span>
     <span class='ocr_line' id='line_1_30' title="bbox 278 972 1029 1025; baseline -0.017 -8"><span class='ocrx_word' id='word_1_116' title='bbox 278 983 357 1017; x_wconf 85' lang='lat' dir='ltr'>dum</span> <span class='ocrx_word' id='word_1_117' title='bbox 368 978 459 1014; x_wconf 85' lang='lat' dir='ltr'>audit</span> <span class='ocrx_word' id='word_1_118' title='bbox 477 976 612 1025; x_wconf 66' lang='lat' dir='ltr'>praesens</span> <span class='ocrx_word' id='word_1_119' title='bbox 623 976 736 1009; x_wconf 90' lang='lat' dir='ltr'>vocari</span> <span class='ocrx_word' id='word_1_120' title='bbox 754 974 913 1020; x_wconf 84' lang='lat' dir='ltr'>oppidum</span> <span class='ocrx_word' id='word_1_121' title='bbox 927 972 1029 1006; x_wconf 81' lang='lat' dir='ltr'>Ecba-</span> 
     </span>
     <span class='ocr_line' id='line_1_31' title="bbox 277 1021 1029 1074; baseline -0.015 -9"><span class='ocrx_word' id='word_1_122' title='bbox 277 1043 356 1065; x_wconf 86' lang='lat' dir='ltr'>tana</span> <span class='ocrx_word' id='word_1_123' title='bbox 377 1055 387 1070; x_wconf 81' lang='lat'>,</span> <span class='ocrx_word' id='word_1_124' title='bbox 414 1040 485 1062; x_wconf 88' lang='lat' dir='ltr'>non</span> <span class='ocrx_word' id='word_1_125' title='bbox 510 1026 650 1074; x_wconf 86' lang='lat' dir='ltr'>amplius</span> <span class='ocrx_word' id='word_1_126' title='bbox 671 1023 801 1058; x_wconf 88' lang='lat' dir='ltr'>dubitat</span> <span class='ocrx_word' id='word_1_127' title='bbox 821 1023 861 1056; x_wconf 89' lang='lat' dir='ltr'>de</span> <span class='ocrx_word' id='word_1_128' title='bbox 880 1021 1029 1068; x_wconf 66' lang='lat' dir='ltr'>praesenti</span> 
     </span>
     <span class='ocr_line' id='line_1_32' title="bbox 278 1073 1028 1120; baseline -0.017 -4"><span class='ocrx_word' id='word_1_129' title='bbox 278 1080 364 1116; x_wconf 73' lang='lat' dir='ltr'>fato.</span> <span class='ocrx_word' id='word_1_130' title='bbox 399 1080 579 1111; x_wconf 88' lang='lat' dir='ltr'>Convocat</span> <span class='ocrx_word' id='word_1_131' title='bbox 603 1076 702 1120; x_wconf 72' lang='lat' dir='ltr'>igitur</span> <span class='ocrx_word' id='word_1_132' title='bbox 723 1073 885 1120; x_wconf 89' lang='lat' dir='ltr'>primores</span> <span class='ocrx_word' id='word_1_133' title='bbox 906 1073 1028 1120; x_wconf 83' lang='lat' dir='ltr'>Regni,</span> 
     </span>
     <span class='ocr_line' id='line_1_33' title="bbox 277 1121 1028 1177; baseline -0.013 -13"><span class='ocrx_word' id='word_1_134' title='bbox 277 1130 383 1177; x_wconf 87' lang='lat' dir='ltr'>aperit</span> <span class='ocrx_word' id='word_1_135' title='bbox 394 1129 482 1176; x_wconf 85' lang='lat' dir='ltr'>prius</span> <span class='ocrx_word' id='word_1_136' title='bbox 493 1125 693 1161; x_wconf 71' lang='lat' dir='ltr'>occultatam</span> <span class='ocrx_word' id='word_1_137' title='bbox 703 1121 811 1157; x_wconf 87' lang='lat' dir='ltr'>fratris</span> <span class='ocrx_word' id='word_1_138' title='bbox 823 1121 958 1160; x_wconf 84' lang='lat' dir='ltr'>caedern,</span> <span class='ocrx_word' id='word_1_139' title='bbox 969 1122 1028 1155; x_wconf 88' lang='lat' dir='ltr'>do-</span> 
     </span>
     <span class='ocr_line' id='line_1_34' title="bbox 280 1169 1029 1220; baseline -0.015 -6"><span class='ocrx_word' id='word_1_140' title='bbox 280 1190 334 1214; x_wconf 87' lang='lat' dir='ltr'>cet</span> <span class='ocrx_word' id='word_1_141' title='bbox 352 1179 383 1211; x_wconf 86' lang='lat' dir='ltr'>in</span> <span class='ocrx_word' id='word_1_142' title='bbox 405 1175 527 1211; x_wconf 78' lang='lat' dir='ltr'>somnis</span> <span class='ocrx_word' id='word_1_143' title='bbox 547 1173 724 1220; x_wconf 85' lang='lat' dir='ltr'>aliquando</span> <span class='ocrx_word' id='word_1_144' title='bbox 735 1169 844 1206; x_wconf 70' lang='lat' dir='ltr'>vidisse</span> <span class='ocrx_word' id='word_1_145' title='bbox 855 1170 883 1204; x_wconf 83' lang='lat' dir='ltr'>se</span> <span class='ocrx_word' id='word_1_146' title='bbox 902 1172 1029 1206; x_wconf 78' lang='lat' dir='ltr'>Smerdz&#39;n</span> 
     </span>
     <span class='ocr_line' id='line_1_35' title="bbox 281 1221 1027 1267; baseline -0.012 -6"><span class='ocrx_word' id='word_1_147' title='bbox 281 1231 314 1262; x_wconf 86' lang='lat' dir='ltr'>in</span> <span class='ocrx_word' id='word_1_148' title='bbox 328 1226 410 1262; x_wconf 76' lang='lat' dir='ltr'>solio</span> <span class='ocrx_word' id='word_1_149' title='bbox 422 1224 604 1263; x_wconf 82' lang='lat' dir='ltr'>sedentem,</span> <span class='ocrx_word' id='word_1_150' title='bbox 614 1224 736 1256; x_wconf 87' lang='lat' dir='ltr'>vertice</span> <span class='ocrx_word' id='word_1_151' title='bbox 747 1221 869 1254; x_wconf 79' lang='lat' dir='ltr'>coelum</span> <span class='ocrx_word' id='word_1_152' title='bbox 881 1232 1027 1267; x_wconf 80' lang='lat' dir='ltr'>tangere,</span> 
     </span>
     <span class='ocr_line' id='line_1_36' title="bbox 279 1268 1029 1322; baseline -0.012 -10"><span class='ocrx_word' id='word_1_153' title='bbox 279 1277 375 1322; x_wconf 67' lang='lat' dir='ltr'>hujus</span> <span class='ocrx_word' id='word_1_154' title='bbox 403 1278 482 1309; x_wconf 88' lang='lat' dir='ltr'>dum</span> <span class='ocrx_word' id='word_1_155' title='bbox 505 1271 597 1307; x_wconf 84' lang='lat' dir='ltr'>causa</span> <span class='ocrx_word' id='word_1_156' title='bbox 622 1271 778 1306; x_wconf 85' lang='lat' dir='ltr'>insomnii</span> <span class='ocrx_word' id='word_1_157' title='bbox 806 1270 824 1303; x_wconf 74' lang='grc' dir='ltr'>εὶ</span> <span class='ocrx_word' id='word_1_158' title='bbox 848 1268 1029 1303; x_wconf 78' lang='lat' dir='ltr'>rebellione</span> 
     </span>
     <span class='ocr_line' id='line_1_37' title="bbox 279 1317 1027 1366; baseline -0.011 -6"><span class='ocrx_word' id='word_1_159' title='bbox 279 1327 388 1362; x_wconf 85' lang='lat' dir='ltr'>fratris</span> <span class='ocrx_word' id='word_1_160' title='bbox 407 1323 466 1359; x_wconf 84' lang='lat' dir='ltr'>fibi</span> <span class='ocrx_word' id='word_1_161' title='bbox 491 1322 705 1361; x_wconf 74' lang='lat' dir='ltr'>formidaret,</span> <span class='ocrx_word' id='word_1_162' title='bbox 720 1317 889 1366; x_wconf 70' lang='lat' dir='ltr'>imperasse</span> <span class='ocrx_word' id='word_1_163' title='bbox 909 1319 1027 1353; x_wconf 84' lang='lat' dir='ltr'>caedem</span> 
     </span>
     <span class='ocr_line' id='line_1_38' title="bbox 279 1368 1027 1423; baseline -0.011 -14"><span class='ocrx_word' id='word_1_164' title='bbox 279 1388 380 1423; x_wconf 83' lang='lat' dir='ltr'>quam</span> <span class='ocrx_word' id='word_1_165' title='bbox 392 1385 478 1408; x_wconf 89' lang='lat' dir='ltr'>nunc</span> <span class='ocrx_word' id='word_1_166' title='bbox 489 1373 645 1407; x_wconf 78' lang='lat' dir='ltr'>animitas</span> <span class='ocrx_word' id='word_1_167' title='bbox 657 1379 875 1417; x_wconf 78' lang='lat' dir='ltr'>perpetratam</span> <span class='ocrx_word' id='word_1_168' title='bbox 887 1368 1027 1408; x_wconf 69' lang='lat' dir='ltr'>doleret,</span> 
     </span>
     <span class='ocr_line' id='line_1_39' title="bbox 280 1419 1029 1472; baseline -0.012 -13"><span class='ocrx_word' id='word_1_169' title='bbox 280 1427 337 1472; x_wconf 87' lang='lat' dir='ltr'>qui</span> <span class='ocrx_word' id='word_1_170' title='bbox 353 1426 383 1457; x_wconf 87' lang='lat' dir='ltr'>in</span> <span class='ocrx_word' id='word_1_171' title='bbox 398 1419 676 1471; x_wconf 84' lang='lat' dir='ltr'>praesentiafrarris</span> <span class='ocrx_word' id='word_1_172' title='bbox 688 1419 881 1452; x_wconf 76' lang='lat' dir='ltr'>mentiretur</span> <span class='ocrx_word' id='word_1_173' title='bbox 892 1429 1029 1457; x_wconf 90' lang='lat' dir='ltr'>nomen,</span> 
     </span>
     <span class='ocr_line' id='line_1_40' title="bbox 281 1465 1028 1517; baseline -0.011 -9"><span class='ocrx_word' id='word_1_174' title='bbox 281 1473 362 1508; x_wconf 82' lang='lat' dir='ltr'>nihil</span> <span class='ocrx_word' id='word_1_175' title='bbox 375 1475 481 1507; x_wconf 87' lang='lat' dir='ltr'>minus</span> <span class='ocrx_word' id='word_1_176' title='bbox 493 1471 552 1507; x_wconf 75' lang='lat' dir='ltr'>esse</span> <span class='ocrx_word' id='word_1_177' title='bbox 563 1469 666 1517; x_wconf 65' lang='lat' dir='ltr'>quam</span> <span class='ocrx_word' id='word_1_178' title='bbox 680 1469 811 1504; x_wconf 73' lang='lat' dir='ltr'>Smerdin</span> <span class='ocrx_word' id='word_1_179' title='bbox 824 1468 908 1515; x_wconf 78' lang='lat' dir='ltr'>Cyri,</span> <span class='ocrx_word' id='word_1_180' title='bbox 920 1466 989 1500; x_wconf 85' lang='lat' dir='ltr'>satis</span> <span class='ocrx_word' id='word_1_181' title='bbox 999 1465 1028 1500; x_wconf 85' lang='lat' dir='ltr'>se</span> 
     </span>
     <span class='ocr_line' id='line_1_41' title="bbox 283 1517 1027 1566; baseline -0.009 -10"><span class='ocrx_word' id='word_1_182' title='bbox 283 1522 374 1557; x_wconf 88' lang='lat' dir='ltr'>nosse</span> <span class='ocrx_word' id='word_1_183' title='bbox 391 1523 528 1557; x_wconf 82' lang='lat' dir='ltr'>Medum</span> <span class='ocrx_word' id='word_1_184' title='bbox 553 1526 695 1566; x_wconf 73' lang='lat' dir='ltr'>Magum,</span> <span class='ocrx_word' id='word_1_185' title='bbox 721 1518 849 1551; x_wconf 69' lang='lat' dir='ltr'>cun-stis</span> <span class='ocrx_word' id='word_1_186' title='bbox 867 1517 1027 1563; x_wconf 86' lang='lat' dir='ltr'>impreca-</span> 
     </span>
     <span class='ocr_line' id='line_1_42' title="bbox 283 1563 1028 1607; baseline -0.011 -1"><span class='ocrx_word' id='word_1_187' title='bbox 283 1583 334 1606; x_wconf 87' lang='lat' dir='ltr'>tur</span> <span class='ocrx_word' id='word_1_188' title='bbox 346 1572 558 1605; x_wconf 70' lang='lat' dir='ltr'>miserrimam</span> <span class='ocrx_word' id='word_1_189' title='bbox 571 1578 712 1602; x_wconf 87' lang='lat' dir='ltr'>mortem</span> <span class='ocrx_word' id='word_1_190' title='bbox 732 1591 742 1607; x_wconf 95' lang='lat'>,</span> <span class='ocrx_word' id='word_1_191' title='bbox 769 1565 792 1600; x_wconf 83' lang='lat' dir='ltr'>si</span> <span class='ocrx_word' id='word_1_192' title='bbox 811 1563 1028 1600; x_wconf 81' lang='lat' dir='ltr'>vilislimiho—</span> 
     </span>
     <span class='ocr_line' id='line_1_43' title="bbox 282 1613 1026 1662; baseline -0.009 -7"><span class='ocrx_word' id='word_1_193' title='bbox 282 1623 471 1656; x_wconf 64' lang='lat' dir='ltr'>mancionis</span> <span class='ocrx_word' id='word_1_194' title='bbox 487 1619 626 1653; x_wconf 78' lang='lat' dir='ltr'>audaces</span> <span class='ocrx_word' id='word_1_195' title='bbox 645 1613 772 1651; x_wconf 81' lang='lat' dir='ltr'>fraudes</span> <span class='ocrx_word' id='word_1_196' title='bbox 786 1616 965 1662; x_wconf 76' lang='lat' dir='ltr'>impunitas</span> <span class='ocrx_word' id='word_1_197' title='bbox 976 1614 1026 1649; x_wconf 87' lang='lat' dir='ltr'>di-</span> 
     </span>
     <span class='ocr_line' id='line_1_44' title="bbox 281 1663 1027 1713; baseline -0.009 -9"><span class='ocrx_word' id='word_1_198' title='bbox 281 1673 462 1706; x_wconf 80' lang='lat' dir='ltr'>mitterent.</span> <span class='ocrx_word' id='word_1_199' title='bbox 499 1669 561 1704; x_wconf 84' lang='lat' dir='ltr'>His</span> <span class='ocrx_word' id='word_1_200' title='bbox 573 1666 670 1702; x_wconf 72' lang='lat' dir='ltr'>dietis</span> <span class='ocrx_word' id='word_1_201' title='bbox 688 1663 864 1700; x_wconf 84' lang='lat' dir='ltr'>infaustum</span> <span class='ocrx_word' id='word_1_202' title='bbox 881 1664 1027 1713; x_wconf 87' lang='lat' dir='ltr'>spiritum</span> 
     </span>
     <span class='ocr_line' id='line_1_45' title="bbox 280 1719 452 1755; baseline -0.006 -1"><span class='ocrx_word' id='word_1_203' title='bbox 280 1719 452 1755; x_wconf 82' lang='lat' dir='ltr'>exhalavit.</span> 
     </span>
    </p>

    <p class='ocr_par' dir='ltr' id='par_1_10' title="bbox 284 1762 1035 2393">
     <span class='ocr_line' id='line_1_46' title="bbox 331 1762 1029 1810; baseline -0.01 -6"><span class='ocrx_word' id='word_1_204' title='bbox 331 1771 413 1804; x_wconf 86' lang='lat' dir='ltr'>Non</span> <span class='ocrx_word' id='word_1_205' title='bbox 433 1767 578 1803; x_wconf 83' lang='lat' dir='ltr'>habuere</span> <span class='ocrx_word' id='word_1_206' title='bbox 596 1765 699 1802; x_wconf 84' lang='lat' dir='ltr'>fidem</span> <span class='ocrx_word' id='word_1_207' title='bbox 721 1762 1029 1810; x_wconf 26' lang='lat' dir='ltr'>moribundozRegi</span> 
     </span>
     <span class='ocr_line' id='line_1_47' title="bbox 285 1812 1030 1864; baseline -0.011 -10"><span class='ocrx_word' id='word_1_208' title='bbox 285 1821 382 1854; x_wconf 81' lang='lat' dir='ltr'>Persa:</span> <span class='ocrx_word' id='word_1_209' title='bbox 399 1844 409 1859; x_wconf 92' lang='lat'>,</span> <span class='ocrx_word' id='word_1_210' title='bbox 442 1831 517 1853; x_wconf 87' lang='lat' dir='ltr'>nam</span> <span class='ocrx_word' id='word_1_211' title='bbox 529 1829 600 1864; x_wconf 86' lang='lat' dir='ltr'>quae</span> <span class='ocrx_word' id='word_1_212' title='bbox 610 1817 691 1851; x_wconf 88' lang='lat' dir='ltr'>dixit</span> <span class='ocrx_word' id='word_1_213' title='bbox 703 1814 745 1848; x_wconf 82' lang='lat' dir='ltr'>ad</span> <span class='ocrx_word' id='word_1_214' title='bbox 757 1814 916 1848; x_wconf 83' lang='lat' dir='ltr'>invidiam</span> <span class='ocrx_word' id='word_1_215' title='bbox 926 1812 1030 1847; x_wconf 70' lang='lat' dir='ltr'>fratris</span> 
     </span>
     <span class='ocr_line' id='line_1_48' title="bbox 285 1861 1032 1903; baseline -0.012 0"><span class='ocrx_word' id='word_1_216' title='bbox 285 1867 527 1903; x_wconf 76' lang='lat' dir='ltr'>arbitrabantur</span> <span class='ocrx_word' id='word_1_217' title='bbox 540 1865 696 1902; x_wconf 64' lang='lat' dir='ltr'>conficta,</span> <span class='ocrx_word' id='word_1_218' title='bbox 706 1863 847 1897; x_wconf 73' lang='lat' dir='ltr'>maxime</span> <span class='ocrx_word' id='word_1_219' title='bbox 861 1861 936 1896; x_wconf 72' lang='lat' dir='ltr'>cum</span> <span class='ocrx_word' id='word_1_220' title='bbox 949 1861 1032 1897; x_wconf 86' lang='lat' dir='ltr'>cele-</span> 
     </span>
     <span class='ocr_line' id='line_1_49' title="bbox 286 1910 1030 1959; baseline -0.009 -6"><span class='ocrx_word' id='word_1_221' title='bbox 286 1918 397 1953; x_wconf 86' lang='lat' dir='ltr'>bratus</span> <span class='ocrx_word' id='word_1_222' title='bbox 414 1916 511 1951; x_wconf 79' lang='lat' dir='ltr'>caedis</span> <span class='ocrx_word' id='word_1_223' title='bbox 538 1917 653 1949; x_wconf 61' lang='lat' dir='ltr'>auctor</span> <span class='ocrx_word' id='word_1_224' title='bbox 680 1915 826 1959; x_wconf 77' lang='lat' dir='ltr'>Prexaspes</span> <span class='ocrx_word' id='word_1_225' title='bbox 848 1910 1030 1959; x_wconf 72' lang='lat' dir='ltr'>gravissime</span> 
     </span>
     <span class='ocr_line' id='line_1_50' title="bbox 286 1958 1033 2013; baseline -0.008 -11"><span class='ocrx_word' id='word_1_226' title='bbox 286 1969 456 2013; x_wconf 80' lang='lat' dir='ltr'>dejeraret,</span> <span class='ocrx_word' id='word_1_227' title='bbox 467 1958 572 2000; x_wconf 80' lang='lat' dir='ltr'>nullas</span> <span class='ocrx_word' id='word_1_228' title='bbox 586 1962 615 1997; x_wconf 85' lang='lat' dir='ltr'>se</span> <span class='ocrx_word' id='word_1_229' title='bbox 627 1974 774 2010; x_wconf 86' lang='lat' dir='ltr'>unquam</span> <span class='ocrx_word' id='word_1_230' title='bbox 787 1959 926 1997; x_wconf 85' lang='lat' dir='ltr'>intulisse</span> <span class='ocrx_word' id='word_1_231' title='bbox 938 1968 1033 1996; x_wconf 83' lang='lat' dir='ltr'>Smer·</span> 
     </span>
     <span class='ocr_line' id='line_1_51' title="bbox 284 2010 1031 2057; baseline -0.011 -6"><span class='ocrx_word' id='word_1_232' title='bbox 284 2017 314 2050; x_wconf 79' lang='lat' dir='ltr'>di</span> <span class='ocrx_word' id='word_1_233' title='bbox 326 2027 538 2057; x_wconf 71' lang='lat' dir='ltr'>manus,nam</span> <span class='ocrx_word' id='word_1_234' title='bbox 551 2013 572 2047; x_wconf 85' lang='lat' dir='ltr'>si</span> <span class='ocrx_word' id='word_1_235' title='bbox 585 2012 753 2051; x_wconf 85' lang='lat' dir='ltr'>fateretur,</span> <span class='ocrx_word' id='word_1_236' title='bbox 766 2010 935 2045; x_wconf 80' lang='lat' dir='ltr'>metuebat</span> <span class='ocrx_word' id='word_1_237' title='bbox 945 2023 1031 2044; x_wconf 85' lang='lat' dir='ltr'>mor-</span> 
     </span>
     <span class='ocr_line' id='line_1_52' title="bbox 285 2060 1035 2110; baseline -0.008 -11"><span class='ocrx_word' id='word_1_238' title='bbox 285 2077 346 2099; x_wconf 88' lang='lat' dir='ltr'>tuo</span> <span class='ocrx_word' id='word_1_239' title='bbox 361 2069 431 2110; x_wconf 87' lang='lat' dir='ltr'>jam</span> <span class='ocrx_word' id='word_1_240' title='bbox 463 2063 598 2109; x_wconf 80' lang='lat' dir='ltr'>cambyse</span> <span class='ocrx_word' id='word_1_241' title='bbox 618 2086 627 2102; x_wconf 91' lang='lat'>,</span> <span class='ocrx_word' id='word_1_242' title='bbox 655 2062 766 2109; x_wconf 86' lang='lat' dir='ltr'>magni</span> <span class='ocrx_word' id='word_1_243' title='bbox 787 2060 884 2108; x_wconf 86' lang='lat' dir='ltr'>quod</span> <span class='ocrx_word' id='word_1_244' title='bbox 905 2060 1035 2095; x_wconf 72' lang='lat' dir='ltr'>admisit</span> 
     </span>
     <span class='ocr_line' id='line_1_53' title="bbox 284 2109 1032 2157; baseline -0.005 -9"><span class='ocrx_word' id='word_1_245' title='bbox 284 2115 410 2150; x_wconf 81' lang='lat' dir='ltr'>sceleris</span> <span class='ocrx_word' id='word_1_246' title='bbox 426 2115 573 2149; x_wconf 84' lang='lat' dir='ltr'>vindices</span> <span class='ocrx_word' id='word_1_247' title='bbox 585 2112 694 2146; x_wconf 80' lang='lat' dir='ltr'>Persas</span> <span class='ocrx_word' id='word_1_248' title='bbox 717 2125 724 2145; x_wconf 77' lang='lat' dir='ltr'><strong><em>z</em></strong></span> <span class='ocrx_word' id='word_1_249' title='bbox 745 2109 874 2144; x_wconf 70' lang='lat' dir='ltr'>strenue</span> <span class='ocrx_word' id='word_1_250' title='bbox 886 2123 964 2157; x_wconf 87' lang='lat' dir='ltr'>crgo</span> <span class='ocrx_word' id='word_1_251' title='bbox 978 2122 1032 2144; x_wconf 89' lang='lat' dir='ltr'>ne-</span> 
     </span>
     <span class='ocr_line' id='line_1_54' title="bbox 285 2159 1032 2209; baseline -0.008 -11"><span class='ocrx_word' id='word_1_252' title='bbox 285 2163 382 2209; x_wconf 70' lang='lat' dir='ltr'>gabat</span> <span class='ocrx_word' id='word_1_253' title='bbox 401 2161 547 2203; x_wconf 60' lang='lat' dir='ltr'>feretum,</span> <span class='ocrx_word' id='word_1_254' title='bbox 567 2163 657 2208; x_wconf 84' lang='lat' dir='ltr'>quod</span> <span class='ocrx_word' id='word_1_255' title='bbox 677 2159 942 2206; x_wconf 78' lang='lat' dir='ltr'>pauciffimorum</span> <span class='ocrx_word' id='word_1_256' title='bbox 957 2171 1032 2205; x_wconf 92' lang='lat' dir='ltr'>per-</span> 
     </span>
     <span class='ocr_line' id='line_1_55' title="bbox 284 2210 1034 2258; baseline -0.007 -12"><span class='ocrx_word' id='word_1_257' title='bbox 284 2210 433 2258; x_wconf 82' lang='lat' dir='ltr'>petrasset</span> <span class='ocrx_word' id='word_1_258' title='bbox 445 2210 641 2246; x_wconf 62' lang='lat' dir='ltr'>conscientia</span> <span class='ocrx_word' id='word_1_259' title='bbox 653 2234 661 2248; x_wconf 90' lang='lat'>,</span> <span class='ocrx_word' id='word_1_260' title='bbox 674 2211 750 2242; x_wconf 87' lang='lat' dir='ltr'>hinc</span> <span class='ocrx_word' id='word_1_261' title='bbox 761 2210 929 2243; x_wconf 84' lang='lat' dir='ltr'>acciditur</span> <span class='ocrx_word' id='word_1_262' title='bbox 943 2220 1034 2242; x_wconf 90' lang='lat' dir='ltr'>totos</span> 
     </span>
     <span class='ocr_line' id='line_1_56' title="bbox 284 2256 1035 2308; baseline -0.007 -14"><span class='ocrx_word' id='word_1_263' title='bbox 284 2261 409 2308; x_wconf 83' lang='lat' dir='ltr'>septem</span> <span class='ocrx_word' id='word_1_264' title='bbox 431 2262 464 2293; x_wconf 87' lang='lat' dir='ltr'>in</span> <span class='ocrx_word' id='word_1_265' title='bbox 485 2257 912 2307; x_wconf 78' lang='lat' dir='ltr'>pacemensesimperitaret</span> <span class='ocrx_word' id='word_1_266' title='bbox 924 2256 1035 2290; x_wconf 80' lang='lat' dir='ltr'>Persiae</span> 
     </span>
     <span class='ocr_line' id='line_1_57' title="bbox 284 2302 1032 2358; baseline -0.011 -13"><span class='ocrx_word' id='word_1_267' title='bbox 284 2317 398 2358; x_wconf 71' lang='lat' dir='ltr'>Magus,</span> <span class='ocrx_word' id='word_1_268' title='bbox 410 2322 470 2356; x_wconf 90' lang='lat' dir='ltr'>pro</span> <span class='ocrx_word' id='word_1_269' title='bbox 483 2309 578 2344; x_wconf 79' lang='lat' dir='ltr'>fratre</span> <span class='ocrx_word' id='word_1_270' title='bbox 589 2307 733 2353; x_wconf 71' lang='lat' dir='ltr'>cambyfis</span> <span class='ocrx_word' id='word_1_271' title='bbox 743 2302 859 2339; x_wconf 79' lang='lat' dir='ltr'>fallens</span> <span class='ocrx_word' id='word_1_272' title='bbox 872 2328 883 2346; x_wconf 86' lang='lat'>,</span> <span class='ocrx_word' id='word_1_273' title='bbox 897 2305 1032 2338; x_wconf 83' lang='lat' dir='ltr'>tandem</span> 
     </span>
     <span class='ocr_line' id='line_1_58' title="bbox 285 2357 707 2393; baseline -0.012 0"><span class='ocrx_word' id='word_1_274' title='bbox 285 2370 397 2393; x_wconf 85' lang='lat' dir='ltr'>tamen</span> <span class='ocrx_word' id='word_1_275' title='bbox 411 2360 454 2393; x_wconf 84' lang='lat' dir='ltr'>ita</span> <span class='ocrx_word' id='word_1_276' title='bbox 467 2371 516 2392; x_wconf 89' lang='lat' dir='ltr'>res</span> <span class='ocrx_word' id='word_1_277' title='bbox 527 2357 707 2391; x_wconf 83' lang='lat' dir='ltr'>emanavit.</span> 
     </span>
    </p>
   </div>
   <div class='ocr_carea' id='block_1_8' title="bbox 267 130 345 159">
    <p class='ocr_par' dir='ltr' id='par_1_11' title="bbox 267 130 345 159">
     <span class='ocr_line' id='line_1_59' title="bbox 267 130 345 159; baseline -0.051 0"><span class='ocrx_word' id='word_1_278' title='bbox 267 130 345 159; x_wconf 82' lang='lat'>110</span> 
     </span>
    </p>
   </div>
   <div class='ocr_carea' id='block_1_9' title="bbox 1027 117 1502 158">
    <p class='ocr_par' dir='ltr' id='par_1_12' title="bbox 1027 117 1502 158">
     <span class='ocr_line' id='line_1_60' title="bbox 1027 117 1502 158; baseline 0.002 -1"><span class='ocrx_word' id='word_1_279' title='bbox 1027 117 1502 158; x_wconf 79' lang='lat' dir='ltr'>H18TOR101</span> 
     </span>
    </p>
   </div>
   <div class='ocr_carea' id='block_1_10' title="bbox 1075 188 1829 587">
    <p class='ocr_par' dir='ltr' id='par_1_13' title="bbox 1075 188 1829 587">
     <span class='ocr_line' id='line_1_61' title="bbox 1076 188 1819 243; baseline 0.005 -18"><span class='ocrx_word' id='word_1_280' title='bbox 1076 203 1148 225; x_wconf 89' lang='lat' dir='ltr'>mus</span> <span class='ocrx_word' id='word_1_281' title='bbox 1160 188 1344 238; x_wconf 82' lang='lat' dir='ltr'>supervenit</span> <span class='ocrx_word' id='word_1_282' title='bbox 1358 191 1470 226; x_wconf 80' lang='lat' dir='ltr'>Darius</span> <span class='ocrx_word' id='word_1_283' title='bbox 1483 193 1621 243; x_wconf 57' lang='lat' dir='ltr'>Hystaspis</span> <span class='ocrx_word' id='word_1_284' title='bbox 1633 191 1819 229; x_wconf 85' lang='lat' dir='ltr'>filius:hunc</span> 
     </span>
     <span class='ocr_line' id='line_1_62' title="bbox 1075 240 1821 288; baseline 0.003 -12"><span class='ocrx_word' id='word_1_285' title='bbox 1075 241 1196 276; x_wconf 90' lang='lat' dir='ltr'>viderat</span> <span class='ocrx_word' id='word_1_286' title='bbox 1208 242 1241 274; x_wconf 86' lang='lat' dir='ltr'>in</span> <span class='ocrx_word' id='word_1_287' title='bbox 1254 240 1375 275; x_wconf 85' lang='lat' dir='ltr'>somnis</span> <span class='ocrx_word' id='word_1_288' title='bbox 1388 247 1479 288; x_wconf 78' lang='lat' dir='ltr'>Cyrus</span> <span class='ocrx_word' id='word_1_289' title='bbox 1491 244 1682 286; x_wconf 70' lang='lat' dir='ltr'>trajecturus</span> <span class='ocrx_word' id='word_1_290' title='bbox 1695 250 1821 278; x_wconf 73' lang='lat' dir='ltr'>Araxem</span> 
     </span>
     <span class='ocr_line' id='line_1_63' title="bbox 1076 289 1823 337; baseline 0.005 -14"><span class='ocrx_word' id='word_1_291' title='bbox 1076 289 1117 324; x_wconf 87' lang='lat' dir='ltr'>ad</span> <span class='ocrx_word' id='word_1_292' title='bbox 1131 289 1463 337; x_wconf 80' lang='lat' dir='ltr'>fata,imperitantem</span> <span class='ocrx_word' id='word_1_293' title='bbox 1477 290 1557 324; x_wconf 82' lang='lat' dir='ltr'>Afiae</span> <span class='ocrx_word' id='word_1_294' title='bbox 1578 305 1586 324; x_wconf 71' lang='grc' dir='ltr'>ε</span> <span class='ocrx_word' id='word_1_295' title='bbox 1615 295 1823 337; x_wconf 64' lang='lat' dir='ltr'>experrectus</span> 
     </span>
     <span class='ocr_line' id='line_1_64' title="bbox 1077 338 1824 390; baseline 0.004 -18"><span class='ocrx_word' id='word_1_296' title='bbox 1077 338 1220 374; x_wconf 77' lang='lat' dir='ltr'>advocat</span> <span class='ocrx_word' id='word_1_297' title='bbox 1232 341 1288 385; x_wconf 89' lang='lat' dir='ltr'>qui</span> <span class='ocrx_word' id='word_1_298' title='bbox 1298 349 1365 373; x_wconf 83' lang='lat' dir='ltr'>crat</span> <span class='ocrx_word' id='word_1_299' title='bbox 1378 340 1410 372; x_wconf 82' lang='lat' dir='ltr'>in</span> <span class='ocrx_word' id='word_1_300' title='bbox 1422 340 1541 379; x_wconf 87' lang='lat' dir='ltr'>castris,</span> <span class='ocrx_word' id='word_1_301' title='bbox 1555 341 1737 390; x_wconf 54' lang='lat' dir='ltr'>Hystaspem3</span> <span class='ocrx_word' id='word_1_302' title='bbox 1748 354 1824 375; x_wconf 84' lang='lat' dir='ltr'>nar-</span> 
     </span>
     <span class='ocr_line' id='line_1_65' title="bbox 1079 387 1825 434; baseline 0.005 -14"><span class='ocrx_word' id='word_1_303' title='bbox 1079 397 1126 421; x_wconf 87' lang='lat' dir='ltr'>rat</span> <span class='ocrx_word' id='word_1_304' title='bbox 1142 400 1214 433; x_wconf 85' lang='lat' dir='ltr'>quae</span> <span class='ocrx_word' id='word_1_305' title='bbox 1225 391 1265 422; x_wconf 89' lang='lat' dir='ltr'>de</span> <span class='ocrx_word' id='word_1_306' title='bbox 1286 387 1354 422; x_wconf 83' lang='lat' dir='ltr'>filio</span> <span class='ocrx_word' id='word_1_307' title='bbox 1375 387 1545 423; x_wconf 67' lang='lat' dir='ltr'>vidissetin</span> <span class='ocrx_word' id='word_1_308' title='bbox 1558 388 1678 423; x_wconf 86' lang='lat' dir='ltr'>somnis</span> <span class='ocrx_word' id='word_1_309' title='bbox 1695 414 1705 430; x_wconf 89' lang='lat'>,</span> <span class='ocrx_word' id='word_1_310' title='bbox 1729 389 1825 434; x_wconf 78' lang='lat' dir='ltr'>jubet</span> 
     </span>
     <span class='ocr_line' id='line_1_66' title="bbox 1079 436 1829 483; baseline 0.003 -14"><span class='ocrx_word' id='word_1_311' title='bbox 1079 436 1253 470; x_wconf 86' lang='lat' dir='ltr'>confestim</span> <span class='ocrx_word' id='word_1_312' title='bbox 1274 441 1382 472; x_wconf 80' lang='lat' dir='ltr'>volare</span> <span class='ocrx_word' id='word_1_313' title='bbox 1403 440 1434 471; x_wconf 90' lang='lat' dir='ltr'>in</span> <span class='ocrx_word' id='word_1_314' title='bbox 1452 439 1634 478; x_wconf 76' lang='lat' dir='ltr'>Persidem,</span> <span class='ocrx_word' id='word_1_315' title='bbox 1652 442 1829 483; x_wconf 87' lang='lat' dir='ltr'>juvenem-</span> 
     </span>
     <span class='ocr_line' id='line_1_67' title="bbox 1080 485 1826 534; baseline 0.007 -18"><span class='ocrx_word' id='word_1_316' title='bbox 1080 496 1142 530; x_wconf 85' lang='lat' dir='ltr'>que</span> <span class='ocrx_word' id='word_1_317' title='bbox 1165 486 1440 532; x_wconf 81' lang='lat' dir='ltr'>comptehensum</span> <span class='ocrx_word' id='word_1_318' title='bbox 1458 489 1497 521; x_wconf 81' lang='lat' dir='ltr'>ad</span> <span class='ocrx_word' id='word_1_319' title='bbox 1515 486 1543 521; x_wconf 87' lang='lat' dir='ltr'>se</span> <span class='ocrx_word' id='word_1_320' title='bbox 1561 500 1661 534; x_wconf 85' lang='lat' dir='ltr'>qnam</span> <span class='ocrx_word' id='word_1_321' title='bbox 1682 485 1826 534; x_wconf 72' lang='lat' dir='ltr'>primum</span> 
     </span>
     <span class='ocr_line' id='line_1_68' title="bbox 1079 533 1826 587; baseline 0.008 -21"><span class='ocrx_word' id='word_1_322' title='bbox 1079 533 1309 575; x_wconf 85' lang='lat' dir='ltr'>adducere,sed</span> <span class='ocrx_word' id='word_1_323' title='bbox 1321 536 1375 569; x_wconf 87' lang='lat' dir='ltr'>ista</span> <span class='ocrx_word' id='word_1_324' title='bbox 1386 538 1474 583; x_wconf 83' lang='lat' dir='ltr'>rupit</span> <span class='ocrx_word' id='word_1_325' title='bbox 1488 536 1621 571; x_wconf 85' lang='lat' dir='ltr'>consilia</span> <span class='ocrx_word' id='word_1_326' title='bbox 1631 539 1701 587; x_wconf 82' lang='lat' dir='ltr'>Cyri</span> <span class='ocrx_word' id='word_1_327' title='bbox 1711 538 1826 572; x_wconf 78' lang='lat' dir='ltr'>caedes.</span> 
     </span>
    </p>
   </div>
   <div class='ocr_carea' id='block_1_11' title="bbox 1082 579 2003 632">
    <p class='ocr_par' dir='ltr' id='par_1_14' title="bbox 1082 579 2003 632">
     <span class='ocr_line' id='line_1_69' title="bbox 1082 579 2003 632; baseline 0.009 -17"><span class='ocrx_word' id='word_1_328' title='bbox 1082 583 1275 617; x_wconf 84' lang='lat' dir='ltr'>Deliberant</span> <span class='ocrx_word' id='word_1_329' title='bbox 1295 584 1374 619; x_wconf 67' lang='lat' dir='ltr'>diffi</span> <span class='ocrx_word' id='word_1_330' title='bbox 1395 585 1517 632; x_wconf 79' lang='lat' dir='ltr'>septem</span> <span class='ocrx_word' id='word_1_331' title='bbox 1541 597 1693 632; x_wconf 86' lang='lat' dir='ltr'>proceres</span> <span class='ocrx_word' id='word_1_332' title='bbox 1705 586 1746 621; x_wconf 89' lang='lat' dir='ltr'>de</span> <span class='ocrx_word' id='word_1_333' title='bbox 1759 589 1823 622; x_wconf 82' lang='lat' dir='ltr'>tol-</span> <span class='ocrx_word' id='word_1_334' title='bbox 1843 579 2003 628; x_wconf 36' lang='lat' dir='ltr'>ConspirantJ</span> 
     </span>
    </p>
   </div>
   <div class='ocr_carea' id='block_1_12' title="bbox 1080 631 1995 703">
    <p class='ocr_par' dir='ltr' id='par_1_15' title="bbox 1080 631 1995 703">
     <span class='ocr_line' id='line_1_70' title="bbox 1080 631 1995 682; baseline 0.005 -16"><span class='ocrx_word' id='word_1_335' title='bbox 1080 633 1181 666; x_wconf 83' lang='lat' dir='ltr'>lendo</span> <span class='ocrx_word' id='word_1_336' title='bbox 1194 633 1318 681; x_wconf 88' lang='lat' dir='ltr'>Mago,</span> <span class='ocrx_word' id='word_1_337' title='bbox 1335 646 1403 667; x_wconf 88' lang='lat' dir='ltr'>rem</span> <span class='ocrx_word' id='word_1_338' title='bbox 1417 634 1569 681; x_wconf 89' lang='lat' dir='ltr'>cupiebat</span> <span class='ocrx_word' id='word_1_339' title='bbox 1584 642 1687 669; x_wconf 80' lang='lat' dir='ltr'>Otones</span> <span class='ocrx_word' id='word_1_340' title='bbox 1699 648 1755 682; x_wconf 84' lang='lat' dir='ltr'>per</span> <span class='ocrx_word' id='word_1_341' title='bbox 1764 638 1824 671; x_wconf 85' lang='lat' dir='ltr'>ali·</span> <span class='ocrx_word' id='word_1_342' title='bbox 1839 631 1995 671; x_wconf 47' lang='lat' dir='ltr'>ftfl‘emprh&#39;</span> 
     </span>
     <span class='ocr_line' id='line_1_71' title="bbox 1239 681 1933 703; baseline 0.006 -4"><span class='ocrx_word' id='word_1_343' title='bbox 1239 681 1247 685; x_wconf 51' lang='lat'>³</span> <span class='ocrx_word' id='word_1_344' title='bbox 1847 683 1933 703; x_wconf 62' lang='lat' dir='ltr'>morssst</span> 
     </span>
    </p>
   </div>
   <div class='ocr_carea' id='block_1_13' title="bbox 1079 681 1829 875">
    <p class='ocr_par' dir='ltr' id='par_1_16' title="bbox 1079 681 1829 875">
     <span class='ocr_line' id='line_1_72' title="bbox 1080 681 1829 734; baseline 0.005 -19"><span class='ocrx_word' id='word_1_345' title='bbox 1080 693 1162 728; x_wconf 87' lang='lat' dir='ltr'>quot</span> <span class='ocrx_word' id='word_1_346' title='bbox 1181 681 1304 717; x_wconf 71' lang='lat' dir='ltr'>differri</span> <span class='ocrx_word' id='word_1_347' title='bbox 1316 683 1401 717; x_wconf 88' lang='lat' dir='ltr'>dies:</span> <span class='ocrx_word' id='word_1_348' title='bbox 1415 686 1523 718; x_wconf 72' lang='lat' dir='ltr'>Darius</span> <span class='ocrx_word' id='word_1_349' title='bbox 1533 683 1611 718; x_wconf 74' lang='lat' dir='ltr'>vero</span> <span class='ocrx_word' id='word_1_350' title='bbox 1625 684 1657 717; x_wconf 89' lang='lat' dir='ltr'>ni</span> <span class='ocrx_word' id='word_1_351' title='bbox 1669 683 1759 719; x_wconf 80' lang='lat' dir='ltr'>illico</span> <span class='ocrx_word' id='word_1_352' title='bbox 1771 697 1829 734; x_wconf 88' lang='lat' dir='ltr'>ag-</span> 
     </span>
     <span class='ocr_line' id='line_1_73' title="bbox 1079 731 1827 780; baseline 0.007 -16"><span class='ocrx_word' id='word_1_353' title='bbox 1079 731 1294 777; x_wconf 85' lang='lat' dir='ltr'>grederentur</span> <span class='ocrx_word' id='word_1_354' title='bbox 1308 757 1317 773; x_wconf 92' lang='lat'>,</span> <span class='ocrx_word' id='word_1_355' title='bbox 1335 733 1512 766; x_wconf 84' lang='lat' dir='ltr'>denunciat</span> <span class='ocrx_word' id='word_1_356' title='bbox 1532 735 1784 780; x_wconf 88' lang='lat' dir='ltr'>propaluturum</span> <span class='ocrx_word' id='word_1_357' title='bbox 1796 736 1827 769; x_wconf 77' lang='lat' dir='ltr'>se</span> 
     </span>
     <span class='ocr_line' id='line_1_74' title="bbox 1080 778 1826 830; baseline 0.007 -17"><span class='ocrx_word' id='word_1_358' title='bbox 1080 778 1211 830; x_wconf 64' lang='lat' dir='ltr'>consilia</span> <span class='ocrx_word' id='word_1_359' title='bbox 1229 806 1239 821; x_wconf 90' lang='lat'>,</span> <span class='ocrx_word' id='word_1_360' title='bbox 1265 781 1341 816; x_wconf 82' lang='lat' dir='ltr'>scire</span> <span class='ocrx_word' id='word_1_361' title='bbox 1351 783 1437 817; x_wconf 86' lang='lat' dir='ltr'>enirn</span> <span class='ocrx_word' id='word_1_362' title='bbox 1450 781 1537 822; x_wconf 84' lang='lat' dir='ltr'>saris,</span> <span class='ocrx_word' id='word_1_363' title='bbox 1548 795 1618 816; x_wconf 91' lang='lat' dir='ltr'>non</span> <span class='ocrx_word' id='word_1_364' title='bbox 1637 782 1722 828; x_wconf 74' lang='lat' dir='ltr'>posse</span> <span class='ocrx_word' id='word_1_365' title='bbox 1735 785 1826 818; x_wconf 91' lang='lat' dir='ltr'>viros</span> 
     </span>
     <span class='ocr_line' id='line_1_75' title="bbox 1080 829 1825 875; baseline 0.009 -15"><span class='ocrx_word' id='word_1_366' title='bbox 1080 830 1206 875; x_wconf 77' lang='lat' dir='ltr'>septem</span> <span class='ocrx_word' id='word_1_367' title='bbox 1218 829 1375 865; x_wconf 83' lang='lat' dir='ltr'>secretum</span> <span class='ocrx_word' id='word_1_368' title='bbox 1389 833 1471 865; x_wconf 85' lang='lat' dir='ltr'>tanti</span> <span class='ocrx_word' id='word_1_369' title='bbox 1483 834 1647 866; x_wconf 87' lang='lat' dir='ltr'>momenti</span> <span class='ocrx_word' id='word_1_370' title='bbox 1664 833 1721 867; x_wconf 91' lang='lat' dir='ltr'>diu</span> <span class='ocrx_word' id='word_1_371' title='bbox 1734 843 1825 867; x_wconf 87' lang='lat' dir='ltr'>tene-</span> 
     </span>
    </p>
   </div>
   <div class='ocr_carea' id='block_1_14' title="bbox 1077 879 1836 2352">
    <p class='ocr_par' dir='ltr' id='par_1_17' title="bbox 1077 879 1836 2352">
     <span class='ocr_line' id='line_1_76' title="bbox 1081 879 1827 929; baseline 0.008 -19"><span class='ocrx_word' id='word_1_372' title='bbox 1081 879 1345 929; x_wconf 59' lang='lat' dir='ltr'>recompreffum</span> <span class='ocrx_word' id='word_1_373' title='bbox 1357 904 1366 918; x_wconf 92' lang='lat'><em>‚</em></span> <span class='ocrx_word' id='word_1_374' title='bbox 1376 879 1465 915; x_wconf 90' lang='lat' dir='ltr'>nolle</span> <span class='ocrx_word' id='word_1_375' title='bbox 1473 881 1570 928; x_wconf 83' lang='lat' dir='ltr'>igitur</span> <span class='ocrx_word' id='word_1_376' title='bbox 1581 881 1597 916; x_wconf 77' lang='grc' dir='ltr'>ὲ</span> <span class='ocrx_word' id='word_1_377' title='bbox 1610 894 1780 929; x_wconf 88' lang='lat' dir='ltr'>quoquam</span> <span class='ocrx_word' id='word_1_378' title='bbox 1791 884 1827 916; x_wconf 84' lang='lat' dir='ltr'>in</span> 
     </span>
     <span class='ocr_line' id='line_1_77' title="bbox 1081 926 1826 978; baseline 0.009 -20"><span class='ocrx_word' id='word_1_379' title='bbox 1081 926 1250 960; x_wconf 74' lang='lat' dir='ltr'>afferendo</span> <span class='ocrx_word' id='word_1_380' title='bbox 1265 928 1373 974; x_wconf 85' lang='lat' dir='ltr'>Magis</span> <span class='ocrx_word' id='word_1_381' title='bbox 1389 933 1512 963; x_wconf 88' lang='lat' dir='ltr'>nuncio</span> <span class='ocrx_word' id='word_1_382' title='bbox 1529 929 1557 963; x_wconf 86' lang='lat' dir='ltr'>se</span> <span class='ocrx_word' id='word_1_383' title='bbox 1569 935 1736 978; x_wconf 86' lang='lat' dir='ltr'>praeveniri</span> <span class='ocrx_word' id='word_1_384' title='bbox 1756 957 1766 972; x_wconf 89' lang='lat'>,</span> <span class='ocrx_word' id='word_1_385' title='bbox 1791 934 1826 965; x_wconf 85' lang='lat' dir='ltr'>in</span> 
     </span>
     <span class='ocr_line' id='line_1_78' title="bbox 1081 973 1827 1027; baseline 0.012 -20"><span class='ocrx_word' id='word_1_386' title='bbox 1081 974 1129 1008; x_wconf 72' lang='lat' dir='ltr'>vifi</span> <span class='ocrx_word' id='word_1_387' title='bbox 1153 973 1282 1009; x_wconf 89' lang='lat' dir='ltr'>discunt</span> <span class='ocrx_word' id='word_1_388' title='bbox 1301 974 1481 1010; x_wconf 76' lang='lat' dir='ltr'>conciliasse</span> <span class='ocrx_word' id='word_1_389' title='bbox 1501 976 1561 1011; x_wconf 83' lang='lat' dir='ltr'>fibi</span> <span class='ocrx_word' id='word_1_390' title='bbox 1577 981 1695 1027; x_wconf 81' lang='lat' dir='ltr'>Magos</span> <span class='ocrx_word' id='word_1_391' title='bbox 1708 983 1827 1016; x_wconf 75' lang='lat' dir='ltr'>Prexa-</span> 
     </span>
     <span class='ocr_line' id='line_1_79' title="bbox 1077 1024 1827 1074; baseline 0.008 -16"><span class='ocrx_word' id='word_1_392' title='bbox 1077 1026 1164 1071; x_wconf 76' lang='lat' dir='ltr'>spem,</span> <span class='ocrx_word' id='word_1_393' title='bbox 1176 1024 1335 1071; x_wconf 86' lang='lat' dir='ltr'>illumque</span> <span class='ocrx_word' id='word_1_394' title='bbox 1348 1026 1472 1073; x_wconf 87' lang='lat' dir='ltr'>magnis</span> <span class='ocrx_word' id='word_1_395' title='bbox 1484 1027 1674 1062; x_wconf 89' lang='lat' dir='ltr'>muneribus</span> <span class='ocrx_word' id='word_1_396' title='bbox 1692 1032 1827 1074; x_wconf 76' lang='lat' dir='ltr'>majori-</span> 
     </span>
     <span class='ocr_line' id='line_1_80' title="bbox 1082 1072 1828 1126; baseline 0.008 -19"><span class='ocrx_word' id='word_1_397' title='bbox 1082 1072 1203 1120; x_wconf 78' lang='lat' dir='ltr'>busque</span> <span class='ocrx_word' id='word_1_398' title='bbox 1231 1073 1392 1121; x_wconf 81' lang='lat' dir='ltr'>promiffis</span> <span class='ocrx_word' id='word_1_399' title='bbox 1418 1075 1576 1111; x_wconf 84' lang='lat' dir='ltr'>induxisse</span> <span class='ocrx_word' id='word_1_400' title='bbox 1597 1101 1608 1118; x_wconf 90' lang='lat'>,</span> <span class='ocrx_word' id='word_1_401' title='bbox 1635 1078 1764 1126; x_wconf 85' lang='lat' dir='ltr'>populo</span> <span class='ocrx_word' id='word_1_402' title='bbox 1789 1090 1828 1114; x_wconf 88' lang='lat' dir='ltr'>ut</span> 
     </span>
     <span class='ocr_line' id='line_1_81' title="bbox 1081 1123 1829 1176; baseline 0.008 -20"><span class='ocrx_word' id='word_1_403' title='bbox 1081 1123 1289 1169; x_wconf 86' lang='lat' dir='ltr'>persuaderet</span> <span class='ocrx_word' id='word_1_404' title='bbox 1298 1125 1480 1172; x_wconf 84' lang='lat' dir='ltr'>genuinum</span> <span class='ocrx_word' id='word_1_405' title='bbox 1494 1128 1560 1168; x_wconf 76' lang='lat' dir='ltr'>Cyri</span> <span class='ocrx_word' id='word_1_406' title='bbox 1572 1129 1702 1162; x_wconf 81' lang='lat' dir='ltr'>Smerdin</span> <span class='ocrx_word' id='word_1_407' title='bbox 1712 1139 1829 1176; x_wconf 62' lang='lat' dir='ltr'>regnar-</span> 
     </span>
     <span class='ocr_line' id='line_1_82' title="bbox 1081 1172 1829 1225; baseline 0.009 -20"><span class='ocrx_word' id='word_1_408' title='bbox 1081 1184 1127 1211; x_wconf 88' lang='lat' dir='ltr'>re,</span> <span class='ocrx_word' id='word_1_409' title='bbox 1138 1184 1197 1207; x_wconf 89' lang='lat' dir='ltr'>nec</span> <span class='ocrx_word' id='word_1_410' title='bbox 1210 1173 1310 1207; x_wconf 87' lang='lat' dir='ltr'>ullam</span> <span class='ocrx_word' id='word_1_411' title='bbox 1322 1172 1352 1207; x_wconf 86' lang='lat' dir='ltr'>se</span> <span class='ocrx_word' id='word_1_412' title='bbox 1372 1174 1438 1207; x_wconf 87' lang='lat' dir='ltr'>vim</span> <span class='ocrx_word' id='word_1_413' title='bbox 1450 1186 1598 1220; x_wconf 89' lang='lat' dir='ltr'>unquam</span> <span class='ocrx_word' id='word_1_414' title='bbox 1610 1174 1747 1211; x_wconf 73' lang='lat' dir='ltr'>intulisse</span> <span class='ocrx_word' id='word_1_415' title='bbox 1761 1179 1829 1225; x_wconf 71' lang='lat' dir='ltr'>Cyri</span> 
     </span>
     <span class='ocr_line' id='line_1_83' title="bbox 1082 1220 1828 1271; baseline 0.008 -17"><span class='ocrx_word' id='word_1_416' title='bbox 1082 1220 1153 1255; x_wconf 90' lang='lat' dir='ltr'>filio</span> <span class='ocrx_word' id='word_1_417' title='bbox 1167 1246 1177 1262; x_wconf 88' lang='lat'>,</span> <span class='ocrx_word' id='word_1_418' title='bbox 1205 1221 1382 1268; x_wconf 82' lang='lat' dir='ltr'>pollicetur</span> <span class='ocrx_word' id='word_1_419' title='bbox 1401 1225 1528 1270; x_wconf 73' lang='lat' dir='ltr'>egregie</span> <span class='ocrx_word' id='word_1_420' title='bbox 1542 1226 1690 1271; x_wconf 71' lang='lat' dir='ltr'>Prexaspes</span> <span class='ocrx_word' id='word_1_421' title='bbox 1703 1250 1711 1262; x_wconf 91' lang='lat'>,</span> <span class='ocrx_word' id='word_1_422' title='bbox 1735 1226 1828 1271; x_wconf 82' lang='lat' dir='ltr'>jubet</span> 
     </span>
     <span class='ocr_line' id='line_1_84' title="bbox 1080 1271 1830 1322; baseline 0.009 -19"><span class='ocrx_word' id='word_1_423' title='bbox 1080 1273 1258 1305; x_wconf 87' lang='lat' dir='ltr'>convocari</span> <span class='ocrx_word' id='word_1_424' title='bbox 1279 1271 1408 1308; x_wconf 81' lang='lat' dir='ltr'>Persas,</span> <span class='ocrx_word' id='word_1_425' title='bbox 1424 1276 1458 1307; x_wconf 71' lang='grc' dir='ltr'>δε</span> <span class='ocrx_word' id='word_1_426' title='bbox 1477 1273 1578 1307; x_wconf 87' lang='lat' dir='ltr'>altum</span> <span class='ocrx_word' id='word_1_427' title='bbox 1601 1272 1660 1307; x_wconf 85' lang='lat' dir='ltr'>sibi</span> <span class='ocrx_word' id='word_1_428' title='bbox 1682 1275 1830 1322; x_wconf 81' lang='lat' dir='ltr'>poniso-</span> 
     </span>
     <span class='ocr_line' id='line_1_85' title="bbox 1080 1319 1830 1370; baseline 0.008 -18"><span class='ocrx_word' id='word_1_429' title='bbox 1080 1321 1159 1353; x_wconf 88' lang='lat' dir='ltr'>lium</span> <span class='ocrx_word' id='word_1_430' title='bbox 1174 1345 1183 1361; x_wconf 98' lang='lat'>,</span> <span class='ocrx_word' id='word_1_431' title='bbox 1202 1323 1235 1355; x_wconf 86' lang='lat' dir='ltr'>in</span> <span class='ocrx_word' id='word_1_432' title='bbox 1253 1320 1319 1354; x_wconf 87' lang='lat' dir='ltr'>hoc</span> <span class='ocrx_word' id='word_1_433' title='bbox 1330 1319 1612 1370; x_wconf 71' lang='lat' dir='ltr'>ascendenslonge</span> <span class='ocrx_word' id='word_1_434' title='bbox 1623 1335 1740 1358; x_wconf 86' lang='lat' dir='ltr'>contra</span> <span class='ocrx_word' id='word_1_435' title='bbox 1753 1326 1830 1357; x_wconf 87' lang='lat' dir='ltr'>Ma-</span> 
     </span>
     <span class='ocr_line' id='line_1_86' title="bbox 1078 1368 1830 1418; baseline 0.004 -15"><span class='ocrx_word' id='word_1_436' title='bbox 1078 1382 1197 1416; x_wconf 84' lang='lat' dir='ltr'>gorum</span> <span class='ocrx_word' id='word_1_437' title='bbox 1221 1368 1314 1418; x_wconf 87' lang='lat' dir='ltr'>spem</span> <span class='ocrx_word' id='word_1_438' title='bbox 1347 1371 1553 1406; x_wconf 81' lang='lat' dir='ltr'>auditoribus</span> <span class='ocrx_word' id='word_1_439' title='bbox 1588 1373 1698 1407; x_wconf 87' lang='lat' dir='ltr'>multis</span> <span class='ocrx_word' id='word_1_440' title='bbox 1721 1373 1830 1408; x_wconf 87' lang='lat' dir='ltr'>verbis</span> 
     </span>
     <span class='ocr_line' id='line_1_87' title="bbox 1081 1418 1829 1467; baseline 0.007 -15"><span class='ocrx_word' id='word_1_441' title='bbox 1081 1420 1247 1460; x_wconf 86' lang='lat' dir='ltr'>declarat,</span> <span class='ocrx_word' id='word_1_442' title='bbox 1274 1418 1349 1454; x_wconf 70' lang='lat' dir='ltr'>vere</span> <span class='ocrx_word' id='word_1_443' title='bbox 1376 1420 1528 1456; x_wconf 64' lang='lat' dir='ltr'>maetass‘e</span> <span class='ocrx_word' id='word_1_444' title='bbox 1548 1421 1576 1455; x_wconf 86' lang='lat' dir='ltr'>se</span> <span class='ocrx_word' id='word_1_445' title='bbox 1599 1424 1731 1457; x_wconf 80' lang='lat' dir='ltr'>Smerdin</span> <span class='ocrx_word' id='word_1_446' title='bbox 1752 1424 1829 1467; x_wconf 78' lang='lat' dir='ltr'>cyri,</span> 
     </span>
     <span class='ocr_line' id='line_1_88' title="bbox 1079 1468 1830 1518; baseline 0.003 -16"><span class='ocrx_word' id='word_1_447' title='bbox 1079 1470 1237 1516; x_wconf 83' lang='lat' dir='ltr'>regnique</span> <span class='ocrx_word' id='word_1_448' title='bbox 1249 1468 1348 1504; x_wconf 88' lang='lat' dir='ltr'>fraena</span> <span class='ocrx_word' id='word_1_449' title='bbox 1357 1479 1467 1504; x_wconf 86' lang='lat' dir='ltr'>tenere</span> <span class='ocrx_word' id='word_1_450' title='bbox 1476 1482 1544 1504; x_wconf 93' lang='lat' dir='ltr'>non</span> <span class='ocrx_word' id='word_1_451' title='bbox 1557 1470 1656 1505; x_wconf 88' lang='lat' dir='ltr'>alium</span> <span class='ocrx_word' id='word_1_452' title='bbox 1669 1470 1767 1518; x_wconf 70' lang='lat' dir='ltr'>quam</span> <span class='ocrx_word' id='word_1_453' title='bbox 1783 1474 1830 1504; x_wconf 80' lang='lat' dir='ltr'>vi-</span> 
     </span>
     <span class='ocr_line' id='line_1_89' title="bbox 1079 1517 1829 1570; baseline 0.001 -17"><span class='ocrx_word' id='word_1_454' title='bbox 1079 1517 1234 1570; x_wconf 65' lang='lat' dir='ltr'>lissimum</span> <span class='ocrx_word' id='word_1_455' title='bbox 1250 1521 1385 1566; x_wconf 87' lang='lat' dir='ltr'>Magum</span> <span class='ocrx_word' id='word_1_456' title='bbox 1402 1531 1410 1552; x_wconf 90' lang='lat'><strong>:</strong></span> <span class='ocrx_word' id='word_1_457' title='bbox 1434 1531 1507 1553; x_wconf 89' lang='lat' dir='ltr'>cum</span> <span class='ocrx_word' id='word_1_458' title='bbox 1520 1520 1615 1554; x_wconf 73' lang='lat' dir='ltr'>dietis</span> <span class='ocrx_word' id='word_1_459' title='bbox 1628 1522 1829 1568; x_wconf 83' lang='lat' dir='ltr'>praecipirem</span> 
     </span>
     <span class='ocr_line' id='line_1_90' title="bbox 1080 1567 1830 1616; baseline 0.004 -16"><span class='ocrx_word' id='word_1_460' title='bbox 1080 1569 1109 1602; x_wconf 85' lang='lat' dir='ltr'>se</span> <span class='ocrx_word' id='word_1_461' title='bbox 1123 1567 1265 1601; x_wconf 88' lang='lat' dir='ltr'>mittitin</span> <span class='ocrx_word' id='word_1_462' title='bbox 1276 1578 1386 1615; x_wconf 80' lang='lat' dir='ltr'>caput,</span> <span class='ocrx_word' id='word_1_463' title='bbox 1403 1570 1590 1616; x_wconf 87' lang='lat' dir='ltr'>expiratque</span> <span class='ocrx_word' id='word_1_464' title='bbox 1600 1571 1728 1604; x_wconf 86' lang='lat' dir='ltr'>cervice</span> <span class='ocrx_word' id='word_1_465' title='bbox 1740 1581 1830 1603; x_wconf 92' lang='lat' dir='ltr'>con-</span> 
     </span>
     <span class='ocr_line' id='line_1_91' title="bbox 1079 1615 1832 1664; baseline 0.001 -13"><span class='ocrx_word' id='word_1_466' title='bbox 1079 1615 1189 1651; x_wconf 70' lang='lat' dir='ltr'>fraetfi.</span> <span class='ocrx_word' id='word_1_467' title='bbox 1216 1618 1384 1652; x_wconf 84' lang='lat' dir='ltr'>Nuncium</span> <span class='ocrx_word' id='word_1_468' title='bbox 1405 1617 1472 1652; x_wconf 89' lang='lat' dir='ltr'>hoc</span> <span class='ocrx_word' id='word_1_469' title='bbox 1490 1619 1696 1652; x_wconf 87' lang='lat' dir='ltr'>currentibus</span> <span class='ocrx_word' id='word_1_470' title='bbox 1711 1622 1832 1664; x_wconf 82' lang='lat' dir='ltr'>conju.-</span> 
     </span>
     <span class='ocr_line' id='line_1_92' title="bbox 1080 1665 1832 1715; baseline 0.007 -17"><span class='ocrx_word' id='word_1_471' title='bbox 1080 1667 1154 1700; x_wconf 84' lang='lat' dir='ltr'>ratis</span> <span class='ocrx_word' id='word_1_472' title='bbox 1164 1665 1293 1701; x_wconf 85' lang='lat' dir='ltr'>addidit</span> <span class='ocrx_word' id='word_1_473' title='bbox 1307 1666 1431 1708; x_wconf 84' lang='lat' dir='ltr'>calcar,</span> <span class='ocrx_word' id='word_1_474' title='bbox 1451 1679 1584 1702; x_wconf 88' lang='lat' dir='ltr'>ventum</span> <span class='ocrx_word' id='word_1_475' title='bbox 1605 1667 1649 1702; x_wconf 85' lang='lat' dir='ltr'>est</span> <span class='ocrx_word' id='word_1_476' title='bbox 1661 1667 1702 1702; x_wconf 87' lang='lat' dir='ltr'>ad</span> <span class='ocrx_word' id='word_1_477' title='bbox 1720 1668 1832 1715; x_wconf 75' lang='lat' dir='ltr'>Regiae</span> 
     </span>
     <span class='ocr_line' id='line_1_93' title="bbox 1080 1713 1833 1763; baseline -0.001 -14"><span class='ocrx_word' id='word_1_478' title='bbox 1080 1713 1168 1749; x_wconf 88' lang='lat' dir='ltr'>fores</span> <span class='ocrx_word' id='word_1_479' title='bbox 1180 1739 1189 1752; x_wconf 81' lang='lat'>‚</span> <span class='ocrx_word' id='word_1_480' title='bbox 1206 1716 1352 1750; x_wconf 86' lang='lat' dir='ltr'>virorum</span> <span class='ocrx_word' id='word_1_481' title='bbox 1365 1715 1513 1761; x_wconf 82' lang='lat' dir='ltr'>majestas</span> <span class='ocrx_word' id='word_1_482' title='bbox 1524 1729 1581 1763; x_wconf 85' lang='lat' dir='ltr'>per</span> <span class='ocrx_word' id='word_1_483' title='bbox 1591 1716 1720 1751; x_wconf 87' lang='lat' dir='ltr'>medios</span> <span class='ocrx_word' id='word_1_484' title='bbox 1734 1716 1833 1752; x_wconf 66' lang='lat' dir='ltr'>satel-</span> 
     </span>
     <span class='ocr_line' id='line_1_94' title="bbox 1080 1763 1828 1812; baseline 0.005 -15"><span class='ocrx_word' id='word_1_485' title='bbox 1080 1763 1153 1798; x_wconf 86' lang='lat' dir='ltr'>lites</span> <span class='ocrx_word' id='word_1_486' title='bbox 1170 1766 1256 1800; x_wconf 88' lang='lat' dir='ltr'>viam</span> <span class='ocrx_word' id='word_1_487' title='bbox 1270 1767 1397 1812; x_wconf 82' lang='lat' dir='ltr'>aperuit</span> <span class='ocrx_word' id='word_1_488' title='bbox 1408 1791 1417 1804; x_wconf 89' lang='lat'>,</span> <span class='ocrx_word' id='word_1_489' title='bbox 1436 1777 1504 1799; x_wconf 89' lang='lat' dir='ltr'>non</span> <span class='ocrx_word' id='word_1_490' title='bbox 1521 1769 1599 1800; x_wconf 82' lang='lat' dir='ltr'>item</span> <span class='ocrx_word' id='word_1_491' title='bbox 1612 1767 1649 1801; x_wconf 90' lang='lat' dir='ltr'>ad</span> <span class='ocrx_word' id='word_1_492' title='bbox 1661 1767 1828 1801; x_wconf 85' lang='lat' dir='ltr'>conclavis</span> 
     </span>
     <span class='ocr_line' id='line_1_95' title="bbox 1080 1814 1834 1864; baseline 0.003 -15"><span class='ocrx_word' id='word_1_493' title='bbox 1080 1815 1202 1849; x_wconf 80' lang='lat' dir='ltr'>aditum</span> <span class='ocrx_word' id='word_1_494' title='bbox 1215 1826 1272 1862; x_wconf 88' lang='lat' dir='ltr'>per</span> <span class='ocrx_word' id='word_1_495' title='bbox 1282 1814 1526 1862; x_wconf 84' lang='lat' dir='ltr'>cunuchos,qui</span> <span class='ocrx_word' id='word_1_496' title='bbox 1535 1814 1728 1864; x_wconf 81' lang='lat' dir='ltr'>suspicantes</span> <span class='ocrx_word' id='word_1_497' title='bbox 1737 1816 1834 1863; x_wconf 86' lang='lat' dir='ltr'>quod</span> 
     </span>
     <span class='ocr_line' id='line_1_96' title="bbox 1082 1864 1831 1906; baseline 0.003 -8"><span class='ocrx_word' id='word_1_498' title='bbox 1082 1876 1161 1903; x_wconf 81' lang='lat' dir='ltr'>erat,</span> <span class='ocrx_word' id='word_1_499' title='bbox 1175 1864 1218 1897; x_wconf 90' lang='lat' dir='ltr'>ad</span> <span class='ocrx_word' id='word_1_500' title='bbox 1229 1876 1318 1898; x_wconf 84' lang='lat' dir='ltr'>arma</span> <span class='ocrx_word' id='word_1_501' title='bbox 1330 1868 1578 1899; x_wconf 80' lang='lat' dir='ltr'>conclamavere</span> <span class='ocrx_word' id='word_1_502' title='bbox 1595 1890 1607 1906; x_wconf 90' lang='lat'>,</span> <span class='ocrx_word' id='word_1_503' title='bbox 1633 1865 1686 1900; x_wconf 83' lang='lat' dir='ltr'>sed</span> <span class='ocrx_word' id='word_1_504' title='bbox 1697 1865 1831 1906; x_wconf 79' lang='lat' dir='ltr'>frustra3</span> 
     </span>
     <span class='ocr_line' id='line_1_97' title="bbox 1085 1910 1834 1949; baseline 0 -3"><span class='ocrx_word' id='word_1_505' title='bbox 1085 1926 1160 1948; x_wconf 84' lang='lat' dir='ltr'>nam</span> <span class='ocrx_word' id='word_1_506' title='bbox 1181 1910 1278 1948; x_wconf 82' lang='lat' dir='ltr'>facile</span> <span class='ocrx_word' id='word_1_507' title='bbox 1298 1913 1466 1948; x_wconf 82' lang='lat' dir='ltr'>semiviros</span> <span class='ocrx_word' id='word_1_508' title='bbox 1475 1913 1604 1949; x_wconf 82' lang='lat' dir='ltr'>ensibus</span> <span class='ocrx_word' id='word_1_509' title='bbox 1619 1913 1834 1949; x_wconf 85' lang='lat' dir='ltr'>summoven-</span> 
     </span>
     <span class='ocr_line' id='line_1_98' title="bbox 1085 1962 1833 2011; baseline -0.001 -14"><span class='ocrx_word' id='word_1_510' title='bbox 1085 1974 1132 1997; x_wconf 87' lang='lat' dir='ltr'>tcs</span> <span class='ocrx_word' id='word_1_511' title='bbox 1144 1974 1293 2010; x_wconf 87' lang='lat' dir='ltr'>proceres</span> <span class='ocrx_word' id='word_1_512' title='bbox 1304 1987 1314 2000; x_wconf 92' lang='lat'>‚</span> <span class='ocrx_word' id='word_1_513' title='bbox 1328 1964 1517 2011; x_wconf 86' lang='lat' dir='ltr'>irrumpunt</span> <span class='ocrx_word' id='word_1_514' title='bbox 1528 1965 1561 1996; x_wconf 91' lang='lat' dir='ltr'>in</span> <span class='ocrx_word' id='word_1_515' title='bbox 1573 1964 1731 1998; x_wconf 82' lang='lat' dir='ltr'>conclave</span> <span class='ocrx_word' id='word_1_516' title='bbox 1745 1988 1755 2004; x_wconf 92' lang='lat'>,</span> <span class='ocrx_word' id='word_1_517' title='bbox 1779 1962 1833 1997; x_wconf 76' lang='lat' dir='ltr'>hic</span> 
     </span>
     <span class='ocr_line' id='line_1_99' title="bbox 1087 2012 1833 2060; baseline -0.003 -13"><span class='ocrx_word' id='word_1_518' title='bbox 1087 2014 1177 2060; x_wconf 76' lang='lat' dir='ltr'>Magi</span> <span class='ocrx_word' id='word_1_519' title='bbox 1187 2012 1304 2047; x_wconf 84' lang='lat' dir='ltr'>fratres</span> <span class='ocrx_word' id='word_1_520' title='bbox 1322 2038 1331 2051; x_wconf 91' lang='lat'><em>‚</em></span> <span class='ocrx_word' id='word_1_521' title='bbox 1356 2014 1438 2048; x_wconf 87' lang='lat' dir='ltr'>alter</span> <span class='ocrx_word' id='word_1_522' title='bbox 1448 2024 1558 2047; x_wconf 84' lang='lat' dir='ltr'>arcum</span> <span class='ocrx_word' id='word_1_523' title='bbox 1572 2037 1580 2050; x_wconf 95' lang='lat'>‚</span> <span class='ocrx_word' id='word_1_524' title='bbox 1592 2012 1673 2047; x_wconf 84' lang='lat' dir='ltr'>alter</span> <span class='ocrx_word' id='word_1_525' title='bbox 1684 2014 1833 2047; x_wconf 84' lang='lat' dir='ltr'>lanceam</span> 
     </span>
     <span class='ocr_line' id='line_1_100' title="bbox 1085 2063 1835 2110; baseline 0.001 -13"><span class='ocrx_word' id='word_1_526' title='bbox 1085 2063 1221 2109; x_wconf 80' lang='lat' dir='ltr'>corripit</span> <span class='ocrx_word' id='word_1_527' title='bbox 1240 2076 1248 2097; x_wconf 70' lang='grc' dir='ltr'><strong><em>ι</em></strong></span> <span class='ocrx_word' id='word_1_528' title='bbox 1274 2074 1367 2096; x_wconf 86' lang='lat' dir='ltr'>arcus</span> <span class='ocrx_word' id='word_1_529' title='bbox 1381 2063 1414 2095; x_wconf 92' lang='lat' dir='ltr'>in</span> <span class='ocrx_word' id='word_1_530' title='bbox 1427 2063 1694 2110; x_wconf 82' lang='lat' dir='ltr'>proximotelum</span> <span class='ocrx_word' id='word_1_531' title='bbox 1707 2063 1835 2098; x_wconf 80' lang='lat' dir='ltr'>inutile.</span> 
     </span>
     <span class='ocr_line' id='line_1_101' title="bbox 1088 2110 1835 2160; baseline -0.004 -14"><span class='ocrx_word' id='word_1_532' title='bbox 1088 2113 1180 2160; x_wconf 84' lang='lat' dir='ltr'>Fugit</span> <span class='ocrx_word' id='word_1_533' title='bbox 1191 2124 1271 2159; x_wconf 82' lang='lat' dir='ltr'>ergo</span> <span class='ocrx_word' id='word_1_534' title='bbox 1282 2113 1339 2158; x_wconf 80' lang='lat' dir='ltr'>qui</span> <span class='ocrx_word' id='word_1_535' title='bbox 1349 2124 1390 2145; x_wconf 89' lang='lat' dir='ltr'>eo</span> <span class='ocrx_word' id='word_1_536' title='bbox 1402 2110 1430 2145; x_wconf 87' lang='lat' dir='ltr'>se</span> <span class='ocrx_word' id='word_1_537' title='bbox 1442 2122 1620 2145; x_wconf 84' lang='lat' dir='ltr'>armaverat</span> <span class='ocrx_word' id='word_1_538' title='bbox 1633 2112 1666 2144; x_wconf 90' lang='lat' dir='ltr'>in</span> <span class='ocrx_word' id='word_1_539' title='bbox 1677 2112 1835 2144; x_wconf 83' lang='lat' dir='ltr'>interiora.</span> 
     </span>
     <span class='ocr_line' id='line_1_102' title="bbox 1085 2157 1835 2207; baseline -0.007 -11"><span class='ocrx_word' id='word_1_540' title='bbox 1085 2161 1209 2196; x_wconf 79' lang='lat' dir='ltr'>domfis</span> <span class='ocrx_word' id='word_1_541' title='bbox 1223 2185 1232 2197; x_wconf 86' lang='lat'>‚</span> <span class='ocrx_word' id='word_1_542' title='bbox 1250 2159 1398 2207; x_wconf 86' lang='lat' dir='ltr'>sequitur</span> <span class='ocrx_word' id='word_1_543' title='bbox 1413 2163 1521 2195; x_wconf 77' lang='lat' dir='ltr'>Darius</span> <span class='ocrx_word' id='word_1_544' title='bbox 1533 2164 1565 2194; x_wconf 65' lang='grc' dir='ltr'>ὃ(</span> <span class='ocrx_word' id='word_1_545' title='bbox 1578 2161 1692 2194; x_wconf 74' lang='lat' dir='ltr'>Gobrias</span> <span class='ocrx_word' id='word_1_546' title='bbox 1703 2157 1835 2206; x_wconf 84' lang='lat' dir='ltr'>fugien-</span> 
     </span>
     <span class='ocr_line' id='line_1_103' title="bbox 1086 2206 1836 2250; baseline -0.001 -7"><span class='ocrx_word' id='word_1_547' title='bbox 1086 2221 1152 2243; x_wconf 90' lang='lat' dir='ltr'>tem</span> <span class='ocrx_word' id='word_1_548' title='bbox 1162 2234 1173 2250; x_wconf 89' lang='lat'>,</span> <span class='ocrx_word' id='word_1_549' title='bbox 1189 2210 1306 2244; x_wconf 75' lang='lat' dir='ltr'>Gobrias</span> <span class='ocrx_word' id='word_1_550' title='bbox 1317 2208 1458 2242; x_wconf 84' lang='lat' dir='ltr'>brachiis</span> <span class='ocrx_word' id='word_1_551' title='bbox 1468 2209 1616 2242; x_wconf 90' lang='lat' dir='ltr'>continet</span> <span class='ocrx_word' id='word_1_552' title='bbox 1629 2232 1639 2248; x_wconf 84' lang='lat'>,</span> <span class='ocrx_word' id='word_1_553' title='bbox 1658 2206 1836 2242; x_wconf 66' lang='lat' dir='ltr'>reluctatur</span> 
     </span>
     <span class='ocr_line' id='line_1_104' title="bbox 1085 2256 1836 2305; baseline -0.001 -14"><span class='ocrx_word' id='word_1_554' title='bbox 1085 2259 1156 2292; x_wconf 87' lang='lat' dir='ltr'>ille,</span> <span class='ocrx_word' id='word_1_555' title='bbox 1176 2256 1523 2302; x_wconf 84' lang='lat' dir='ltr'>mutuisimplicantur</span> <span class='ocrx_word' id='word_1_556' title='bbox 1534 2256 1756 2305; x_wconf 83' lang='lat' dir='ltr'>amplexibus,</span> <span class='ocrx_word' id='word_1_557' title='bbox 1777 2258 1836 2290; x_wconf 87' lang='lat' dir='ltr'>stat</span> 
     </span>
     <span class='ocr_line' id='line_1_105' title="bbox 1085 2304 1836 2352; baseline 0.003 -13"><span class='ocrx_word' id='word_1_558' title='bbox 1085 2307 1185 2339; x_wconf 88' lang='lat' dir='ltr'>animi</span> <span class='ocrx_word' id='word_1_559' title='bbox 1204 2317 1322 2352; x_wconf 87' lang='lat' dir='ltr'>anceps</span> <span class='ocrx_word' id='word_1_560' title='bbox 1339 2309 1447 2341; x_wconf 71' lang='lat' dir='ltr'>Darius</span> <span class='ocrx_word' id='word_1_561' title='bbox 1467 2333 1476 2346; x_wconf 85' lang='lat'>‚</span> <span class='ocrx_word' id='word_1_562' title='bbox 1504 2306 1598 2341; x_wconf 87' lang='lat' dir='ltr'>ferire</span> <span class='ocrx_word' id='word_1_563' title='bbox 1609 2318 1678 2340; x_wconf 88' lang='lat' dir='ltr'>non</span> <span class='ocrx_word' id='word_1_564' title='bbox 1692 2304 1785 2341; x_wconf 83' lang='lat' dir='ltr'>ausus</span> <span class='ocrx_word' id='word_1_565' title='bbox 1795 2319 1836 2341; x_wconf 89' lang='lat' dir='ltr'>ne</span> 
     </span>
    </p>
   </div>
   <div class='ocr_carea' id='block_1_15' title="bbox 1086 2354 1996 2405">
    <p class='ocr_par' dir='ltr' id='par_1_18' title="bbox 1086 2354 1996 2405">
     <span class='ocr_line' id='line_1_106' title="bbox 1086 2354 1996 2405; baseline 0.005 -17"><span class='ocrx_word' id='word_1_566' title='bbox 1086 2365 1223 2388; x_wconf 88' lang='lat' dir='ltr'>noceret</span> <span class='ocrx_word' id='word_1_567' title='bbox 1243 2356 1372 2389; x_wconf 84' lang='lat' dir='ltr'>amico.</span> <span class='ocrx_word' id='word_1_568' title='bbox 1412 2354 1477 2389; x_wconf 78' lang='lat' dir='ltr'>Hic</span> <span class='ocrx_word' id='word_1_569' title='bbox 1498 2357 1615 2391; x_wconf 76' lang='lat' dir='ltr'>Gobrias</span> <span class='ocrx_word' id='word_1_570' title='bbox 1634 2381 1644 2397; x_wconf 90' lang='lat'>,</span> <span class='ocrx_word' id='word_1_571' title='bbox 1673 2355 1755 2403; x_wconf 90' lang='lat' dir='ltr'>quid</span> <span class='ocrx_word' id='word_1_572' title='bbox 1767 2357 1835 2402; x_wconf 86' lang='lat' dir='ltr'>agis</span> <span class='ocrx_word' id='word_1_573' title='bbox 1853 2364 1996 2405; x_wconf 73' lang='lat' dir='ltr'>Maguma&#39;n</span> 
     </span>
    </p>
   </div>
   <div class='ocr_carea' id='block_1_16' title="bbox 120 2403 1960 2613">
    <p class='ocr_par' dir='ltr' id='par_1_19' title="bbox 120 2403 1960 2613">
     <span class='ocr_line' id='line_1_107' title="bbox 129 2403 1947 2454; baseline -0.005 -11"><span class='ocrx_word' id='word_1_574' title='bbox 129 2418 220 2441; x_wconf 78' lang='lat' dir='ltr'>otanes</span> <span class='ocrx_word' id='word_1_575' title='bbox 308 2403 316 2406; x_wconf 47' lang='lat'>⁸</span> <span class='ocrx_word' id='word_1_576' title='bbox 335 2407 413 2443; x_wconf 65' lang='lat' dir='ltr'>Una</span> <span class='ocrx_word' id='word_1_577' title='bbox 421 2420 495 2442; x_wconf 87' lang='lat' dir='ltr'>curn</span> <span class='ocrx_word' id='word_1_578' title='bbox 508 2407 652 2454; x_wconf 88' lang='lat' dir='ltr'>Imperio</span> <span class='ocrx_word' id='word_1_579' title='bbox 665 2406 802 2451; x_wconf 59' lang='lat' dir='ltr'>Cambfffis</span> <span class='ocrx_word' id='word_1_580' title='bbox 813 2403 908 2439; x_wconf 82' lang='lat' dir='ltr'>etiam</span> <span class='ocrx_word' id='word_1_581' title='bbox 920 2415 1042 2437; x_wconf 77' lang='lat' dir='ltr'>uxores.</span> <span class='ocrx_word' id='word_1_582' title='bbox 1086 2406 1226 2450; x_wconf 88' lang='lat' dir='ltr'>(inquit)</span> <span class='ocrx_word' id='word_1_583' title='bbox 1240 2407 1337 2439; x_wconf 82' lang='lat' dir='ltr'>Dari?</span> <span class='ocrx_word' id='word_1_584' title='bbox 1350 2406 1400 2450; x_wconf 73' lang='lat' dir='ltr'>vel</span> <span class='ocrx_word' id='word_1_585' title='bbox 1412 2417 1469 2452; x_wconf 86' lang='lat' dir='ltr'>per</span> <span class='ocrx_word' id='word_1_586' title='bbox 1481 2416 1591 2438; x_wconf 88' lang='lat' dir='ltr'>meum</span> <span class='ocrx_word' id='word_1_587' title='bbox 1602 2406 1684 2438; x_wconf 79' lang='lat' dir='ltr'>latus</span> <span class='ocrx_word' id='word_1_588' title='bbox 1698 2406 1834 2452; x_wconf 81' lang='lat' dir='ltr'>Magum</span> <span class='ocrx_word' id='word_1_589' title='bbox 1853 2406 1947 2435; x_wconf 66' lang='lat' dir='ltr'><em>6⁷0erae</em></span> 
     </span>
     <span class='ocr_line' id='line_1_108' title="bbox 130 2447 1957 2505; baseline -0.003 -13"><span class='ocrx_word' id='word_1_590' title='bbox 130 2453 267 2501; x_wconf 59' lang='lat' dir='ltr'>operdfili3e&#39;</span> <span class='ocrx_word' id='word_1_591' title='bbox 288 2459 392 2505; x_wconf 83' lang='lat' dir='ltr'>Mago</span> <span class='ocrx_word' id='word_1_592' title='bbox 404 2457 577 2497; x_wconf 74' lang='lat' dir='ltr'>cesserant,</span> <span class='ocrx_word' id='word_1_593' title='bbox 599 2457 684 2488; x_wconf 87' lang='lat' dir='ltr'>inter</span> <span class='ocrx_word' id='word_1_594' title='bbox 700 2454 757 2488; x_wconf 84' lang='lat' dir='ltr'>has</span> <span class='ocrx_word' id='word_1_595' title='bbox 776 2454 879 2489; x_wconf 80' lang='lat' dir='ltr'>filiam</span> <span class='ocrx_word' id='word_1_596' title='bbox 891 2452 1034 2487; x_wconf 83' lang='lat' dir='ltr'>habebat</span> <span class='ocrx_word' id='word_1_597' title='bbox 1085 2453 1271 2500; x_wconf 83' lang='lat' dir='ltr'>transfigito</span> <span class='ocrx_word' id='word_1_598' title='bbox 1290 2467 1298 2488; x_wconf 74' lang='lat' dir='ltr'>t</span> <span class='ocrx_word' id='word_1_599' title='bbox 1327 2453 1387 2487; x_wconf 86' lang='lat' dir='ltr'>hac</span> <span class='ocrx_word' id='word_1_600' title='bbox 1406 2466 1488 2487; x_wconf 86' lang='lat' dir='ltr'>voce</span> <span class='ocrx_word' id='word_1_601' title='bbox 1501 2453 1715 2488; x_wconf 84' lang='lat' dir='ltr'>confirmatus</span> <span class='ocrx_word' id='word_1_602' title='bbox 1726 2454 1834 2489; x_wconf 82' lang='lat' dir='ltr'>Darius</span> <span class='ocrx_word' id='word_1_603' title='bbox 1852 2447 1957 2494; x_wconf 46' lang='lat' dir='ltr'>braant:</span> 
     </span>
     <span class='ocr_line' id='line_1_109' title="bbox 130 2488 1960 2563; baseline -0.004 -20"><span class='ocrx_word' id='word_1_604' title='bbox 130 2495 158 2543; x_wconf 50' lang='lat' dir='ltr'>df</span> <span class='ocrx_word' id='word_1_605' title='bbox 169 2497 244 2563; x_wconf 55' lang='grc' dir='ltr'>ᾹῖἶΨ</span> <span class='ocrx_word' id='word_1_606' title='bbox 290 2515 411 2548; x_wconf 79' lang='lat' dir='ltr'>Otanes,</span> <span class='ocrx_word' id='word_1_607' title='bbox 423 2509 469 2541; x_wconf 91' lang='lat' dir='ltr'>vir</span> <span class='ocrx_word' id='word_1_608' title='bbox 481 2506 558 2541; x_wconf 86' lang='lat' dir='ltr'>nulli</span> <span class='ocrx_word' id='word_1_609' title='bbox 573 2505 785 2539; x_wconf 82' lang='lat' dir='ltr'>Personarum</span> <span class='ocrx_word' id='word_1_610' title='bbox 797 2502 958 2539; x_wconf 85' lang='lat' dir='ltr'>secundus</span> <span class='ocrx_word' id='word_1_611' title='bbox 970 2515 1030 2550; x_wconf 89' lang='lat' dir='ltr'>po—</span> <span class='ocrx_word' id='word_1_612' title='bbox 1083 2500 1169 2538; x_wconf 85' lang='lat' dir='ltr'>forte</span> <span class='ocrx_word' id='word_1_613' title='bbox 1190 2502 1324 2537; x_wconf 87' lang='lat' dir='ltr'>fortuna</span> <span class='ocrx_word' id='word_1_614' title='bbox 1342 2502 1578 2539; x_wconf 81' lang='lat' dir='ltr'>transverberat</span> <span class='ocrx_word' id='word_1_615' title='bbox 1590 2504 1731 2550; x_wconf 82' lang='lat' dir='ltr'>Magum</span> <span class='ocrx_word' id='word_1_616' title='bbox 1747 2505 1832 2536; x_wconf 89' lang='lat' dir='ltr'>inta-</span> <span class='ocrx_word' id='word_1_617' title='bbox 1851 2488 1960 2557; x_wconf 46' lang='lat' dir='ltr'>iffi?</span> 
     </span>
     <span class='ocr_line' id='line_1_110' title="bbox 120 2539 1956 2613; baseline -0.004 -22"><span class='ocrx_word' id='word_1_618' title='bbox 120 2539 252 2613; x_wconf 38' lang='lat'>{5:225</span> <span class='ocrx_word' id='word_1_619' title='bbox 289 2557 389 2591; x_wconf 64' lang='lat' dir='ltr'>tenti‘a‘</span> <span class='ocrx_word' id='word_1_620' title='bbox 406 2570 414 2590; x_wconf 90' lang='lat'>:</span> <span class='ocrx_word' id='word_1_621' title='bbox 440 2553 635 2590; x_wconf 85' lang='lat' dir='ltr'>observabat</span> <span class='ocrx_word' id='word_1_622' title='bbox 649 2553 700 2587; x_wconf 78' lang='lat' dir='ltr'>hic</span> <span class='ocrx_word' id='word_1_623' title='bbox 718 2555 956 2600; x_wconf 88' lang='lat' dir='ltr'>imperatorem</span> <span class='ocrx_word' id='word_1_624' title='bbox 971 2563 1030 2585; x_wconf 86' lang='lat' dir='ltr'>no-</span> <span class='ocrx_word' id='word_1_625' title='bbox 1087 2553 1142 2586; x_wconf 67' lang='lat' dir='ltr'>&amp;o</span> <span class='ocrx_word' id='word_1_626' title='bbox 1158 2547 1274 2587; x_wconf 64' lang='lat' dir='ltr'>Gobrid.</span> <span class='ocrx_word' id='word_1_627' title='bbox 1950 2550 1956 2557; x_wconf 92' lang='lat'>&#39;</span> 
     </span>
    </p>
   </div>
   <div class='ocr_carea' id='block_1_17' title="bbox 282 2599 1034 2898">
    <p class='ocr_par' dir='ltr' id='par_1_20' title="bbox 282 2599 1034 2898">
     <span class='ocr_line' id='line_1_111' title="bbox 288 2599 1034 2651; baseline -0.011 -11"><span class='ocrx_word' id='word_1_628' title='bbox 288 2618 367 2641; x_wconf 84' lang='lat' dir='ltr'>vum</span> <span class='ocrx_word' id='word_1_629' title='bbox 386 2616 501 2639; x_wconf 90' lang='lat' dir='ltr'>contra</span> <span class='ocrx_word' id='word_1_630' title='bbox 523 2603 621 2651; x_wconf 69' lang='lat' dir='ltr'>quam</span> <span class='ocrx_word' id='word_1_631' title='bbox 641 2600 786 2637; x_wconf 88' lang='lat' dir='ltr'>solerent</span> <span class='ocrx_word' id='word_1_632' title='bbox 806 2599 1034 2649; x_wconf 81' lang='lat' dir='ltr'>RegesPersa-</span> 
     </span>
     <span class='ocr_line' id='line_1_112' title="bbox 286 2650 1032 2696; baseline -0.009 -7"><span class='ocrx_word' id='word_1_633' title='bbox 286 2668 359 2690; x_wconf 79' lang='lat' dir='ltr'>runi</span> <span class='ocrx_word' id='word_1_634' title='bbox 371 2655 463 2689; x_wconf 85' lang='lat' dir='ltr'>domi</span> <span class='ocrx_word' id='word_1_635' title='bbox 476 2654 503 2687; x_wconf 81' lang='lat' dir='ltr'>se</span> <span class='ocrx_word' id='word_1_636' title='bbox 517 2665 627 2688; x_wconf 88' lang='lat' dir='ltr'>tenere</span> <span class='ocrx_word' id='word_1_637' title='bbox 639 2650 783 2685; x_wconf 82' lang='lat' dir='ltr'>clausum</span> <span class='ocrx_word' id='word_1_638' title='bbox 795 2675 804 2688; x_wconf 93' lang='lat'>‚</span> <span class='ocrx_word' id='word_1_639' title='bbox 814 2663 873 2684; x_wconf 88' lang='lat' dir='ltr'>nec</span> <span class='ocrx_word' id='word_1_640' title='bbox 886 2662 1032 2696; x_wconf 83' lang='lat' dir='ltr'>unquam</span> 
     </span>
     <span class='ocr_line' id='line_1_113' title="bbox 286 2697 1031 2752; baseline -0.011 -14"><span class='ocrx_word' id='word_1_641' title='bbox 286 2703 491 2752; x_wconf 74' lang='lat' dir='ltr'>magnatibus</span> <span class='ocrx_word' id='word_1_642' title='bbox 516 2702 561 2735; x_wconf 90' lang='lat' dir='ltr'>sui</span> <span class='ocrx_word' id='word_1_643' title='bbox 582 2702 714 2748; x_wconf 82' lang='lat' dir='ltr'>copiam</span> <span class='ocrx_word' id='word_1_644' title='bbox 742 2699 883 2732; x_wconf 84' lang='lat' dir='ltr'>libenter</span> <span class='ocrx_word' id='word_1_645' title='bbox 909 2697 1031 2738; x_wconf 81' lang='lat' dir='ltr'>facere,</span> 
     </span>
     <span class='ocr_line' id='line_1_114' title="bbox 284 2743 1030 2799; baseline -0.011 -12"><span class='ocrx_word' id='word_1_646' title='bbox 284 2753 484 2799; x_wconf 75' lang='lat' dir='ltr'>suspicantur</span> <span class='ocrx_word' id='word_1_647' title='bbox 501 2752 575 2785; x_wconf 87' lang='lat' dir='ltr'>inde</span> <span class='ocrx_word' id='word_1_648' title='bbox 588 2760 695 2783; x_wconf 78' lang='lat' dir='ltr'>veram</span> <span class='ocrx_word' id='word_1_649' title='bbox 707 2745 768 2781; x_wconf 87' lang='lat' dir='ltr'>esse</span> <span class='ocrx_word' id='word_1_650' title='bbox 781 2746 870 2792; x_wconf 77' lang='lat' dir='ltr'>posse</span> <span class='ocrx_word' id='word_1_651' title='bbox 882 2758 953 2793; x_wconf 82' lang='lat' dir='ltr'>qua:</span> <span class='ocrx_word' id='word_1_652' title='bbox 966 2743 1030 2779; x_wconf 92' lang='lat' dir='ltr'>fer-</span> 
     </span>
     <span class='ocr_line' id='line_1_115' title="bbox 282 2795 1029 2845; baseline -0.011 -8"><span class='ocrx_word' id='word_1_653' title='bbox 282 2815 371 2837; x_wconf 85' lang='lat' dir='ltr'>retur</span> <span class='ocrx_word' id='word_1_654' title='bbox 389 2802 478 2835; x_wconf 89' lang='lat' dir='ltr'>fama</span> <span class='ocrx_word' id='word_1_655' title='bbox 496 2799 538 2835; x_wconf 91' lang='lat' dir='ltr'>de</span> <span class='ocrx_word' id='word_1_656' title='bbox 556 2800 676 2845; x_wconf 74' lang='lat' dir='ltr'>Regno</span> <span class='ocrx_word' id='word_1_657' title='bbox 689 2798 810 2832; x_wconf 70' lang='lat' dir='ltr'>Smerdis</span> <span class='ocrx_word' id='word_1_658' title='bbox 823 2808 890 2831; x_wconf 89' lang='lat' dir='ltr'>non</span> <span class='ocrx_word' id='word_1_659' title='bbox 905 2795 1029 2839; x_wconf 76' lang='lat' dir='ltr'>Cyrised</span> 
     </span>
     <span class='ocr_line' id='line_1_116' title="bbox 283 2845 1029 2898; baseline -0.012 -12"><span class='ocrx_word' id='word_1_660' title='bbox 283 2855 379 2898; x_wconf 67' lang='lat' dir='ltr'>Magi.-</span> <span class='ocrx_word' id='word_1_661' title='bbox 391 2863 426 2885; x_wconf 87' lang='lat' dir='ltr'>ut</span> <span class='ocrx_word' id='word_1_662' title='bbox 441 2861 553 2885; x_wconf 89' lang='lat' dir='ltr'>verum</span> <span class='ocrx_word' id='word_1_663' title='bbox 565 2848 806 2895; x_wconf 70' lang='lat' dir='ltr'>exploraret‚ad</span> <span class='ocrx_word' id='word_1_664' title='bbox 817 2845 916 2880; x_wconf 82' lang='lat' dir='ltr'>filiam</span> <span class='ocrx_word' id='word_1_665' title='bbox 930 2845 1029 2878; x_wconf 82' lang='lat' dir='ltr'>mittit</span> 
     </span>
    </p>
   </div>
   <div class='ocr_carea' id='block_1_18' title="bbox 1086 2598 2048 2697">
    <p class='ocr_par' dir='ltr' id='par_1_21' title="bbox 1086 2598 2048 2697">
     <span class='ocr_line' id='line_1_117' title="bbox 1134 2598 1979 2649; baseline -0.002 -14"><span class='ocrx_word' id='word_1_666' title='bbox 1134 2600 1274 2636; x_wconf 85' lang='lat' dir='ltr'>Sublatis</span> <span class='ocrx_word' id='word_1_667' title='bbox 1287 2600 1328 2634; x_wconf 88' lang='lat' dir='ltr'>de</span> <span class='ocrx_word' id='word_1_668' title='bbox 1340 2599 1454 2633; x_wconf 88' lang='lat' dir='ltr'>medio</span> <span class='ocrx_word' id='word_1_669' title='bbox 1472 2600 1581 2649; x_wconf 85' lang='lat' dir='ltr'>Magis</span> <span class='ocrx_word' id='word_1_670' title='bbox 1602 2598 1718 2646; x_wconf 65' lang='lat' dir='ltr'>magna</span> <span class='ocrx_word' id='word_1_671' title='bbox 1730 2599 1829 2633; x_wconf 65' lang='lat' dir='ltr'>disce·</span> <span class='ocrx_word' id='word_1_672' title='bbox 1849 2609 1979 2637; x_wconf 74' lang='lat' dir='ltr'>Dariuse,</span> 
     </span>
     <span class='ocr_line' id='line_1_118' title="bbox 1086 2646 2048 2697; baseline -0.001 -14"><span class='ocrx_word' id='word_1_673' title='bbox 1086 2661 1214 2697; x_wconf 83' lang='lat' dir='ltr'>ptatum</span> <span class='ocrx_word' id='word_1_674' title='bbox 1225 2649 1363 2683; x_wconf 83' lang='lat' dir='ltr'>estinter</span> <span class='ocrx_word' id='word_1_675' title='bbox 1374 2646 1494 2695; x_wconf 83' lang='lat' dir='ltr'>septem</span> <span class='ocrx_word' id='word_1_676' title='bbox 1507 2650 1681 2695; x_wconf 59' lang='lat' dir='ltr'>pertinacia</span> <span class='ocrx_word' id='word_1_677' title='bbox 1700 2648 1741 2683; x_wconf 91' lang='lat' dir='ltr'>de</span> <span class='ocrx_word' id='word_1_678' title='bbox 1758 2649 1828 2684; x_wconf 82' lang='lat' dir='ltr'>for-</span> <span class='ocrx_word' id='word_1_679' title='bbox 1850 2651 1954 2688; x_wconf 75' lang='lat' dir='ltr'>quisonis</span> <span class='ocrx_word' id='word_1_680' title='bbox 2022 2650 2023 2655; x_wconf 76' lang='grc'>’</span> <span class='ocrx_word' id='word_1_681' title='bbox 2046 2654 2048 2664; x_wconf 89' lang='grc'><strong><em>·</em></strong></span> 
     </span>
    </p>
   </div>
   <div class='ocr_carea' id='block_1_19' title="bbox 1079 2692 2048 2795">
    <p class='ocr_par' dir='ltr' id='par_1_22' title="bbox 1079 2692 2048 2795">
     <span class='ocr_line' id='line_1_119' title="bbox 1087 2692 2048 2747; baseline -0.004 -16"><span class='ocrx_word' id='word_1_682' title='bbox 1087 2711 1138 2731; x_wconf 86' lang='lat' dir='ltr'>ma</span> <span class='ocrx_word' id='word_1_683' title='bbox 1151 2696 1253 2732; x_wconf 85' lang='lat' dir='ltr'>futuri</span> <span class='ocrx_word' id='word_1_684' title='bbox 1264 2699 1413 2743; x_wconf 77' lang='lat' dir='ltr'>impetii5</span> <span class='ocrx_word' id='word_1_685' title='bbox 1434 2700 1759 2735; x_wconf 77' lang='lat' dir='ltr'>Otam&#39;Democratia,</span> <span class='ocrx_word' id='word_1_686' title='bbox 1770 2705 1830 2732; x_wconf 85' lang='lat' dir='ltr'>Me-</span> <span class='ocrx_word' id='word_1_687' title='bbox 1845 2692 1883 2725; x_wconf 46' lang='grc' dir='ltr'>ΙΨ</span> <span class='ocrx_word' id='word_1_688' title='bbox 1900 2698 1951 2717; x_wconf 69' lang='lat'>‘¹⁷²²</span> <span class='ocrx_word' id='word_1_689' title='bbox 2022 2721 2030 2746; x_wconf 45' lang='grc' dir='ltr'>,ι</span> <span class='ocrx_word' id='word_1_690' title='bbox 2046 2738 2048 2747; x_wconf 49' lang='grc' dir='ltr'>Ι</span> 
     </span>
     <span class='ocr_line' id='line_1_120' title="bbox 1079 2732 2048 2795; baseline -0.022 -2"><span class='ocrx_word' id='word_1_691' title='bbox 1079 2747 1182 2793; x_wconf 54' lang='grc' dir='ltr'>Ε’ῑῦΙῇ)</span> <span class='ocrx_word' id='word_1_692' title='bbox 1199 2745 1407 2781; x_wconf 64' lang='lat' dir='ltr'>AsistOCffltia</span> <span class='ocrx_word' id='word_1_693' title='bbox 1419 2772 1429 2788; x_wconf 69' lang='lat'><em>2</em></span> <span class='ocrx_word' id='word_1_694' title='bbox 1451 2751 1543 2782; x_wconf 63' lang='lat' dir='ltr'>Dario</span> <span class='ocrx_word' id='word_1_695' title='bbox 1560 2750 1713 2795; x_wconf 78' lang='lat' dir='ltr'>Regnum</span> <span class='ocrx_word' id='word_1_696' title='bbox 1727 2747 1830 2793; x_wconf 86' lang='lat' dir='ltr'>place·</span> <span class='ocrx_word' id='word_1_697' title='bbox 1850 2732 1981 2777; x_wconf 52' lang='lat' dir='ltr'>{msto-nm</span> <span class='ocrx_word' id='word_1_698' title='bbox 2023 2754 2026 2766; x_wconf 63' lang='grc' dir='ltr'><strong><em>τ</em></strong></span> <span class='ocrx_word' id='word_1_699' title='bbox 2046 2749 2048 2754; x_wconf 94' lang='grc'><strong><em>·</em></strong></span> 
     </span>
    </p>
   </div>
   <div class='ocr_carea' id='block_1_20' title="bbox 1088 2780 1972 2849">
    <p class='ocr_par' dir='ltr' id='par_1_23' title="bbox 1088 2780 1972 2849">
     <span class='ocr_line' id='line_1_121' title="bbox 1088 2780 1972 2849; baseline -0.002 -19"><span class='ocrx_word' id='word_1_700' title='bbox 1088 2796 1142 2830; x_wconf 88' lang='lat' dir='ltr'>bat</span> <span class='ocrx_word' id='word_1_701' title='bbox 1165 2810 1172 2830; x_wconf 92' lang='lat'>:</span> <span class='ocrx_word' id='word_1_702' title='bbox 1201 2797 1307 2830; x_wconf 88' lang='lat' dir='ltr'>tenuit</span> <span class='ocrx_word' id='word_1_703' title='bbox 1320 2795 1591 2832; x_wconf 73' lang='lat' dir='ltr'>Dariisentcntia.</span> <span class='ocrx_word' id='word_1_704' title='bbox 1628 2796 1829 2836; x_wconf 75' lang='lat' dir='ltr'>Proximade</span> <span class='ocrx_word' id='word_1_705' title='bbox 1848 2780 1972 2849; x_wconf 49' lang='grc' dir='ltr'>ζιῃίῗὲίὶἶη</span> 
     </span>
    </p>
   </div>
   <div class='ocr_carea' id='block_1_21' title="bbox 1089 2844 1898 2893">
    <p class='ocr_par' dir='ltr' id='par_1_24' title="bbox 1089 2844 1898 2893">
     <span class='ocr_line' id='line_1_122' title="bbox 1089 2844 1898 2893; baseline -0.001 -14"><span class='ocrx_word' id='word_1_706' title='bbox 1089 2847 1181 2893; x_wconf 81' lang='lat' dir='ltr'>Rege</span> <span class='ocrx_word' id='word_1_707' title='bbox 1202 2844 1354 2893; x_wconf 83' lang='lat' dir='ltr'>eligendo</span> <span class='ocrx_word' id='word_1_708' title='bbox 1377 2857 1454 2879; x_wconf 85' lang='lat' dir='ltr'>cura</span> <span class='ocrx_word' id='word_1_709' title='bbox 1474 2870 1483 2883; x_wconf 89' lang='lat'>‚</span> <span class='ocrx_word' id='word_1_710' title='bbox 1508 2844 1705 2892; x_wconf 84' lang='lat' dir='ltr'>protestatur</span> <span class='ocrx_word' id='word_1_711' title='bbox 1725 2852 1832 2879; x_wconf 67' lang='lat' dir='ltr'>omnes</span> <span class='ocrx_word' id='word_1_712' title='bbox 1851 2861 1898 2881; x_wconf 70' lang='lat' dir='ltr'>m.</span> 
     </span>
    </p>
   </div>
   <div class='ocr_carea' id='block_1_22' title="bbox 284 2895 1032 3236">
    <p class='ocr_par' dir='ltr' id='par_1_25' title="bbox 284 2895 1032 3236">
     <span class='ocr_line' id='line_1_123' title="bbox 284 2895 1029 2948; baseline -0.012 -13"><span class='ocrx_word' id='word_1_713' title='bbox 284 2904 342 2948; x_wconf 90' lang='lat' dir='ltr'>qui</span> <span class='ocrx_word' id='word_1_714' title='bbox 356 2910 539 2939; x_wconf 85' lang='lat' dir='ltr'>monerent,</span> <span class='ocrx_word' id='word_1_715' title='bbox 552 2898 632 2933; x_wconf 86' lang='lat' dir='ltr'>dum</span> <span class='ocrx_word' id='word_1_716' title='bbox 644 2896 790 2930; x_wconf 77' lang='lat' dir='ltr'>unacum</span> <span class='ocrx_word' id='word_1_717' title='bbox 804 2897 894 2944; x_wconf 83' lang='lat' dir='ltr'>Rege</span> <span class='ocrx_word' id='word_1_718' title='bbox 905 2895 1029 2928; x_wconf 87' lang='lat' dir='ltr'>dormi-</span> 
     </span>
     <span class='ocr_line' id='line_1_124' title="bbox 286 2946 1029 2996; baseline -0.011 -12"><span class='ocrx_word' id='word_1_719' title='bbox 286 2962 334 2984; x_wconf 84' lang='lat' dir='ltr'>ret</span> <span class='ocrx_word' id='word_1_720' title='bbox 345 2953 471 2996; x_wconf 74' lang='lat' dir='ltr'>palpare</span> <span class='ocrx_word' id='word_1_721' title='bbox 486 2947 646 2982; x_wconf 86' lang='lat' dir='ltr'>stertentis</span> <span class='ocrx_word' id='word_1_722' title='bbox 658 2958 762 2980; x_wconf 84' lang='lat' dir='ltr'>aures:</span> <span class='ocrx_word' id='word_1_723' title='bbox 777 2946 928 2978; x_wconf 85' lang='lat' dir='ltr'>meminit</span> <span class='ocrx_word' id='word_1_724' title='bbox 941 2947 1029 2978; x_wconf 84' lang='lat' dir='ltr'>enim</span> 
     </span>
     <span class='ocr_line' id='line_1_125' title="bbox 287 2993 1030 3047; baseline -0.008 -15"><span class='ocrx_word' id='word_1_725' title='bbox 287 2998 390 3047; x_wconf 66' lang='lat' dir='ltr'>acyro</span> <span class='ocrx_word' id='word_1_726' title='bbox 403 2999 482 3034; x_wconf 86' lang='lat' dir='ltr'>dnm</span> <span class='ocrx_word' id='word_1_727' title='bbox 496 2998 615 3031; x_wconf 83' lang='lat' dir='ltr'>viveret</span> <span class='ocrx_word' id='word_1_728' title='bbox 628 2997 745 3030; x_wconf 72' lang='lat' dir='ltr'>-Smerdi</span> <span class='ocrx_word' id='word_1_729' title='bbox 758 2996 863 3042; x_wconf 81' lang='lat' dir='ltr'>Mago</span> <span class='ocrx_word' id='word_1_730' title='bbox 877 2993 923 3027; x_wconf 88' lang='lat' dir='ltr'>ob</span> <span class='ocrx_word' id='word_1_731' title='bbox 935 3004 1030 3040; x_wconf 79' lang='lat' dir='ltr'>grave</span> 
     </span>
     <span class='ocr_line' id='line_1_126' title="bbox 287 3042 1032 3094; baseline -0.003 -16"><span class='ocrx_word' id='word_1_732' title='bbox 287 3045 387 3081; x_wconf 81' lang='lat' dir='ltr'>scelus</span> <span class='ocrx_word' id='word_1_733' title='bbox 407 3045 574 3094; x_wconf 62' lang='lat' dir='ltr'>pra-scillas</span> <span class='ocrx_word' id='word_1_734' title='bbox 597 3042 690 3079; x_wconf 82' lang='lat' dir='ltr'>aures</span> <span class='ocrx_word' id='word_1_735' title='bbox 710 3069 719 3083; x_wconf 84' lang='lat'>,</span> <span class='ocrx_word' id='word_1_736' title='bbox 749 3044 919 3078; x_wconf 80' lang='lat' dir='ltr'>renunciat</span> <span class='ocrx_word' id='word_1_737' title='bbox 941 3045 1032 3077; x_wconf 70' lang='lat' dir='ltr'>Omni</span> 
     </span>
     <span class='ocr_line' id='line_1_127' title="bbox 288 3091 941 3140; baseline -0.002 -13"><span class='ocrx_word' id='word_1_738' title='bbox 288 3106 395 3139; x_wconf 82' lang='lat' dir='ltr'>gnata,</span> <span class='ocrx_word' id='word_1_739' title='bbox 405 3100 548 3130; x_wconf 84' lang='lat' dir='ltr'>auritum</span> <span class='ocrx_word' id='word_1_740' title='bbox 562 3107 629 3128; x_wconf 84' lang='lat' dir='ltr'>non</span> <span class='ocrx_word' id='word_1_741' title='bbox 641 3091 702 3128; x_wconf 82' lang='lat' dir='ltr'>esse</span> <span class='ocrx_word' id='word_1_742' title='bbox 711 3095 767 3139; x_wconf 88' lang='lat' dir='ltr'>qni</span> <span class='ocrx_word' id='word_1_743' title='bbox 780 3103 941 3140; x_wconf 75' lang='lat' dir='ltr'>regnaret.</span> 
     </span>
     <span class='ocr_line' id='line_1_128' title="bbox 337 3143 1028 3189; baseline -0.003 -15"><span class='ocrx_word' id='word_1_744' title='bbox 337 3143 543 3187; x_wconf 65' lang='lat' dir='ltr'>Liquidirjam</span> <span class='ocrx_word' id='word_1_745' title='bbox 556 3144 830 3189; x_wconf 70' lang='lat' dir='ltr'>veritate,qninos</span> <span class='ocrx_word' id='word_1_746' title='bbox 841 3143 1028 3175; x_wconf 86' lang='lat' dir='ltr'>Primoruin</span> 
     </span>
     <span class='ocr_line' id='line_1_129' title="bbox 287 3190 1029 3236; baseline -0.001 -12"><span class='ocrx_word' id='word_1_747' title='bbox 287 3202 357 3226; x_wconf 81' lang='lat' dir='ltr'>rem</span> <span class='ocrx_word' id='word_1_748' title='bbox 367 3201 467 3225; x_wconf 70' lang='lat' dir='ltr'>totam</span> <span class='ocrx_word' id='word_1_749' title='bbox 479 3194 578 3228; x_wconf 79' lang='lat' dir='ltr'>docet</span> <span class='ocrx_word' id='word_1_750' title='bbox 596 3215 606 3230; x_wconf 83' lang='lat'>‚</span> <span class='ocrx_word' id='word_1_751' title='bbox 632 3190 910 3229; x_wconf 47' lang='lat' dir='ltr'>Cotti-uitantibus</span> <span class='ocrx_word' id='word_1_752' title='bbox 931 3190 1029 3236; x_wconf 75' lang='lat' dir='ltr'>septi-</span> 
     </span>
    </p>
   </div>
   <div class='ocr_carea' id='block_1_23' title="bbox 1084 2893 1835 3269">
    <p class='ocr_par' dir='ltr' id='par_1_26' title="bbox 1084 2893 1835 3236">
     <span class='ocr_line' id='line_1_130' title="bbox 1085 2893 1835 2942; baseline 0.001 -14"><span class='ocrx_word' id='word_1_753' title='bbox 1085 2907 1192 2940; x_wconf 89' lang='lat' dir='ltr'>neque</span> <span class='ocrx_word' id='word_1_754' title='bbox 1210 2907 1319 2942; x_wconf 83' lang='lat' dir='ltr'>regere</span> <span class='ocrx_word' id='word_1_755' title='bbox 1338 2919 1348 2934; x_wconf 96' lang='lat'>,</span> <span class='ocrx_word' id='word_1_756' title='bbox 1372 2906 1480 2940; x_wconf 89' lang='lat' dir='ltr'>neque</span> <span class='ocrx_word' id='word_1_757' title='bbox 1498 2893 1514 2928; x_wconf 67' lang='lat' dir='ltr'>a</span> <span class='ocrx_word' id='word_1_758' title='bbox 1531 2905 1704 2939; x_wconf 85' lang='lat' dir='ltr'>quoquam</span> <span class='ocrx_word' id='word_1_759' title='bbox 1722 2893 1750 2928; x_wconf 77' lang='lat' dir='ltr'>se</span> <span class='ocrx_word' id='word_1_760' title='bbox 1767 2896 1835 2941; x_wconf 77' lang='lat' dir='ltr'>regi</span> 
     </span>
     <span class='ocr_line' id='line_1_131' title="bbox 1085 2942 1835 2989; baseline -0.003 -11"><span class='ocrx_word' id='word_1_761' title='bbox 1085 2946 1184 2978; x_wconf 88' lang='lat' dir='ltr'>velle:</span> <span class='ocrx_word' id='word_1_762' title='bbox 1204 2943 1322 2988; x_wconf 86' lang='lat' dir='ltr'>reliqui</span> <span class='ocrx_word' id='word_1_763' title='bbox 1334 2943 1384 2977; x_wconf 77' lang='lat' dir='ltr'>sex</span> <span class='ocrx_word' id='word_1_764' title='bbox 1395 2944 1686 2976; x_wconf 82' lang='lat' dir='ltr'>condicuntmane</span> <span class='ocrx_word' id='word_1_765' title='bbox 1697 2942 1835 2989; x_wconf 81' lang='lat' dir='ltr'>sequens</span> 
     </span>
     <span class='ocr_line' id='line_1_132' title="bbox 1084 2990 1833 3036; baseline 0 -11"><span class='ocrx_word' id='word_1_766' title='bbox 1084 2991 1124 3026; x_wconf 90' lang='lat' dir='ltr'>ad</span> <span class='ocrx_word' id='word_1_767' title='bbox 1141 3003 1255 3024; x_wconf 86' lang='lat' dir='ltr'>ortum</span> <span class='ocrx_word' id='word_1_768' title='bbox 1274 2992 1379 3028; x_wconf 85' lang='lat' dir='ltr'>Solis,</span> <span class='ocrx_word' id='word_1_769' title='bbox 1396 3002 1431 3024; x_wconf 91' lang='lat' dir='ltr'>ut</span> <span class='ocrx_word' id='word_1_770' title='bbox 1444 2992 1476 3024; x_wconf 86' lang='lat' dir='ltr'>in</span> <span class='ocrx_word' id='word_1_771' title='bbox 1496 2991 1627 3036; x_wconf 75' lang='lat' dir='ltr'>Sufhrum</span> <span class='ocrx_word' id='word_1_772' title='bbox 1643 2990 1833 3027; x_wconf 76' lang='lat' dir='ltr'>suburbano</span> 
     </span>
     <span class='ocr_line' id='line_1_133' title="bbox 1086 3041 1834 3084; baseline -0.004 -10"><span class='ocrx_word' id='word_1_773' title='bbox 1086 3041 1304 3075; x_wconf 86' lang='lat' dir='ltr'>convenirent</span> <span class='ocrx_word' id='word_1_774' title='bbox 1317 3042 1348 3072; x_wconf 92' lang='lat' dir='ltr'>in</span> <span class='ocrx_word' id='word_1_775' title='bbox 1366 3041 1456 3084; x_wconf 86' lang='lat' dir='ltr'>equis</span> <span class='ocrx_word' id='word_1_776' title='bbox 1468 3063 1476 3075; x_wconf 91' lang='lat'><em>‚</em></span> <span class='ocrx_word' id='word_1_777' title='bbox 1495 3052 1570 3073; x_wconf 84' lang='lat' dir='ltr'>enm</span> <span class='ocrx_word' id='word_1_778' title='bbox 1584 3041 1751 3075; x_wconf 70' lang='lat' dir='ltr'>adoraturi</span> <span class='ocrx_word' id='word_1_779' title='bbox 1763 3042 1834 3075; x_wconf 65' lang='lat' dir='ltr'>Re-</span> 
     </span>
     <span class='ocr_line' id='line_1_134' title="bbox 1085 3088 1829 3138; baseline 0.001 -15"><span class='ocrx_word' id='word_1_780' title='bbox 1085 3102 1156 3138; x_wconf 82' lang='lat' dir='ltr'>gem</span> <span class='ocrx_word' id='word_1_781' title='bbox 1168 3092 1258 3133; x_wconf 77' lang='lat' dir='ltr'>cujus</span> <span class='ocrx_word' id='word_1_782' title='bbox 1269 3100 1372 3133; x_wconf 84' lang='lat' dir='ltr'>equus</span> <span class='ocrx_word' id='word_1_783' title='bbox 1388 3088 1687 3135; x_wconf 63' lang='lat' dir='ltr'>p1·iiiiatiier·21isiilet</span> <span class='ocrx_word' id='word_1_784' title='bbox 1699 3102 1829 3124; x_wconf 86' lang='lat' dir='ltr'>vocem.</span> 
     </span>
     <span class='ocr_line' id='line_1_135' title="bbox 1088 3136 1828 3185; baseline -0.001 -13"><span class='ocrx_word' id='word_1_785' title='bbox 1088 3143 1215 3172; x_wconf 79' lang='lat' dir='ltr'>Interea</span> <span class='ocrx_word' id='word_1_786' title='bbox 1231 3140 1335 3172; x_wconf 73' lang='lat' dir='ltr'>Darius</span> <span class='ocrx_word' id='word_1_787' title='bbox 1351 3136 1504 3182; x_wconf 66' lang='lat' dir='ltr'>digrrssiis</span> <span class='ocrx_word' id='word_1_788' title='bbox 1525 3139 1664 3172; x_wconf 77' lang='lat' dir='ltr'>domum</span> <span class='ocrx_word' id='word_1_789' title='bbox 1684 3138 1828 3185; x_wconf 83' lang='lat' dir='ltr'>equisoni</span> 
     </span>
     <span class='ocr_line' id='line_1_136' title="bbox 1089 3185 1833 3236; baseline -0.004 -14"><span class='ocrx_word' id='word_1_790' title='bbox 1089 3187 1144 3223; x_wconf 87' lang='lat' dir='ltr'>suo</span> <span class='ocrx_word' id='word_1_791' title='bbox 1154 3188 1245 3236; x_wconf 55' lang='lat' dir='ltr'>paria</span> <span class='ocrx_word' id='word_1_792' title='bbox 1257 3197 1419 3224; x_wconf 84' lang='lat' dir='ltr'>conventa</span> <span class='ocrx_word' id='word_1_793' title='bbox 1431 3185 1591 3235; x_wconf 73' lang='lat' dir='ltr'>significat</span> <span class='ocrx_word' id='word_1_794' title='bbox 1604 3214 1614 3227; x_wconf 87' lang='lat'><em>‚</em></span> <span class='ocrx_word' id='word_1_795' title='bbox 1626 3199 1739 3223; x_wconf 89' lang='lat' dir='ltr'>monet</span> <span class='ocrx_word' id='word_1_796' title='bbox 1750 3185 1833 3220; x_wconf 79' lang='lat' dir='ltr'>serio</span> 
     </span>
    </p>

    <p class='ocr_par' dir='ltr' id='par_1_27' title="bbox 1739 3234 1833 3269">
     <span class='ocr_line' id='line_1_137' title="bbox 1739 3234 1833 3269; baseline 0 0"><span class='ocrx_word' id='word_1_797' title='bbox 1739 3234 1833 3269; x_wconf 74' lang='lat' dir='ltr'>vellet</span> 
     </span>
    </p>
   </div>
   <div class='ocr_carea' id='block_1_24' title="bbox 2001 0 2048 3343">
    <p class='ocr_par' dir='ltr' id='par_1_28' title="bbox 2001 0 2048 3343">
     <span class='ocr_line' id='line_1_138' title="bbox 2001 0 2048 3343; baseline 0 0"><span class='ocrx_word' id='word_1_798' title='bbox 2001 0 2048 3343; x_wconf 95' lang='lat' dir='ltr'> </span> 
     </span>
    </p>
   </div>
  </div>
 </body>
</html>
