2048 3343
37 725 66 750 171
83 719 193 748 Caluini

431 106 512 132 ET
569 93 1247 132 CH-RoNoLocrc1s

210 167 242 199 &
256 160 386 211 01mest
402 161 520 196 tantum
540 174 653 196 novem
666 173 763 195 annos
776 159 911 199 ascribit,
936 163 968 194 δι

210 214 313 261 Magis
326 219 420 245 unum
431 236 440 250 ‚
459 213 615 258 Darioque
627 212 778 259 hystaspis
791 209 909 243 tantum
923 209 968 243 vi-

211 263 304 310 ginti,
326 260 397 295 huic
411 259 565 307 subjungit
582 262 724 293 ‘Darium
736 261 967 306 Longimanum‚

209 313 264 357 qui
277 323 434 356 nunquam
447 310 520 344 vixit
533 318 602 341 ante
615 310 714 340 Annii
727 305 845 340 somnia
862 330 871 345 ‚
895 305 968 339 huic

209 373 307 394 annos
322 360 429 393 tribuit
443 356 660 391 novemdecim
673 379 683 395 ,
710 359 741 391 &
757 356 787 389 in
801 357 864 399 ejus
883 353 967 389 sexto

209 410 359 456 templum
377 408 441 441 vult
453 405 543 442 finiri,
555 403 604 439 sed
616 418 686 439 cum
701 404 719 439 τὶ
731 407 801 450 Cyri
814 405 918 452 primo
931 404 968 438 ad

208 462 305 495 Darii
314 461 493 505 Longimani
507 452 623 490 sextum
637 454 769 488 inveniat
781 453 900 488 tantum
916 466 967 488 an-

208 521 268 542 nos
294 508 418 554 triginta
439 503 486 539 sex
503 529 511 541 ,
541 517 627 538 novo
648 504 765 538 calculo
784 502 967 538 structuram

208 557 315 603 templi
326 555 511 603 producitad
525 567 621 587 annos
631 553 827 602 qnadraginta
840 566 966 593 novem,

208 607 304 641 finem
325 606 470 639 nimirum
490 604 602 638 decimi
622 604 698 637 noni
721 615 755 637 ac
769 603 870 637 ultimi
888 603 966 637 illius

208 659 305 690 Darii
317 658 495 703 L‘ongimani
508 653 545 687 ab
558 656 659 685 Annio
673 653 832 699 procreati.

266 706 325 739 Sed
339 705 412 752 quid
422 703 586 747 ‘Ptftatoris
597 713 647 736 aut
661 702 782 745 Rolloci
802 700 966 741 πειξορρίμφῖμ

1314 92 1345 131 L
1376 105 1391 130 1
1421 104 1453 130 Β.
1501 90 1557 130 II.
1729 106 1769 144 73

1009 157 1163 195 sententiae
1177 170 1290 207 quartae
1310 158 1500 200 fautoribus,
1530 161 1631 195 notari
1643 160 1767 208 possunt

1008 210 1092 254 plura
1104 211 1135 243 in
1148 209 1228 248 aliis,
1253 207 1302 243 sed
1315 209 1351 242 ad
1363 207 1455 255 ipsam
1468 208 1644 245 sententiam
1652 224 1764 258 prope—

1007 268 1044 290 ro
1051 282 1060 297 ,
1071 269 1164 305 prout
1173 258 1188 292 :i
1197 256 1348 305 plerisque
1355 268 1417 291 tam
1426 259 1662 295 Pontificiorum
1671 261 1763 308 quam

1009 306 1248 341 Protestantium
1273 305 1463 342 defenditur:
1489 321 1524 343 ea
1537 310 1605 343 licet
1618 323 1763 344 commu-

1007 354 1123 388 niffima
1136 355 1171 388 sit
1183 378 1193 393 ,
1220 360 1251 390 δι
1265 356 1345 403 pene
1357 355 1395 390 ab
1410 357 1556 391 omnibus
1571 359 1640 405 post
1653 359 1765 393 Hedum

1008 408 1040 439 &
1052 406 1208 451 Lyranum
1221 406 1404 452 approbata,
1419 416 1591 440 tamennon
1600 409 1767 456 placetpri-

1008 452 1082 493 mo,
1101 454 1172 501 quia
1186 452 1328 500 supponit
1341 455 1379 488 ab
1393 467 1432 488 eo
1445 468 1527 489 anno
1536 460 1618 504 Cyri,
1637 462 1767 504 quoBa-

1008 503 1104 551 bylone
1116 504 1202 549 capt&
1216 503 1459 550 dimifitJudaeos
1467 505 1503 538 ad
1516 507 1768 555 Daritl-Iffiaspis

1007 553 1121 586 sextum
1135 550 1250 587 fluxisse
1262 565 1361 587 annos
1375 551 1571 601 qnadraginta
1585 549 1653 588 sex.r
1683 558 1770 590 Puti‘

1007 603 1162 636 dissimum
1181 601 1244 635 hoc
1258 601 1320 642 est,
1359 613 1393 637 ut
1412 601 1497 651 supra
1516 603 1714 650 probavimus
1735 607 1767 640 in

1007 651 1254 699 Chronologicis
1269 651 1428 698 Sphalma,
1453 652 1469 687 εἰ
1483 654 1585 699 primo
1599 655 1681 688 enim
1699 659 1768 701 Cyri

1006 713 1088 735 anno
1101 700 1296 735 Monarchiae
1308 701 1435 736 Perficae
1443 702 1480 736 ad
1488 700 1602 736 sextum
1616 707 1711 737 Darii
1717 705 1765 739 vix

37 759 159 798 fiemcntsa'
210 767 400 793 memorem,
421 765 491 786 cum
506 750 566 797 ipse
579 749 688 785 summi
701 750 859 796 judiciivir
868 751 965 796 Joan-
1004 750 1112 799 viginti
1125 761 1185 785 tres
1199 751 1409 791 inveniuntur,
1436 751 1457 785 si
1470 751 1535 786 ullis
1548 752 1649 800 priscae
1664 752 1764 788 histo-

37 799 160 837 a'efidera-
210 817 263 838 nes
280 804 424 838 Calvinus
437 803 468 835 in
482 799 530 835 suci
550 799 599 834 hic
612 798 806 847 responsione
820 810 882 832 tam
896 800 964 831 lon·
1006 801 1055 835 riae
1070 800 1252 834 auctoribus
1264 799 1429 834 habeamus
1438 800 1543 835 fidem.

38 849 89 870 tur.

115 891 138 908 1.

209 855 248 903 ge
260 853 379 888 aberret
392 852 407 886 a}
421 850 537 897 scopo?
562 850 668 884 Primo
681 851 763 883 enim
776 860 840 882 non
848 847 966 882 tantum

209 903 407 952 quadraginta
421 898 466 934 sex
481 900 539 933 hos
552 911 646 933 annos
658 898 790 934 secundo
803 898 922 944 templo
934 909 966 930 a-

208 952 320 989 scribit,
335 952 382 986 sed
397 952 486 984 ctiam
499 960 619 996 tempus
632 949 721 994 hujus
734 948 891 982 strqurae
903 946 964 993 pri-

208 1004 266 1037 mis
281 1001 393 1049 septem
407 999 609 1033 hebdomadis
623 1000 759 1033 Danielis
770 993 965 1031 commensu-

208 1063 263 1088 rat,
278 1050 331 1085 suo
341 1061 441 1084 antem
451 1050 523 1083 loco
532 1047 609 1082 clare
622 1045 965 1092 demonstravimuspri-

208 1114 290 1135 mam
304 1113 361 1146 70.
375 1097 608 1133 hebdomadum
622 1098 761 1131 Danielis
775 1108 840 1130 non
854 1093 963 1140 cepisse

209 1152 332 1185 initium
342 1149 443 1183 multis
451 1148 535 1180 :mnis
544 1145 614 1193 post
622 1147 769 1194 templum
782 1142 962 1178 absolutum.

255 1198 400 1234 Secundo
414 1197 523 1241 objicit
538 1195 593 1230 fibi
607 1199 728 1231 Ezram
741 1195 896 1228 m'inorem
909 1205 961 1226 an-

208 1261 323 1284 norum
340 1259 502 1281 numerum
523 1244 672 1280 ascribere
687 1244 845 1278 structurae
857 1243 964 1289 templi

207 1311 301 1347 quam
316 1297 516 1345 quadraginta
535 1307 647 1329 novem
662 1306 741 1341 quos
760 1292 873 1340 septem
887 1291 963 1326 heb-

206 1348 346 1384 domadae
365 1347 532 1392 requirunt.
570 1343 622 1377 Ad
649 1345 825 1382 o'vaapms'm
854 1343 965 1376 tollen-

206 1399 277 1433 dam
290 1396 365 1430 nihil
379 1394 460 1429 aliud
473 1391 645 1441 respondet,
659 1393 751 1439 quaim
760 1391 965 1426 numerandos

207 1446 266 1483 esse
285 1458 385 1480 annos
407 1457 470 1478 non
483 1443 602 1477 tantum
627 1443 784 1477 struerurae
806 1441 854 1477 sed
874 1443 965 1476 etiam

207 1494 511 1541 cessati011is,quibus
525 1493 562 1526 ab
572 1505 667 1540 opere
675 1491 816 1527 cessatum
830 1491 886 1526 est.
901 1494 966 1526 Ve-

208 1559 278 1582 rum
298 1545 360 1579 hoc
380 1544 450 1577 licet
468 1540 624 1590 supposito
647 1555 712 1576 non
737 1541 908 1576 ascenditur
929 1541 966 1576 ad

1052 849 1207 884 Secundo.
1234 849 1326 883 Nulla
1338 851 1416 884 ratio
1429 849 1473 884 est
1485 864 1538 885 cur
1548 851 1579 885 in
1587 852 1671 886 annis
1683 851 1763 887 stru-

1005 900 1098 933 ‹sturae
1110 898 1218 946 templi
1230 900 1409 934 numerandi
1422 899 1479 934 fint
1488 899 1536 934 isti
1545 901 1655 948 quibus
1664 902 1679 936 ἓι
1687 901 1764 936 stru-

1003 950 1092 983 έὶιπέι
1106 947 1150 982 est
1164 947 1306 982 cessatum
1316 973 1325 988 ‚
1362 950 1394 982 in
1408 948 1548 983 confesso
1561 955 1661 984 autem
1674 951 1764 985 estin

1003 1010 1098 1045 opere
1109 997 1279 1045 insumptos
1293 997 1351 1032 effe
1360 999 1409 1032 vix
1418 996 1476 1032 sex.
1490 1000 1543 1032 Da
1556 1000 1762 1047 interruptum

1002 1060 1081 1094 opus
1094 1048 1179 1081 annis
1191 1047 1405 1095 quadraginta,
1433 1058 1571 1087 centum,
1587 1060 1636 1083 aut
1652 1050 1737 1084 mille
1749 1073 1761 1089 ,

1001 1110 1037 1130 an
1052 1109 1162 1131 omnes
1173 1096 1207 1130 hi
1218 1097 1451 1143 interruptionis
1464 1097 1620 1131 stru&urae
1635 1099 1714 1137 anni,
1730 1100 1763 1133 in

1001 1146 1066 1193 ipszi
1079 1146 1231 1180 ίὶτυέὶυτὲ
1253 1145 1398 1193 insumpti
1416 1146 1536 1180 dicendi
1555 1145 1642 1181 sunt?
1670 1147 1719 1182 Ad
1732 1148 1764 1182 id

1001 1195 1087 1244 qnod
1096 1196 1181 1229 Ezrae
1190 1200 1264 1241 5.16.
1272 1195 1419 1240 objicitur
1426 1220 1436 1236 ,
1443 1194 1677 1230 aedificationcm
1685 1207 1765 1230 tem-

1002 1246 1043 1293 pli
1057 1244 1250 1291 perseverasse
1262 1245 1278 1279 ὰ
1291 1255 1432 1292 tempore
1446 1256 1511 1293 quo
1525 1246 1658 1293 primum
1671 1246 1687 1280 ιὶ
1699 1249 1764 1279 Zo-

1003 1293 1132 1328 robabele
1146 1291 1306 1328 fundatum
1322 1294 1367 1329 est
1380 1292 1473 1342 usque
1486 1296 1522 1328 ad
1537 1297 1638 1329 ‘Darii
1655 1295 1763 1330 secun-

1003 1345 1076 1379 dum
1089 1369 1098 1384 ,
1125 1342 1214 1378 facile
1232 1341 1433 1391 respondetur
1445 1369 1458 1383 ,
1481 1345 1664 1379 calumniam
1684 1345 1762 1379 hanc

1005 1393 1088 1429 fuisse
1107 1392 1311 1441 profanorum
1330 1393 1496 1427 hominum
1515 1405 1621 1427 contra
1643 1395 1764 1440 expres-

1004 1446 1062 1481 sam
1069 1444 1226 1479 veritatem
1241 1444 1327 1477 Ezrae
1334 1455 1424 1489 424.
1434 1440 1553 1477 cessciffe
1567 1444 1649 1478 enim
1663 1444 1707 1477 ibi
1719 1444 1766 1478 le-

1004 1498 1103 1545 gimus
1118 1506 1196 1542 opus
1217 1497 1248 1528 δε
1262 1492 1390 1526 minime
1411 1494 1623 1527 continuatum
1637 1492 1652 1527 εἴ
1666 1493 1766 1540 prim&

1004 1544 1229 1591 interruptione
1242 1541 1336 1589 usque
1348 1543 1385 1576 ad
1398 1545 1494 1576 Dara·
1507 1541 1682 1577 secundum.

1780 173 1930 209 nemslmrm

1777 217 1841 242 tium
1850 225 1900 251 ,τ”ἕΑ
1907 225 1926 242 1.

208 1608 307 1632 annos
331 1593 549 1643 quadraginta,
579 1592 693 1627 nedum
721 1591 758 1626 ad
781 1591 964 1639 quadragin-

208 1657 239 1681 ta
252 1644 311 1679 sex.

256 1695 382 1729 Tertio.
415 1692 559 1740 Expresse
583 1692 686 1728 scribit
703 1690 878 1739 perfeetum
898 1702 966 1727 ante

1052 1595 1172 1638 Quinta
1186 1591 1343 1632 sententia,
1353 1592 1384 1625 in
1399 1594 1460 1639 qufi
1473 1591 1692 1640 acquiescimus
1707 1591 1764 1633 est,
1777 1606 1903 1633 Sententia

1004 1646 1154 1693 loquutos
1164 1643 1290 1690 Judaeos
1306 1654 1406 1689 neque
1419 1642 1456 1676 de
1472 1641 1622 1677 structura
1636 1644 1763 1676 Solomo-
1779 1647 1898 1673 Gualteri

1004 1699 1063 1734 nis,
1094 1705 1195 1741 neque
1213 1690 1416 1728 Zorohabelis‚
1448 1690 1498 1725 sed
1512 1692 1549 1726 de
1561 1691 1764 1727 aedificatione
1776 1685 1906 1720 ‘WfiVma'

1778 1734 1829 1755 tur.

51 2706 119 2734 ,Heu
130 2713 192 2744 pru-

51 2746 142 2773 denna.

61 3161 155 3184 Contra

61 3206 170 3225 commu-

209 1746 312 1793 operis
326 1745 577 1779 intermissionem
587 1769 596 1784 ,
612 1744 678 1778 imo
686 1744 758 1778 cum
766 1744 899 1791 primum
907 1742 966 1777 ob-

208 1795 266 1829 lata
286 1795 352 1829 sunt
372 1793 513 1828 sacrificia
531 1794 703 1829 absolutum
721 1792 806 1828 fuisse
823 1795 967 1828 Sanetua-

207 1846 304 1881 rium,
326 1855 476 1891 quantum
495 1849 633 1885 medem&
658 1845 789 1890 Ezrae.3.
804 1855 829 1888 5.
843 1846 872 1879 8.
898 1855 965 1878 ere-

208 1896 296 1929 &um
310 1894 353 1927 est
366 1895 455 1927 altare
475 1898 506 1928 &
519 1892 621 1927 oblatu
636 1892 701 1929 sunt
723 1892 863 1928 sacrificia
877 1894 968 1941 primi

207 1946 278 1979 anni
292 1945 404 1977 reditus
418 1942 519 1978 mense
533 1942 679 1989 septimo,
704 1942 752 1978 sed
763 1956 827 1977 non
837 1954 906 1978 ante
915 1957 968 1978 an-

207 2007 283 2028 num
293 1994 456 2027 secundum
470 1993 566 2039 pofita
582 1991 646 2026 sunt
656 1991 970 2028 ullaSanCtuariifnn-

208 2043 365 2082 damenra,
393 2047 423 2077 ἃ
437 2043 510 2076 vero
529 2055 602 2075 mox
617 2042 631 2076 zi
646 2044 752 2089 primis
766 2041 970 2078 fundamentis

208 2103 311 2127 totum
325 2104 403 2138 opus
418 2093 621 2139 interruptum
635 2091 689 2131 est,
707 2103 802 2140 utque
817 2093 853 2127 ad
867 2091 972 2127 secun-

209 2144 283 2176 dum
304 2145 398 2175 Darii
412 2141 574 2190 Hlst‘spn'
599 2141 718 2176 tantum
738 2141 838 2181 abest,
861 2153 894 2177 ut
907 2141 972 2176 {an-

211 2191 360 2225 stnarium
375 2193 552 2240 erigeretur,
565 2191 803 2238 quamprimum
814 2191 971 2226 sacrificari

211 2253 351 2287 coeptum
364 2240 415 2274 cst.

304 2289 398 2322 iiarto.
428 2290 551 2321 Totum
564 2291 714 2335 templum
731 2289 895 2324 secundum
908 2289 972 2322 vult

214 2338 252 2372 ab
265 2338 382 2371 Herode
398 2337 585 2371 destructum
599 2341 629 2372 &
643 2351 758 2371 novum
768 2339 840 2371 illud
847 2337 974 2370 Herodis

213 2399 331 2421 nomen
350 2387 461 2433 prioris
477 2385 572 2420 tulisse
587 2399 650 2420 non
665 2388 720 2421 ali&
735 2388 864 2426 ratione,
881 2386 973 2433 qutim

213 2450 249 2471 ex
266 2437 379 2483 vulgari
393 2449 481 2469 more
494 2437 658 2482 loquendi:
684 2436 766 2470 certe
780 2447 881 2470 totum
891 2436 973 2481 prius

214 2487 251 2521 ab
270 2485 386 2520 Herode
409 2485 598 2519 destructum
614 2498 678 2519 non
699 2485 759 2525 est,
786 2486 901 2531 alioqui
916 2497 974 2530 po-

214 2536 320 2571 sterius
333 2536 442 2581 prioris
457 2548 573 2569 no’nen
588 2533 666 2569 ferre
680 2548 745 2569 non
754 2534 896 2582 potuisset
908 2534 974 2567 ullo

214 2589 296 2631 jure,
318 2590 348 2619 &
358 2586 439 2632 vulgi
453 2584 554 2619 sermo
570 2584 642 2618 huic
657 2585 894 2626 nomenclaturae
907 2584 975 2617 nul-

215 2637 279 2670 lum
293 2634 526 2669 fundamentum
541 2633 675 2669 dedisset.

264 2685 396 2719 Cautior
408 2683 457 2718 hic
470 2683 527 2718 fuit
539 2684 731 2719 Theodorus
745 2686 839 2722 Bm,
856 2684 910 2732 qui
922 2682 975 2718 etfi

217 2747 420 2770 communem
434 2733 611 2768 sententiam
627 2732 783 2779 sequatur,
810 2733 976 2780 &quadra-

219 2786 302 2833 ginta
321 2782 368 2817 sex
383 2796 480 2817 annos
500 2796 570 2817 cum
591 2782 740 2830 plerisque
758 2793 927 2827 componat
941 2795 977 2815 ex

220 2837 288 2882 Cyri
312 2833 436 2881 triginta
449 2858 459 2873 ‚
489 2832 631 2880 Carnbyfis
649 2833 728 2867 οξὲο
741 2856 751 2871 ,
778 2831 978 2878 Magorum

219 2882 342 2917 duobus
360 2906 368 2918 ,
404 2887 435 2917 &
468 2885 569 2916 <Dara
590 2880 638 2915 sex
657 2896 667 2923 ;
700 2893 803 2916 tamen
832 2880 975 2915 dubitans

219 2932 258 2966 de
277 2931 382 2966 calculi
400 2931 489 2976 hujus
509 2932 685 2967 communis
704 2930 853 2965 soliditate
865 2954 875 2969 ‚
901 2941 977 2975 pro-

221 2981 324 3015 fitetur
346 2981 469 3014 tandem
487 2982 565 3016 velle
585 2980 612 3015 se
637 2984 730 3025 ἐπίχώ,
758 2984 790 3015 &
815 2979 832 3014 εἰ
851 2979 977 3013 doctio-

223 3031 307 3065 ribus
326 3030 356 3063 in
377 3028 516 3063 facultate
538 3030 778 3078 chronologica
802 3029 902 3063 lucem
927 3027 977 3062 hic

224 3079 402 3125 cxpe&are;
417 3080 547 3125 prudens
559 3078 623 3114 haec
636 3078 694 3115 fuit
707 3085 738 3115 &
753 3077 908 3113 laudabilis
917 3078 978 3112 val-

224 3129 262 3164 de
277 3127 441 3163 modestia.

271 3177 329 3214 Ista
342 3177 499 3225 singularia
506 3178 608 3215 notavi
616 3178 648 3213 in
655 3179 724 3216 viris
731 3179 850 3227 aliquot
862 3176 981 3225 magnis

1004 1743 1132 1781 Herodis
1147 1743 1255 1789 Magni
1276 1752 1346 1776 ante
1360 1754 1458 1776 annos
1478 1743 1678 1789 quadraginta
1697 1739 1767 1783 sex,

1006 1794 1063 1830 suo
1078 1794 1160 1828 enim
1175 1793 1223 1826 ille
1243 1791 1368 1826 decimo
1381 1792 1494 1827 oecavo
1508 1791 1657 1827 :edificare
1669 1794 1766 1840 coepit

1007 1856 1121 1880 novum
1130 1843 1292 1889 templum,
1303 1853 1404 1876 utrum
1414 1840 1537 1889 prorsus
1546 1854 1672 1882 novum,
1680 1842 1769 1890 quod

1006 1895 1068 1931 vult
1080 1891 1225 1942 Iosephus,
1252 1896 1283 1926 &
1295 1891 1366 1938 post
1379 1904 1450 1926 eum
1467 1891 1574 1930 multi,
1599 1904 1636 1925 an
1649 1902 1768 1926 tantum

1007 1953 1203 1982 renovatum,
1231 1952 1263 1976 ut
1285 1942 1347 1976 vult
1372 1942 1516 1990 egesippus
1524 1964 1534 1979 ‚
1561 1945 1592 1975 &
1609 1941 1679 1988 post
1696 1953 1769 1976 eum

1008 1994 1215 2029 recentiorum
1228 1993 1345 2038 plures,
1364 2003 1470 2037 parum
1486 1988 1557 2024 facit
1567 1990 1603 2023 ad
1615 2003 1680 2023 rem
1692 2003 1770 2037 prae-

1009 2041 1238 2082 sentem‚m0do
1254 2052 1324 2075 ante
1337 2040 1534 2088 quadraginta
1548 2038 1594 2073 sex
1609 2052 1706 2073 annos
1720 2041 1770 2073 in-

1009 2094 1124 2142 ceperit
1136 2104 1215 2139 opus
1224 2091 1308 2125 suum
1320 2089 1499 2124 instruendo
1513 2089 1632 2135 templo
1641 2088 1771 2136 praesen-

1008 2156 1056 2184 te,
1082 2145 1114 2177 in
1127 2155 1191 2190 quo
1199 2141 1299 2188 Judaei
1313 2153 1384 2174 cum
1400 2138 1529 2173 Christo
1542 2138 1769 2184 colloqueban-

1009 2206 1068 2228 tur.
1093 2190 1191 2227 Certe
1205 2204 1240 2224 ex
1255 2189 1366 2238 Iosbpho
1379 2199 1460 2236 patet
1474 2187 1560 2235 quod
1573 2188 1703 2222 Herodis
1716 2188 1772 2222 de-

1010 2244 1108 2276 cimus
1122 2241 1249 2273 οὲὶεινυε
1261 2251 1326 2285 quo
1339 2250 1486 2271 renovare
1499 2238 1649 2284 templum
1663 2238 1771 2284 coepit,

1009 2289 1101 2324 fuerit
1112 2287 1311 2323 circumcirca
1324 2285 1569 2335 quadragesimus
1586 2284 1684 2321 sextus
1702 2297 1773 2320 ante

1013 2338 1127 2371 szerii
1141 2337 1441 2382 decimumqnintum
1455 2338 1485 2368 in
1499 2348 1564 2381 quo
1573 2334 1714 2368 Christus
1727 2334 1772 2368 est

1011 2387 1195 2433 baptizatus,
1222 2389 1253 2419 &
1266 2385 1459 2431 colloquium
1472 2396 1532 2429 prae
1545 2384 1686 2417 manibus
1699 2396 1772 2418 cum

1008 2435 1121 2484 Judaeis
1133 2434 1295 2469 habuitzin
1308 2434 1392 2467 annis
1406 2433 1533 2481 quidem
1541 2433 1620 2466 οξὶο
1629 2432 1774 2480 magnifi-

1013 2484 1215 2520 centiffimum
1235 2484 1310 2517 illud
1327 2496 1406 2529 opus
1426 2482 1556 2516 Herodes
1574 2479 1702 2528 perfecit
1716 2507 1725 2522 ,
1751 2481 1774 2516 fi

1014 2533 1124 2583 loft‘pho
1136 2532 1288 2567 credimus
1304 2556 1313 2568 ‚
1340 2531 1388 2566 sed
1403 2542 1504 2565 tamen
1520 2529 1683 2566 secundum
1697 2544 1774 2566 eun-

1014 2585 1086 2619 dem
1098 2582 1245 2631 loftphum
1260 2606 1269 2621 ‚
1285 2594 1350 2615 non
1361 2579 1479 2615 tantum
1493 2581 1528 2614 ad
1542 2581 1670 2614 Herodis
1684 2593 1774 2615 mor-

1015 2646 1079 2668 tem
1103 2631 1221 2679 semper
1233 2631 1347 2678 aliquid
1367 2631 1442 2664 novi
1455 2630 1629 2664 ornamenti
1641 2630 1774 2664 addeba-

1014 2695 1079 2722 tur,
1101 2680 1150 2717 sed
1164 2682 1215 2715 diu
1228 2680 1314 2728 post,
1340 2679 1434 2728 usque
1447 2679 1483 2714 ad
1498 2693 1610 2713 annum
1632 2691 1774 2726 quartum

1015 2735 1159 2772 Neronis,
1185 2730 1277 2777 paulo
1292 2741 1360 2764 ante
1381 2729 1463 2764 urbis
1479 2733 1509 2764 &
1523 2729 1629 2776 templi
1643 2742 1697 2776 per
1715 2731 1775 2763 Τι-

1015 2794 1081 2816 tum
1094 2781 1245 2815 excidium
1254 2805 1263 2819 ‚
1290 2780 1408 2827 aliquot
1421 2779 1634 2826 operariorum
1642 2779 1735 2813 millia
1743 2780 1775 2812 in

1015 2830 1124 2877 templi
1149 2829 1208 2877 quzi
1233 2829 1466 2867 restauratione,
1495 2827 1554 2876 qncl
1573 2828 1776 2863 adornatione

1017 2878 1258 2928 perseverabant,
1283 2879 1323 2913 ita
1342 2889 1374 2912 ut
1387 2879 1491 2925 vulgus
1511 2877 1594 2911 reftC·
1610 2878 1724 2912 diceret
1742 2878 1775 2911 in

1017 2928 1123 2975 templi
1137 2927 1220 2963 istius
1229 2926 1380 2976 prcesentis
1388 2927 1621 2974 structurfi,quae
1636 2928 1776 2961 nondum

1017 2978 1228 3014 absolvebatur
1235 3003 1245 3018 ,
1265 2977 1461 3025 quadraginta
1469 2974 1515 3010 sex
1524 2987 1609 3010 totos
1618 2989 1713 3011 annos
1724 2976 1778 3011 ha-

1018 3030 1126 3063 &enus
1140 3025 1311 3073 insumptos
1324 3024 1417 3060 fuisse.

1066 3079 1169 3121 Hujus
1183 3075 1334 3109 sententiae
1343 3075 1776 3110 auctorvideturdoetiffimus

1019 3126 1123 3162 noster
1137 3127 1310 3161 Gualterus‚
1337 3126 1368 3158 in
1386 3137 1452 3158 eam
1468 3122 1611 3169 Calvinus
1629 3126 1753 3159 inclinat
1765 3147 1776 3162 ,

1020 3174 1122 3226 aperte
1134 3174 1210 3212 vero
1224 3173 1358 3223 sequitur
1365 3176 1492 3224 Scaliger
1499 3178 1530 3210 &
1543 3172 1726 3221 [aufizbmms
1733 3173 1778 3205 E-

1375 3226 1407 3260 I<
1415 3224 1444 3267 ,Q
1676 3221 1780 3255 xercit.
