2048 3343
423 73 490 103 ετ
547 64 1228 104 Cizitonotocrct

17 138 19 182 Ῐ
32 160 168 198 eleazar„
186 132 282 178 ferret
291 137 448 189 Philippus,
460 142 552 184 Lysias
559 144 628 186 ejus
640 138 744 174 filium
756 135 942 174 Antiochum

17 227 19 232 ,
34 201 143 238 Judaesrae
148 215 158 220 -

17 260 19 291 f
30 251 66 271 ur
71 242 150 280 oppti-

17 294 18 334 1
32 286 105 310 mitur
112 280 145 308 ab

30 321 162 362 elephante.

16 402 17 417 l

16 456 18 471 l

16 515 18 532 l

7 537 9 543 .
16 533 17 544 l

14 1181 18 1232 l
32 1183 166 1216 Menelaus

29 1234 68 1255 ο·
75 1225 145 1260 Iason

30 1264 97 1294 mali
102 1273 162 1304 per-

27 1314 96 1334 mr.

186 195 361 239 Eupatorem
372 214 383 230 ,
403 202 502 238 quem
514 188 620 224 secum
634 191 666 224 in
678 189 762 233 Syrifi
775 187 913 222 habebat
926 210 936 225 ,

185 242 312 288 Regem
324 250 411 273 creat
420 264 429 280 ,
455 243 486 273 &
498 252 608 274 contra
619 239 748 286 Judaeos
758 237 846 270 ducit
862 247 937 268 cnm

184 291 331 324 maximo
340 290 492 327 exercitu,
503 289 647 335 peditum
659 296 793 320 centum
806 287 836 317 &
849 284 939 330 equi-

184 349 255 373 tum
268 340 383 387 viginti
397 336 555 370 millibus.
576 335 662 383 ludus
674 331 854 368 Adaccahaeus
864 345 937 366 cum

184 390 293 436 paucis
308 398 433 422 tantum
452 386 630 420 exereitum
644 383 833 430 aliquandiu
851 380 940 416 susti-

183 440 267 478 nuit3
281 435 376 471 frater
387 433 550 471 Eleazarus
562 435 593 468 in
604 433 856 480 elephantorum
872 445 937 466 ma—

180 489 307 523 ximum
325 486 415 531 regio
433 495 550 519 ornatu
567 483 744 530 insignem,
768 482 939 516 arbitratus

180 538 307 584 Regem
319 533 420 574 ferre,
440 535 520 567 totis
539 532 659 567 viribus
673 531 836 571 intendit;
864 527 938 565 crim

180 587 222 620 ad
245 583 451 631 elephantem
480 583 611 618 venisset
623 606 634 619 ‚
658 581 742 616 editi
762 581 939 615 obviorum

181 632 423 683 magnastragm
434 636 505 678 ejus
519 634 620 666 ventri
633 630 661 665 se
672 631 857 679 supponens
870 629 939 663 bel-

183 687 272 720 luam
283 681 428 718 suffodit:
440 683 494 717 illa
507 680 806 717 cadensEleazamm
815 676 941 725 oppres-

184 733 244 773 fit3
270 733 438 768 Iudaeum
447 732 553 766 suisex
565 731 676 778 praelio
686 729 715 764 se
739 730 871 775 recepitt

234 786 364 830 Eupator
375 780 433 816 hac
447 779 554 829 pugnfi
566 780 706 828 superior
719 803 729 819 ,
748 775 942 822 Hierosoly-

133 860 142 866 .
186 832 349 869 mitanum
367 832 527 877 templum
549 829 673 864 obsedit
695 843 702 862 :
729 827 806 861 dum
827 823 944 861 obsessi

190 879 298 919 inedia
309 879 400 929 pressi
412 879 615 914 deditionem
629 887 795 925 pararent,
813 875 944 910 audiens

191 935 322 980 Emperor
339 928 502 976 Philippum
524 926 738 962 Antiochiam
756 923 924 971 occupasse
936 947 946 962 ,

189 992 228 1017 ut
241 981 357 1025 majori
368 979 456 1013 malo
467 987 666 1015 occurreret,
679 987 752 1010 cum
771 971 843 1008 Iudi
852 975 943 1008 Mac-

191 1029 278 1065 cabaa
290 1028 396 1064 foedus
406 1029 517 1076 pangit
532 1040 540 1060 ε
566 1025 725 1071 templum
740 1023 883 1057 donariis
891 1033 944 1055 or-

191 1090 261 1120 nat,
277 1082 347 1125 ejus
358 1089 467 1112 tamen
483 1077 681 1111 munitiones
700 1074 814 1109 evertit
830 1082 945 1106 contra

192 1130 300 1164 datam
312 1126 423 1162 fidem.

239 1178 291 1212 Ut
302 1179 334 1211 in
344 1176 465 1223 Syriam
481 1174 572 1208 venit
592 1168 778 1208 w‘ntiochus
788 1171 918 1216 Eupator
932 1192 942 1208 ,

193 1225 401 1262 Antiochiam
411 1225 510 1270 cepit,
522 1226 555 1256 &
566 1224 599 1256 in
612 1220 647 1256 eti
659 1219 834 1268 Philippum,
843 1231 941 1266 quem

189 1276 297 1312 statim
310 1273 441 1309 occidit.
470 1273 506 1306 ln
521 1270 589 1306 aulai
607 1272 700 1316 Lffi'aes
720 1279 786 1304 crat
806 1270 941 1308 omnia,

189 1323 350 1361 Menelaus
366 1322 551 1371 Judaeorum
564 1315 838 1367 pseudopontifcx
855 1320 883 1352 ei
896 1319 946 1352 vi-

186 1373 237 1410 sus
250 1373 446 1408 seditionum
460 1371 665 1418 judaicarum
676 1369 752 1404 fons
764 1369 833 1403 neci
846 1367 942 1401 tradi-

186 1433 236 1458 tus
252 1422 403 1458 esttficut
413 1425 480 1467 ejus
493 1420 632 1455 decessor
642 1421 764 1466 impius
777 1416 943 1464 [aseneum

185 1472 227 1508 ab
245 1471 408 1512 Arabibus
424 1468 595 1518 fugiffetin
607 1472 804 1518 AEgyptum‚
825 1467 942 1502 &inde

185 1520 484 1558 Laccdaemona,ibi
495 1521 631 1554 extorris
640 1525 670 1553 δι
682 1520 833 1552 omnium
843 1529 944 1566 egens

162 1603 165 1604 γ
187 1570 345 1617 expiravit
355 1594 365 1611 ,
375 1572 408 1605 in
421 1582 461 1611 eo
471 1569 512 1604 ab
520 1568 677 1603 omnibus
687 1578 880 1614 contemptu
889 1592 900 1607 ,
911 1578 946 1600 ut

190 1619 208 1655 Ξ
219 1621 351 1654 nemine
371 1618 423 1654 vel
438 1617 519 1653 terra
540 1617 637 1652 condi
649 1629 778 1652 curatus
789 1641 800 1657 ‚
827 1616 946 1664 absque

190 1669 364 1717 sepulchro
376 1667 483 1702 bestiis
495 1672 527 1702 &
545 1668 675 1703 alitibus
686 1665 899 1714 ptaedafieret.

242 1718 315 1754 Post
326 1717 503 1754 Menelaum
511 1716 630 1752 Alcime
641 1730 680 1752 ex
689 1716 809 1751 semine
820 1717 947 1751 Aaronis

191 1767 426 1804 Pontificatum
437 1766 572 1814 ptaebuit
586 1765 826 1805 Antiochus,viro
835 1766 947 1801 admo-

190 1818 268 1853 dum
280 1817 417 1852 nefario.
439 1817 531 1851 onias
543 1816 628 1851 Onia
638 1817 723 1851 tertii
734 1814 817 1849 filius
829 1814 947 1850 Alcime

188 1866 228 1903 ad
235 1865 471 1902 Pontificatum
481 1867 595 1900 ενεὲὶο
603 1866 640 1900 de
648 1864 779 1913 paternii
789 1865 947 1913 dignitate

189 1917 404 1964 desperans‚in
412 1920 590 1963 AEgyptum
602 1916 641 1951 ad
651 1914 835 1950 Ptolemaeum
847 1912 947 1948 Philo-

189 1978 328 2003 metorem
339 1966 369 2002 se
381 1964 565 2006 conferens,
583 1965 624 1999 ab
644 1978 684 2000 eo
704 1966 890 2012 impetravit
900 1964 948 2000 fa·

156 2037 161 2041 ·
190 2012 348 2052 cultatem
363 2015 534 2051 extruendi
556 2017 590 2050 in
606 2017 740 2064 regione
758 2015 945 2062 Heliopoli-

188 2066 264 2101 tana
273 2067 434 2113 templum
448 2063 757 2112 Hierosolymitano
770 2063 873 2098 fimile
886 2089 896 2106 ,
911 2066 945 2099 in

187 2128 257 2163 quo
267 2114 361 2150 Iudaei
370 2114 670 2154 HellenistaeDeum
682 2117 753 2162 plus
761 2113 858 2161 quam
869 2127 946 2149 cen-

189 2176 263 2200 tum
277 2165 368 2200 annis
382 2164 476 2212 prave
501 2168 531 2198 δε
554 2162 765 2204 schismatica,
787 2165 861 2199 licet
883 2165 945 2199 ritu

190 2212 343 2249 Mosaico
357 2239 365 2254 ,
386 2214 566 2248 coluerunt.

234 2264 324 2297 Dum
336 2262 392 2297 ista
403 2274 592 2311 gererentur
609 2263 643 2297 in
656 2259 728 2296 Afia
739 2285 749 2301 ‚
775 2259 945 2295 Demetrius

190 2310 306 2346 Seleuci
316 2311 413 2348 filius,
423 2314 479 2360 qui
488 2313 565 2346 loco
578 2312 683 2358 patrui
695 2307 858 2345 eAntiocln'
875 2310 946 2355 Epi—

188 2356 292 2408 phanis
312 2360 428 2395 Romae
449 2360 586 2407 degebat
604 2359 718 2398 obses,
742 2357 759 2392 Ξι
773 2360 946 2392 Senatuli-

196 2409 356 2443 bertatem
378 2407 529 2455 poscebat
549 2409 708 2443 redeundi
727 2407 863 2442 domum
876 2430 885 2444 ‚
912 2418 947 2441 ut

197 2459 356 2506 Regnum
366 2469 534 2504 paternum
547 2471 584 2491 ex
595 2456 745 2504 Eupatoris
755 2457 862 2500 injusti
873 2454 948 2503 pos-

196 2504 318 2541 sessoris
337 2507 486 2541 manibus
511 2508 673 2554 eriperet..
693 2508 828 2539 Senatus
855 2516 948 2538 com-

196 2556 382 2592 modiorem
396 2556 493 2591 rebus
505 2555 563 2590 suis
573 2556 652 2591 Afiae
664 2556 787 2603 Regem
800 2564 951 2601 putantes

195 2609 370 2653 Eupatorem
389 2618 522 2653 puerum
544 2605 642 2653 quam
660 2608 847 2639 Demetrium
854 2606 951 2648 juve-

195 2668 293 2696 nem,
310 2657 339 2690 ei
358 2655 512 2690 redeundi
534 2655 671 2690 domurn
686 2653 876 2701 potestatem
897 2652 950 2686 de-

196 2704 374 2753 negarunt:
393 2705 444 2738 ille
457 2715 563 2738 tamen
579 2701 840 2747 historicieolylui
851 2703 951 2749 inpri-

916 2749 927 2761 Λ

149 2777 151 2779 -
196 2756 260 2788 mis
270 2755 417 2794 consilio,
436 2755 535 2787 etiam
549 2752 666 2800 absque
681 2755 816 2787 Senatus
837 2753 929 2787 venia
942 2775 951 2790 ,

198 2803 306 2837 Roma
326 2804 407 2839 clam
429 2802 563 2850 aufugit.
588 2804 637 2838 Ut
659 2804 691 2837 in
710 2800 817 2835 Asiam
830 2799 950 2834 venita

200 2852 316 2886 Senatu
335 2853 363 2888 se
384 2850 510 2886 missum
524 2853 688 2886 ‚mentitur
707 2852 740 2885 in
751 2861 887 2897 regnum
901 2861 951 2896 pa-

203 2910 343 2936 ternum.
368 2902 582 2936 Mendacium
609 2901 671 2935 hoc
706 2900 881 2933 multarum
908 2898 953 2932 illi

204 2948 334 2983 urbium
345 2961 450 2996 portas
463 2953 607 2998 aperuit5
636 2954 670 2985 &
691 2961 826 2997 magnas
843 2949 953 2994 copias

203 3002 418 3044 comparavit:
447 2999 659 3035 Antiochiam
679 2998 955 3047 appropinquanti

205 3047 373 3081 adducitur
393 3051 520 3094 Eupator
535 3052 624 3097 regni
641 3049 685 3083 sui
706 3061 794 3083 anno
813 3045 954 3081 secundo

205 3095 357 3131 undcum
371 3096 468 3140 Lyfii,
486 3109 659 3146 utrumqne
671 3097 776 3133 statim
792 3101 956 3132 Demetrius

204 3145 315 3180 effecit
335 3145 535 3182 obtruncari.
572 3149 619 3183 lta
637 3144 794 3196 Ep1phanis
805 3145 898 3195 stirps
915 3158 954 3181 0-

201 3197 286 3231 rrrnis
296 3195 452 3231 eradicata
463 3194 517 3231 est.

1291 65 1324 104 L
1346 75 1360 103 1
1381 65 1474 105 n.1.
1660 74 1741 114 ‘227

1029 137 1080 171 Ad
1090 137 1276 172 Demetrium
1286 137 1556 173 acceffit‘Alcimm
1565 149 1638 173 cum
1650 137 1736 172 mul-
1755 154 1818 184 Iuda
1826 164 1882 184 con-

985 186 1023 217 tis
1032 199 1145 221 contra
1158 185 1256 221 ludam
1263 186 1461 221 Miccahaeum
1473 189 1660 223 calumniis:
1684 187 1731 222 illi
1752 206 1791 226 rra
1800 200 1892 225 Deme-

982 235 1151 270 Demetrim
1163 234 1396 270 Pontificatum
1410 237 1624 278 confirmans,
1639 237 1732 271 Nica,
1752 242 1826 267 trium
1834 241 1876 278 vif

982 294 1077 317 norem
1098 285 1244 319 attribuit
1265 297 1339 319 cum
1360 297 1482 330 magno
1499 289 1655 328 exercitu,
1673 288 1732 334 qni
1753 281 1839 310 “TW‘-

982 332 1179 367 Maccabaeum
1202 335 1344 380 perderet
1363 346 1371 366 ε
1394 333 1573 368 Nicanorem
1590 346 1664 371 cum
1680 346 1735 369 to-

983 391 1017 414 to
1053 383 1187 429 triginta
1231 385 1377 431 quinque
1419 382 1560 417 millium
1595 386 1736 419 exercitu

982 432 1160 465 Maccabaeus
1189 432 1410 466 internecione
1441 430 1564 465 delevit
1586 444 1595 465 τ
1630 437 1663 466 δε
1684 444 1738 467 tot

981 480 1183 515 mirabilibus
1219 481 1364 515 vistoriis
1403 480 1590 515 clarissimus
1616 483 1741 529 legatos

984 530 1130 564 Romam
1143 528 1226 563 misit
1239 554 1249 570 ‚
1275 532 1421 578 quicum
1443 532 1570 578 populo
1583 531 1741 565 Romano

984 577 1173 614 societatem
1193 579 1248 612 suo
1258 580 1396 614 nomine
1413 580 1529 614 inirent
1541 605 1551 621 ,
1570 584 1601 614 &
1616 579 1654 613 ad
1668 582 1740 613 De*

985 630 1117 663 menium
1127 629 1276 663 mandata
1287 630 1497 677 impetrarent
1509 656 1518 668 ‚
1529 622 1579 664 ¹ne
1589 631 1669 664 ultra
1680 630 1741 676 Ju-

983 677 1056 712 daeis
1076 688 1222 725 pergeret
1242 678 1301 712 effe
1319 677 1485 714 molestus.
1511 681 1653 713 Societas
1671 678 1741 712 haec

984 727 1061 761 Iudae
1079 726 1163 761 male
1183 726 1270 761 cessit
1284 752 1293 767 ,
1309 728 1467 762 auxilium
1478 730 1565 763 enirn
1587 729 1743 762 divinum

986 774 1125 811 avertisse
1142 775 1285 816 videtur,
1304 790 1378 811 nam
1394 789 1468 811 cum
1487 775 1660 812 Bacchidem
1679 777 1743 811 mi-

988 824 1065 860 sisset
1087 827 1254 860 Demetrius
1270 839 1344 860 cum
1367 827 1482 874 viginti
1509 828 1648 861 duorum
1668 827 1744 860 mil-

987 876 1068 909 lium
1081 875 1225 909 exercitu
1234 873 1547 919 Hierosolymanb&
1559 874 1742 910 Maccabaeus

989 936 1048 970 pro
1057 922 1113 957 suo
1123 935 1214 957 more
1223 935 1297 957 cum
1309 926 1416 969 paucis
1427 923 1543 959 scilicet
1553 926 1656 959 itibus
1667 925 1744 959 mil-

988 973 1072 1007 libus
1083 974 1121 1006 iis
1133 974 1331 1011 occurreret,
1348 974 1470 1007 milites
1483 973 1613 1007 insolito
1624 977 1743 1009 timore

990 1022 1129 1068 correpti
1159 1034 1233 1056 eum
1260 1034 1377 1056 omnes
1404 1021 1606 1056 deseruerunt
1633 1033 1744 1068 practer

987 1072 1222 1119 offingentos:
1248 1083 1324 1105 cum
1344 1070 1391 1104 his
1410 1082 1487 1105 toto
1508 1071 1559 1105 die
1578 1070 1616 1104 ad
1634 1069 1746 1117 vespe-

988 1134 1054 1156 ram
1067 1131 1184 1154 contra
1198 1131 1309 1154 totum
1322 1119 1474 1154 hostilem
1487 1122 1668 1155 exercitum
1680 1119 1747 1154 sor-

987 1173 1059 1205 titer
1072 1171 1246 1217 pugnavit,
1262 1173 1291 1203 8<
1304 1170 1458 1204 dextrum
1480 1182 1581 1206 cornu
1597 1193 1607 1206 ‚
1633 1182 1664 1203 m
1676 1181 1745 1216 quo

989 1218 1052 1268 ipsa
1066 1216 1239 1260 Bacchides,
1266 1217 1474 1267 profligavit;
1501 1219 1551 1255 sed
1570 1219 1649 1254 dum
1665 1223 1746 1254 Bac-

987 1269 1098 1304 chidem
1110 1269 1352 1316 persequeretur
1362 1292 1371 1308 ‚
1384 1268 1541 1303 sinistrum
1554 1282 1657 1303 cornu
1669 1281 1744 1302 eum

1764 1243 1839 1273 Iuda
1845 1243 1894 1273 lni-

1763 1293 1788 1314 to
1808 1296 1860 1313 cum

987 1318 1108 1367 atergo
1125 1319 1257 1354 adortus
1268 1317 1393 1353 occidit
1408 1318 1497 1354 sexto
1508 1317 1566 1353 suae
1583 1317 1743 1367 guberna·
1763 1328 1880 1363 Romanis

988 1371 1087 1404 tionis
1101 1381 1200 1404 anne.
1424 1390 1428 1394 -
1618 1409 1622 1413 ,

1037 1418 1141 1453 Iudam
1152 1418 1263 1453 fratres
1282 1418 1314 1452 in
1326 1428 1450 1466 patrum
1472 1418 1602 1452 tumulo
1621 1414 1746 1453 Modini

990 1467 1164 1516 magnifice
1182 1467 1419 1513 sepeliverunt,
1448 1468 1505 1515 ipsi
1533 1478 1641 1502 tamen
1669 1479 1744 1501 cum

1756 1368 1851 1405 saedere
1857 1376 1898 1395 ca-

1763 1408 1813 1436 dut.

1763 1449 1888 1476 Ionatham

1719 1516 1725 1522 ,
1764 1493 1825 1528 cogit
1831 1498 1904 1517 exer-³

990 1520 1100 1552 amicis
1109 1518 1147 1552 ad
1155 1516 1276 1553 deserta
1286 1516 1397 1564 fugere
1410 1518 1512 1552 coaffi
1524 1516 1614 1557 sunt;
1633 1528 1746 1550 omma
1764 1540 1835 1558 mum
1844 1530 1897 1566 d1f·

990 1569 1078 1602 enim
1094 1567 1169 1601 luda
1180 1567 1383 1601 munimenta
1394 1563 1550 1601 Bacchides
1563 1578 1644 1600 occu
1651 1577 1745 1612 pave·
1758 1572 1865 1609 ficulter.
1896 1567 1898 1569 ’

991 1628 1047 1654 rat,
1058 1622 1089 1652 δέ
1100 1614 1264 1651 durissima
1274 1617 1391 1651 iterum
1404 1615 1536 1650 servitus
1548 1615 1663 1662 populi
1672 1627 1749 1649 eva-

991 1666 1080 1701 serat.
1105 1666 1156 1701 Ut
1165 1665 1207 1700 ab
1224 1679 1260 1700 ca
1270 1666 1480 1700 liberarentur
1490 1666 1523 1699 in
1535 1662 1656 1699 deserto
1667 1677 1750 1698 con-

991 1719 1159 1752 venientes
1177 1717 1238 1751 viri
1256 1717 1383 1763 aliquot
1405 1715 1508 1750 fortes
1521 1739 1531 1755 ‚
1558 1711 1752 1748 Ionathanem

992 1767 1024 1800 in
1046 1766 1164 1801 ducem
1190 1767 1359 1799 communi
1392 1764 1541 1812 suffragio
1567 1765 1747 1811 elegerunt.

993 1817 1058 1850 Hic
1070 1827 1105 1850 ut
1123 1815 1159 1848 ad
1180 1814 1301 1849 bellum
1321 1814 1394 1849 efl'et
1414 1814 1598 1861 expeditior
1616 1817 1751 1846 loannem

996 1864 1126 1899 fratrem
1141 1863 1179 1898 ad
1192 1863 1315 1898 Arabas
1332 1862 1529 1898 Nabathaeos
1545 1863 1657 1908 Judaeis
1669 1862 1755 1896 ami-

994 1927 1050 1949 cos
1062 1913 1169 1954 misit,
1187 1910 1223 1948 ut
1232 1912 1321 1960 apud
1333 1924 1390 1946 eos
1401 1911 1751 1959 impedimentadepo-

994 1975 1084 2000 neret
1098 1977 1106 1997 :
1123 1977 1233 1998 verum
1246 1966 1364 1997 loannes
1374 1964 1408 1997 in
1420 1962 1470 1996 vir'i
1490 1962 1506 1994 a
1517 1959 1638 1994 Jamhmo
1654 1962 1753 1994 latro-

992 2027 1032 2048 ne
1043 2014 1167 2048 cunffis
1180 2025 1252 2061 quae
1261 2011 1387 2046 ferebat
1399 2015 1430 2046 ὅ(
1443 2008 1508 2045 νίῑέἰ
1518 2009 1609 2043 simul
1629 2008 1753 2054 spolia-

993 2076 1056 2098 tur.
1084 2064 1196 2097 Paucis
1220 2061 1294 2108 post
1314 2060 1429 2095 diebus
1448 2059 1589 2094 seve-ram
1606 2060 1640 2094 in
1653 2059 1752 2093 latro-

993 2126 1046 2148 nes
1058 2113 1133 2146 illos
1148 2112 1325 2146 vindiecam
1337 2107 1482 2144 Ionathan
1497 2110 1658 2148 exercuit,
1678 2119 1751 2142 non

990 2174 1098 2198 tamen
1111 2174 1162 2196 eas
1172 2163 1279 2207 copias
1293 2161 1402 2207 potuit
1414 2157 1616 2196 contrahere,
1629 2156 1749 2204 quibus

991 2214 1129 2259 patriam
1141 2210 1156 2244 a
1167 2214 1249 2258 jugo
1259 2211 1456 2244 Graecorum
1467 2207 1630 2250 liberaret,
1642 2207 1750 2242 donec

989 2262 1116 2308 aliquot
1128 2259 1199 2307 post
1210 2261 1301 2293 annis
1313 2258 1563 2296 Demetriumres
1579 2257 1647 2291 aliae
1664 2254 1751 2302 aju-

991 2309 1078 2346 daicfi
1091 2307 1163 2344 cura
1175 2307 1365 2344 avertiffentt

1038 2359 1214 2393 ‘Demetrius
1228 2358 1267 2392 ab
1280 2358 1419 2391 inimicis
1441 2355 1562 2400 ubique
1583 2353 1666 2387 liber
1683 2375 1693 2392 ,
1717 2349 1747 2385 se
1765 2356 1897 2387 Alexam*

991 2410 1025 2443 in
1037 2408 1189 2454 superbia:
1207 2431 1216 2444 ,
1242 2408 1373 2441 luxuriae
1390 2430 1398 2444 ‚
1436 2408 1468 2438 δὲ
1494 2402 1638 2450 segnitici
1655 2400 1747 2434 bara-
1766 2397 1878 2429 d‘rBaIae

991 2457 1102 2492 thrum
1116 2457 1255 2500 conjecit
1268 2478 1281 2492 ,A
1302 2457 1378 2490 hinc
1397 2454 1635 2488 in‘vicinorum
1653 2451 1748 2483 Prin-

992 2509 1102 2553 cipum
1116 2519 1150 2540 ac
1160 2504 1363 2538 subditorum
1376 2502 1490 2535 odium
1501 2502 1673 2537 incurrens,
1691 2511 1748 2533 va-

991 2557 1046 2589 riis
1064 2552 1361 2600 conspirationibus
1384 2552 1553 2597 impetitus
1569 2572 1579 2588 ,
1606 2547 1676 2583 istas
1692 2549 1751 2582 ali-

998 2604 1129 2651 quoties
1143 2599 1333 2649 suppreslit3
1360 2598 1546 2635 sedtandem
1562 2597 1628 2633 haec
1639 2596 1762 2644 ipsum*

995 2651 1164 2702 oppressit.
1189 2649 1363 2685 Heraclides
1377 2651 1459 2684 inter
1474 2650 1639 2696 primarios
1651 2647 1748 2682 duces

995 2705 1012 2736 a
1038 2701 1192 2736 Demetrio
1219 2698 1457 2735 contumeliose
1485 2697 1613 2732 habitus
1639 2697 1751 2731 adole-

995 2750 1136 2786 scentem
1156 2747 1304 2784 Rhodmm
1323 2748 1532 2786 subornavit,
1564 2748 1619 2794 qui
1637 2746 1753 2782 eAnti-

996 2798 1060 2834 ochi
1070 2797 1224 2846 Epiphania
1235 2798 1353 2838 filium,
1371 2802 1404 2833 δε
1418 2798 1565 2844 Eupatoria
1575 2795 1706 2831 fratrem
1718 2794 1751 2830 se

998 2850 1118 2883 diceret
1131 2873 1142 2888 ,
1164 2848 1323 2895 assumpto
1337 2847 1505 2883 Alexandri
1517 2848 1671 2881 nornine,
1696 2846 1753 2880 cui

997 2897 1014 2932 a
1033 2910 1110 2934 vero
1129 2899 1180 2932 vel
1198 2900 1295 2945 patris
1317 2899 1369 2933 vel
1391 2898 1502 2931 matris
1520 2897 1654 2929 nornine
1676 2893 1754 2940 Balae

998 2946 1465 2996 cognomentum‚adjun6tum
1487 2944 1542 2980 est.
1569 2946 1670 2978 Hunc
1683 2947 1752 2977 He-

999 2997 1119 3031 raclzdes
1134 2998 1278 3031 Romam
1300 2997 1392 3030 duxit
1404 3020 1413 3035 ‚
1432 2999 1465 3028 ἃ
1484 2993 1574 3028 tanta
1586 3005 1651 3028 arte
1665 2993 1751 3028 suam

1000 3049 1034 3081 in
1050 3048 1170 3081 Senatu
1181 3045 1323 3080 fabulam
1337 3045 1494 3083 narravit,
1517 3054 1551 3077 ut
1562 3067 1571 3082 ,
1590 3044 1667 3077 licet
1679 3044 1754 3078 viris

1001 3095 1238 3130 oculatioribus
1261 3104 1488 3129 commentum
1508 3093 1681 3139 pelluceret
1702 3115 1710 3127 ,
1736 3090 1753 3126 Ξι

1001 3143 1159 3194 plerisque
1169 3155 1280 3180 tamen
1292 3142 1496 3228 sen}t?¹'ibu⁵
1512 3140 1590 3179 fides
1608 3141 1754 3225 adhibs‘ta

1423 3203 1441 3226 2
1713 3200 1750 3231 it,

1766 2442 1860 2468 Deme-

1765 2482 1835 2509 trium
1843 2491 1885 2509 ηε·-

1767 2529 1819 2552 cat.
1863 2521 1865 2524 ¹
1882 2518 1887 2521 ¹
