2048 3343
74 3007 117 3034 Via
129 3004 217 3037 Ariba-

523 58 1018 99 Eprs‘r'orrcA
1076 59 1496 102 COLLAT10.

210 137 244 172 &
268 132 400 169 stabilire
422 131 453 167 in
472 132 524 166 tali
547 133 656 168 ordine
674 131 968 168 circumstantiarum

210 197 306 233 quem
324 183 462 231 praevidit
480 182 645 218 ducturum
657 183 822 218 hominem
839 182 876 216 ad
895 179 969 216 salu-

210 247 275 270 tem
287 259 297 274 ,
323 234 480 269 decretum
494 234 535 267 ita
545 231 769 268 consideratum
783 231 828 266 est
846 231 971 278 simplex

211 289 244 320 δε
257 282 429 318 absolutum
443 283 601 317 decretum
614 295 623 322 3
649 282 712 316 hoc
724 281 746 315 si
763 280 972 314 consideretur

212 333 362 368 inordine
374 332 554 367 intentionis
567 331 603 364 ad
614 331 745 378 gloriam
758 340 791 363 ut
802 328 909 369 finem,
923 327 970 362 di-

212 385 242 419 ci
255 381 356 431 potest
368 380 612 429 peremptorium
626 403 634 416 ‚
660 377 834 413 absolutum
848 382 879 413 &
899 377 970 413 sim-

213 434 300 481 plex3
314 431 362 466 sed
375 430 396 464 fi
410 429 618 465 consideretur
631 429 663 462 in
675 428 784 463 ordine
797 426 970 476 dispositio-

214 483 261 517 nis
274 493 324 516 aut
336 480 524 514 executionis
540 480 571 512 in
595 472 700 512 menlte
718 478 819 514 divina
831 490 970 525 praecon-

215 542 322 579 ceptae,
333 528 497 564 necessario
509 528 551 562 est
565 527 801 575 hypotheticum
815 531 846 562 &
861 528 969 562 condi-

215 582 342 616 tionale.
365 582 443 627 Resp,
457 579 579 612 Totum
592 577 654 612 hoc
661 576 755 611 habes
762 589 798 611 ex
810 577 969 624 Vofflipro-

217 630 299 665 ximfi
312 628 407 663 Thefi
422 653 431 668 ,
457 628 510 661 ubi
524 639 581 661 nos
595 630 626 661 δε
641 629 858 661 eArminianos
878 638 972 660 cona-

217 692 267 715 tur
279 679 478 714 reconciliare
491 701 498 713 ,
524 676 698 711 doctrinam
711 676 846 709 nostram
862 673 973 710 faciens

217 729 337 764 tantum
359 728 598 762 additamentum
615 725 651 759 ad
670 738 781 759 eorum
797 724 974 759 sententiam

217 791 286 827 qua:
300 776 411 825 absque
431 776 680 811 contradiffione
699 775 779 809 belle
798 773 975 808 consistunt.

219 828 359 864 Labores
380 826 417 860 ad
437 825 586 860 tollendas
605 823 825 859 controversias
848 829 878 859 δι
896 823 974 858 diffi-

219 879 325 912 dentes
333 888 430 924 partes
446 874 686 909 reconciliandas
695 872 894 920 sempermihi
907 885 974 920 per-

221 921 416 975 placuernnt,
430 925 516 959 Beati
529 923 645 971 pacifici
658 925 728 971 quia
742 922 870 957 filiiDei
883 935 976 956 voca-

222 978 337 1011 buntur
350 990 359 1016 ;
382 973 430 1009 sed
444 976 498 1021 qui
518 974 667 1008 haetenus
681 986 716 1007 ex
730 972 977 1008 Protestantibus

221 1027 325 1061 moliti
339 1024 403 1059 sunt
415 1023 551 1058 nostram
561 1036 631 1058 cum
645 1021 814 1057 Pontificiis
829 1027 859 1057 &
871 1025 979 1055 Armi-

221 1077 318 1110 manis
331 1074 614 1109 reconciliationem
624 1098 633 1113 ‚
647 1071 781 1119 ipsorum
789 1072 909 1106 labores
918 1083 979 1105 tam

223 1124 348 1159 fuerunt
361 1122 543 1158 infructuosi
553 1148 562 1162 ‚
589 1127 619 1158 &
632 1133 694 1156 tam
707 1118 860 1161 infelices,
873 1132 939 1154 tum
953 1122 977 1153 i-

221 1175 279 1222 psis
292 1185 359 1209 tum
375 1172 533 1211 Ecclcfiae‚
554 1184 586 1206 ut
604 1171 736 1219 ipsorum
751 1181 876 1204 conatus
893 1170 978 1203 valde

220 1224 297 1259 mihi
317 1223 434 1270 semper
447 1221 652 1268 displicuerint
666 1245 676 1260 ‚
702 1230 810 1266 utpote
829 1220 845 1254 :i
865 1220 978 1267 quibus

219 1275 317 1308 nullus
331 1274 405 1307 alius
419 1270 536 1306 fruelms
550 1270 702 1317 expectari
715 1269 817 1316 potuit
830 1270 977 1316 quamlae-

208 1323 264 1374 ‘sio
277 1324 388 1357 divinae
401 1321 549 1359 veritatis,
563 1320 728 1353 diminutio
741 1319 797 1352 zeli
811 1331 880 1366 erga
894 1331 959 1352 eam
969 1343 978 1358 ,

219 1373 293 1406 novi
302 1370 462 1405 schismatis
471 1370 640 1416 generatio,
648 1370 743 1403 tertiae
754 1366 895 1402 faftionis
903 1381 975 1415 pro-

218 1421 328 1455 dutftio
342 1444 350 1457 ‚
370 1433 437 1466 quae
452 1431 530 1453 nova
546 1419 690 1465 dogmata
705 1442 714 1457 ,
740 1430 819 1452 nova
832 1418 979 1466 principia

220 1468 463 1505 comminiscitur
475 1467 513 1500 ab
527 1478 654 1513 utraque
667 1468 762 1513 priori
770 1479 852 1514 parte
865 1467 978 1502 merito

220 1521 358 1565 rejec‘ta;
383 1520 417 1551 In
436 1516 652 1552 controversiis
666 1515 747 1550 hisce
761 1529 820 1563 prae
839 1517 979 1551 manibus

220 1570 259 1604 de
272 1568 366 1617 gratia
385 1572 416 1602 &
429 1565 693 1614 praedestinatione
706 1577 833 1600 conatus
846 1567 979 1601 arbitro-

219 1632 289 1654 rum
303 1623 332 1653 &
343 1615 571 1652 mediatorum&
583 1628 742 1663 quoquam
754 1614 853 1650 solido
867 1615 980 1650 Theo-

220 1670 300 1717 logo
314 1679 471 1715 nunquam
491 1663 549 1700 fuit
571 1666 766 1712 approbatus.
792 1668 914 1700 Primus
927 1667 979 1714 qui

223 1720 254 1753 in
267 1719 330 1752 hoc
343 1729 455 1765 genere
469 1715 636 1755 laboravit,
655 1713 713 1750 fuit
730 1716 876 1759 Caffianus
889 1719 979 1750 Semi-

222 1768 408 1817 Pelagimm,
423 1765 474 1800 hic
486 1766 586 1800 voluit
598 1776 758 1814 utramque
771 1776 888 1813 partem
900 1779 981 1801 erra-

223 1831 256 1854 re
270 1819 301 1852 in
315 1827 464 1865 quantum
479 1815 720 1850 condemnarent
727 1827 777 1850 aut
790 1816 983 1851 contradice-

223 1879 292 1904 rent
307 1867 392 1901 alteri
401 1890 409 1903 ‚
429 1864 478 1901 sed
491 1878 582 1900 unam
592 1865 752 1900 veritatem
767 1866 934 1914 colligebat
946 1879 982 1901 ex

224 1917 355 1964 utrique
370 1915 519 1950 sententia
531 1928 598 1963 quae
608 1915 690 1951 belle
703 1913 769 1950 satis
777 1929 848 1951 cum
857 1915 983 1964 utrzique

223 1965 418 2005 consisteret,
436 1964 475 2004 si,
495 1965 612 2013 inquit,
634 1977 799 2014 utrumque
812 1965 983 2014 sequamur,

224 2030 285 2051 nos
298 2016 373 2049 nulli
386 2015 483 2049 errori
496 2014 732 2062 acquiescemus.
758 2016 817 2050 Sed
830 2017 903 2064 quid
912 2019 984 2050 Pro·
1002 2034 1004 2044 ι

252 2079 284 2098 er
296 2066 332 2098 ad
344 2064 426 2099 hunc
438 2064 585 2098 arbitrum
593 2065 776 2112 replicabat?
789 2067 842 2100 Tu
851 2091 860 2105 ,
875 2066 984 2113 inquit,

225 2113 326 2149 subdis
339 2126 396 2147 nos
411 2114 533 2147 duobus
546 2138 554 2150 ‚
568 2119 597 2149 &
607 2115 742 2162 geminas
756 2115 831 2150 sicut
843 2116 986 2163 intelligis

228 2164 387 2210 pravitates
397 2186 406 2201 ,
421 2162 586 2197 dividendo
603 2166 725 2198 damnas
739 2190 747 2205 ,
769 2164 926 2200 miscendo
939 2168 988 2210 ju-

225 2211 347 2251 stificas,
361 2210 472 2245 fallitte
484 2210 606 2258 prorsus
617 2214 728 2259 opinio
741 2226 802 2254 tua,
814 2216 852 2248 de
865 2215 987 2249 duobus

227 2263 315 2295 malis
329 2273 424 2294 unum
437 2259 505 2293 fieri
520 2261 639 2293 bonum
657 2274 721 2294 non
743 2263 844 2307 potest
859 2287 868 2299 ,
898 2274 988 2296 unam

227 2312 372 2347 virtutem
384 2309 447 2343 duo
457 2308 529 2342 vitia
541 2321 606 2342 non
619 2309 764 2355 gignunt,
779 2323 874 2343 unum
886 2323 990 2343 verum

229 2361 295 2395 duo
310 2357 378 2393 falsa
390 2370 454 2392 non
468 2355 583 2392 faciunt
597 2383 607 2398 ‚
632 2371 699 2405 quae
722 2358 804 2392 enirn
825 2360 906 2406 paria
924 2357 989 2392 sunt

230 2409 346 2444 merito
354 2420 418 2442 non
425 2407 768 2446 minuunturcoeundo,
782 2407 830 2442 sed
838 2407 989 2448 crescunt3

230 2460 296 2494 haec
309 2458 330 2492 si
344 2456 465 2505 possunt
477 2457 555 2491 intra
568 2470 658 2491 unam
668 2457 833 2491 Ecclesiam
848 2458 991 2504 praedica-

231 2511 275 2549 ri,
290 2519 322 2543 ut
336 2518 443 2541 neutra
456 2507 567 2554 opinio
581 2507 666 2540 alteri
680 2507 784 2546 cedat,
799 2505 847 2541 sed
861 2508 990 2542 invicem

232 2559 288 2593 fibi
303 2558 445 2605 utrinque
460 2554 652 2596 succumbat,
672 2556 774 2603 potest
787 2555 854 2591 fieri
868 2568 900 2591 ut
913 2557 989 2590 reci-

231 2609 351 2656 piamus
364 2606 450 2654 quod
464 2608 625 2655 ‘Pelagiani
642 2617 763 2646 tenent,
784 2610 816 2640 &
829 2608 992 2655 ‘Pelagiam'

233 2658 382 2704 recipiant
395 2656 482 2703 quod
495 2669 553 2689 nos
565 2667 705 2690 tenemus
722 2670 731 2696 3
757 2654 805 2690 sed
818 2655 881 2690 hoc
892 2656 992 2690 modo

234 2719 300 2742 non
311 2718 372 2741 tam
383 2705 603 2745 illiCatholici,
612 2705 705 2752 quarn
718 2718 788 2746 nos,
801 2705 888 2752 quod
901 2705 990 2746 absit,

235 2757 348 2792 erimus
360 2756 527 2803 PelagMni,
541 2755 769 2788 contrariorum
782 2756 864 2789 enim
879 2756 991 2802 permi-

235 2806 319 2845 xtio,
334 2805 499 2839 meliorum
513 2802 652 2838 defectio
665 2803 721 2843 est,
734 2805 805 2852 quia
817 2817 888 2838 cum
901 2806 992 2839 virtus

237 2856 345 2891 vitium
358 2855 483 2901 recipit,
497 2865 562 2887 non
575 2853 590 2887 a
603 2853 680 2888 vitio
694 2852 886 2888 sedavirtu'te
899 2853 993 2888 disce-

237 2906 329 2940 ditur:
341 2904 426 2938 nullo
440 2904 534 2951 igitur
543 2902 642 2937 modo
650 2901 822 2937 Christiana
831 2903 924 2937 corda
936 2902 994 2938 sus-

237 2955 353 3002 cipiunt
365 2953 451 3000 quod
464 2950 641 2998 persuadere
656 2963 782 2987 conatus
795 2966 834 2987 es.

284 3004 393 3049 Nuper
407 3002 438 3035 in
456 3002 590 3036 Ecclefifi
605 3002 749 3043 Romana&
764 3003 865 3036 Ariba
883 3000 991 3048 Hispa-

236 3064 291 3085 nus
305 3049 473 3098 Episcopus
489 3053 643 3085 Minorita
655 3051 847 3092 Monachus,
862 3066 897 3086 ex
909 3064 994 3085 reve-
1010 3051 1012 3096 ξ

238 3102 352 3134 latione
367 3104 399 3135 &
414 3100 536 3134 monitu
550 3125 560 3140 ‚
586 3111 619 3134 ut
637 3100 819 3135 asseverabat
833 3126 842 3141 ,
867 3102 992 3148 virginis

238 3151 397 3191 Mariae,
411 3149 608 3185 reconciliare
617 3149 744 3197 Jesuitas
758 3164 829 3185 cum
844 3150 993 3185 Domini-

1710 77 1768 114 ¹45

1004 133 1084 167 canis
1097 133 1268 170 diffidentes
1276 137 1355 172 inter
1363 135 1389 171 sc
1398 138 1428 171 in
1435 137 1580 172 omnibus
1592 135 1671 172 hisce
1679 150 1763 185 quae-

1007 180 1157 218 stionibus
1169 183 1388 231 profitebatur,
1416 199 1524 234 magna
1538 186 1680 232 mysteria
1693 199 1762 234 quat

1006 229 1127 267 homini
1140 234 1254 268 caelitus
1263 234 1471 269 revelabantur
1477 236 1514 270 ad
1521 237 1762 284 extinguendum

1006 282 1091 325 quod
1099 294 1164 316 tum
1172 281 1328 317 flammare
1335 284 1501 330 incipiebat
1513 286 1686 320 incendium
1697 310 1705 322 ‚
1714 287 1762 319 ni-

1005 327 1047 362 hil
1059 331 1137 365 aliud
1144 332 1547 380 erantquzimcommentum
1562 335 1701 379 cuffiam,
1715 335 1764 368 ni-

1006 378 1118 412 mirum
1132 390 1292 428 utramque
1305 393 1423 428 partem
1437 383 1550 416 docere
1564 397 1669 418 verum
1683 408 1693 423 ‚
1713 383 1762 418 sed

1006 428 1038 461 in
1049 427 1112 462 hoc
1128 438 1290 476 utramque
1304 444 1402 466 errare
1415 432 1502 478 quod
1515 433 1613 467 noluit
1631 431 1762 467 adversa-

1007 478 1124 512 riorum
1138 475 1314 512 sententiam
1333 492 1403 513 cum
1422 480 1470 514 sua
1481 483 1608 529 jungere
1623 483 1659 515 ad
1673 495 1762 516 com-

1007 527 1184 574 ponendam
1208 531 1240 562 &
1263 529 1481 576 complendam
1502 535 1604 565 unam'
1613 532 1762 578 integram

1008 578 1177 613 veritatem,
1187 577 1256 611 licet
1264 577 1383 625 singulae
1392 577 1542 612 sententia:
1551 578 1617 614 solae
1625 579 1680 614 sibi
1687 593 1764 614 con-

1007 626 1189 661 tradicerent
1196 631 1227 661 &
1235 625 1328 661 essent
1339 629 1401 661 veri
1410 639 1541 662 errores,
1559 630 1614 663 Vir
1621 628 1671 663 hic
1679 629 1766 676 post-

1010 689 1100 723 quam
1109 676 1200 711 diu&
1212 673 1278 710 fuse
1286 677 1403 711 auditus
1415 675 1459 711 est
1472 675 1552 711 suam
1566 688 1701 712 mentem
1715 691 1768 712 ex-

1011 738 1141 774 ponere,
1157 726 1437 774 incongregatione
1444 726 1689 761 doffiffimorum
1697 729 1769 761 Ro-

1012 788 1068 809 mae
1081 775 1291 809 Cardinalium
1301 789 1393 823 quam
1404 777 1531 810 Clemens
1542 778 1678 810 Oc'savus
1692 789 1768 810 con-

1012 825 1140 864 vocavit,
1150 828 1180 859 ἃ
1193 837 1247 871 per
1259 835 1360 859 totum
1371 826 1615 873 quinquennium
1629 826 1769 874 quotidie

1014 873 1085 908 fecit
1099 874 1265 908 convenire
1279 875 1316 908 ad
1335 874 1403 908 istas
1416 875 1635 910 controversias
1649 873 1769 923 sopien-

1014 924 1065 958 das
1073 947 1083 962 ‚
1096 923 1219 957 tandem
1227 922 1360 957 dimissus
1369 924 1411 958 est
1420 935 1452 958 ut
1464 923 1611 959 insaniens
1628 924 1749 959 senecio
1758 937 1768 965 3

1016 985 1086 1006 nam
1099 973 1281 1007 invenerunt
1294 973 1340 1006 isti
1357 974 1532 1009 Cardinales
1546 987 1611 1009 non
1626 974 1768 1008 obstante

1017 1019 1103 1069 spisso
1123 1022 1222 1056 Aribae
1241 1022 1352 1069 scripto
1366 1024 1396 1056 in
1410 1024 1595 1058 contrarium
1609 1023 1768 1057 sententias

997 1111 998 1118 ἵ
1015 1072 1144 1118 partium
1151 1071 1220 1108 vere
1227 1073 1481 1107 contradietorias
1490 1077 1520 1108 &
1531 1073 1771 1107 irreconciliabi-

1017 1123 1059 1155 les
1067 1146 1076 1160 ,
1093 1122 1132 1156 ita
1145 1133 1177 1156 ut
1187 1123 1278 1157 altera
1285 1122 1449 1156 necessario
1460 1123 1691 1157 condemnanda
1699 1119 1771 1156 esset

1016 1183 1127 1206 erroris
1135 1198 1142 1206 .

1065 1221 1193 1255 Tertius
1207 1222 1259 1269 qui
1271 1221 1336 1256 haec
1349 1223 1461 1269 premit
1472 1222 1596 1271 vestigia
1609 1221 1653 1256 est
1661 1224 1772 1269 Gerar-

1017 1268 1070 1302 ΑΗΔ
1085 1270 1189 1314 Voffius
1202 1272 1233 1305 in
1245 1272 1300 1306 hac
1314 1285 1403 1318 quam
1417 1283 1450 1306 tu
1462 1271 1637 1319 exscripsisti
1650 1267 1746 1305 Thesi
1761 1283 1770 1310 3
1786 1273 1826 1298 11³³
1842 1270 1911 1307 raffii.

1018 1332 1084 1371 quae
1104 1333 1178 1354 meo
1192 1322 1316 1367 quidem
1330 1322 1447 1366 judicio
1465 1332 1530 1355 tam
1550 1320 1644 1368 longe
1658 1320 1741 1354 abest
1755 1320 1772 1354 a

1016 1369 1164 1404 soliditate
1179 1374 1209 1404 &
1219 1383 1303 1410 vero,
1313 1384 1405 1417 quam
1418 1371 1475 1405 ulla
1488 1372 1580 1405 aliain
1588 1372 1654 1405 tota
1663 1369 1717 1404 ista
1724 1369 1774 1403 hi-

1016 1418 1118 1455 storia'i.
1142 1420 1276 1454 Intendit
1289 1418 1442 1467 utriusque
1451 1421 1541 1466 partis
1554 1419 1732 1463 sententia-m
1742 1419 1773 1452 in

1017 1482 1081 1503 uno
1094 1467 1274 1517 syllogismo
1287 1482 1482 1518 proponere,
1505 1468 1554 1502 sed
1567 1470 1697 1516 partium
1712 1469 1775 1515 pla-

1016 1519 1074 1552 cita
1104 1520 1210 1553 recitat
1234 1532 1428 1566 nequaquam
1454 1518 1618 1553 secundum
1643 1516 1774 1564 ipsarum

1017 1579 1170 1609 mente1n;
1184 1566 1295 1615 scopus
1307 1571 1371 1613 ejus
1385 1569 1428 1602 est
1440 1569 1559 1603 tertiam
1573 1582 1608 1603 ex
1618 1568 1734 1602 duabus
1742 1580 1776 1601 e-

1017 1619 1108 1653 licere
1131 1631 1198 1666 quae
1216 1619 1288 1653 vitat
1307 1619 1412 1652 omnia
1431 1619 1635 1652 incommoda
1653 1630 1720 1664 quae
1739 1630 1775 1650 u-

1017 1681 1158 1715 tramque
1182 1668 1317 1715 priorem
1336 1667 1519 1716 gravabant,
1546 1666 1595 1703 sed
1615 1678 1775 1712 tantopere

1017 1719 1067 1753 hic
1082 1717 1185 1762 Vvffuu
1197 1716 1325 1758 fallitur,
1339 1729 1372 1752 ut
1385 1719 1416 1751 in
1429 1715 1510 1752 suam
1522 1719 1642 1753 tertiam
1649 1716 1777 1751 attrahat

1019 1769 1124 1804 omnia
1133 1768 1181 1802 illa
1193 1765 1317 1801 absurda
1326 1780 1392 1815 quae
1402 1767 1560 1815 apartibus
1569 1768 1711 1816 utrinque
1718 1764 1776 1800 suis

1019 1815 1189 1854 adversariis
1207 1815 1304 1852 solent
1322 1817 1419 1863 objici
1443 1830 1514 1852 cum
1537 1830 1651 1867 magno
1675 1818 1776 1852 incre-

1020 1879 1136 1904 mento.

1068 1916 1243 1967 Syllogismi
1261 1920 1360 1963 major
1373 1917 1417 1952 est
1430 1917 1629 1966 hypothetica
1642 1919 1705 1962 ejus
1716 1917 1777 1952 ele-

1023 1969 1107 2004 ctio,
1126 1981 1193 2015 quae
1210 1967 1261 2002 etsi
1277 1980 1341 2002 non
1356 1967 1390 2002 sit
1403 1969 1490 2014 plena
1503 1971 1776 2002 virminianorum

1024 2017 1184 2054 sententia,
1205 2027 1307 2051 tamen
1320 2028 1436 2052 tantum
1451 2030 1487 2051 ex
1501 2018 1536 2051 ea
1548 2016 1641 2051 habet
1652 2041 1662 2056 ‚
1688 2015 1776 2064 quod

1023 2065 1188 2102 necessario
1207 2064 1307 2101 secum
1323 2066 1414 2101 trahit
1432 2067 1537 2100 omnia
1559 2065 1777 2101 incommoda,

1023 2131 1090 2166 quae
1104 2128 1162 2150 nos
1176 2129 1212 2150 ex
1224 2116 1371 2150 omnibus
1386 2128 1495 2150 eorum
1505 2118 1642 2162 quinque
1656 2115 1780 2148 Articu-

1025 2169 1060 2202 lis
1072 2167 1261 2201 deducimus,
1281 2167 1401 2205 Minor,
1415 2178 1480 2212 quae
1492 2165 1544 2212 ipsi
1553 2165 1596 2199 est
1604 2166 1716 2198 eleffio
1724 2165 1780 2198 ab-

1027 2216 1121 2251 soluta
1131 2240 1140 2256 ‚
1154 2214 1208 2249 etsi
1216 2213 1351 2249 nostram
1359 2213 1536 2249 sententiam
1547 2214 1783 2261 nonreffiffipro-

1027 2275 1138 2311 ponat,
1151 2263 1249 2296 habet
1260 2275 1364 2298 tamen
1376 2274 1493 2297 tantum
1502 2276 1541 2298 ex
1551 2263 1656 2298 nostra
1668 2262 1787 2298 senten-

1027 2315 1069 2347 tia
1077 2313 1163 2358 quod
1171 2313 1363 2348 Arminianis
1371 2313 1458 2344 latam
1467 2313 1572 2357 pandit
1583 2322 1704 2358 portam
1712 2324 1788 2359 pro-

1029 2360 1163 2394 ducendi
1177 2372 1286 2392 omnes
1306 2360 1504 2403 objetffiones
1523 2373 1596 2406 quas
1611 2359 1718 2394 afferre
1737 2358 1786 2394 so-

1029 2410 1091 2443 lent
1105 2409 1137 2442 in
1152 2408 1211 2455 una'i
1223 2419 1272 2442 aut
1285 2408 1432 2442 omnibus
1455 2406 1512 2442 suis
1530 2406 1691 2443 nobiscum
1710 2422 1788 2444 con-

1030 2456 1195 2494 troversiis.

1077 2506 1248 2543 Conclusio
1261 2509 1293 2541 &
1313 2505 1473 2554 syllogismi
1492 2505 1591 2541 forma
1605 2520 1671 2555 quae
1686 2505 1750 2541 sunt
1762 2508 1790 2541 i-

1029 2557 1108 2605 psius
1120 2556 1235 2595 vomi,
1250 2568 1357 2602 praeter
1368 2558 1473 2590 omnia
1486 2556 1569 2604 supra
1585 2556 1681 2596 dieia,
1695 2558 1790 2591 multa

1031 2608 1084 2640 alia
1100 2619 1181 2640 nova
1194 2604 1318 2640 absurda
1337 2607 1510 2652 producunt
1524 2630 1533 2645 ,
1561 2605 1702 2653 opposita
1721 2618 1788 2640 non

1030 2655 1149 2691 tantum
1162 2656 1283 2702 utrique
1297 2657 1372 2702 parti
1387 2655 1589 2689 diffidentium
1601 2681 1609 2693 ,
1635 2654 1683 2688 sed
1697 2654 1787 2702 ipsius

1031 2706 1111 2748 Waffli
1124 2706 1155 2739 in
1169 2706 1282 2739 eodem
1296 2706 1369 2738 loco
1382 2706 1543 2739 doetrinae.
1569 2704 1624 2738 Ista
1638 2705 1742 2738 omnia
1749 2718 1788 2738 o-

1031 2755 1170 2789 stendere
1182 2767 1232 2788 me
1245 2753 1330 2801 posse
1343 2753 1470 2788 confido
1484 2779 1493 2793 ,
1519 2753 1539 2787 fi
1553 2755 1698 2800 proximo
1710 2767 1786 2787 con-

1031 2803 1127 2852 gressu
1143 2804 1281 2838 laborem
1297 2803 1387 2837 istum
1404 2803 1419 2837 a
1433 2816 1483 2836 me
1495 2804 1628 2850 requiras
1639 2828 1648 2842 ‚
1663 2805 1783 2849 imprae-

1030 2855 1191 2888 sentiarum
1204 2852 1322 2887 tantum
1336 2852 1536 2886 considerabo
1548 2852 1675 2899 quaetibi
1689 2850 1784 2886 visum

1031 2903 1074 2938 est
1081 2915 1242 2950 excerpere
1250 2906 1325 2937 cho
1347 2917 1368 2935 n
1376 2901 1470 2936 Thesi
1478 2902 1558 2936 dieta
1565 2899 1687 2949 ejusque
1696 2914 1782 2935 com-

1031 2964 1194 2988 mentatio.

1080 3005 1184 3036 Vocas
1191 3001 1306 3048 dogma
1316 3001 1527 3035 Arminianum
1536 2998 1711 3034 sententiam
1719 3002 1781 3035 Ca-
1796 3007 1939 3040 Qoponentis

1031 3051 1194 3089 tholicam,
1214 3049 1348 3083 nostram
1362 3049 1437 3083 vero
1451 3048 1626 3083 sententiam
1638 3049 1780 3098 Augnjh'-
1794 3048 1944 3109 Z‘lfqucff·

1680 3101 1685 3105 -
1837 3102 1842 3107 ,
1862 3095 1896 3109 ,ΑΙ
1918 3096 1944 3110 0·-

1794 3124 1944 3160 mmumpef.

1788 3161 1863 3198 sima.

1030 3103 1078 3139 ni;
1098 3110 1246 3147 quantum
1265 3099 1329 3132 haec
1347 3097 1562 3134 discriminatio
1576 3101 1686 3134 rationi
1703 3111 1779 3132 con-

1030 3151 1118 3183 traria
1128 3148 1162 3183 sit
1174 3148 1320 3183 haetenus
1333 3147 1463 3182 dietum.

1376 3198 1421 3230 Tc
1660 3199 1789 3231 Senten-
