2048 3343
284 144 342 178 ¹16
620 129 1032 167 DIATRIBA

130 219 252 259 'composi-
336 209 450 240 Iterum
460 212 570 249 arguo,
594 199 702 232 Omne
716 193 886 239 subjeetum
901 189 1041 225 acciden-

131 272 188 290 tum
204 261 281 298 estpo-
292 257 371 290 tium
385 252 428 287 est
441 252 514 298 quid
526 246 750 295 compositum:
765 243 862 290 Atqui
877 243 968 276 Deus
980 251 1044 273 non

127 303 219 338 sterius
236 300 284 337 fist5
296 304 338 339 est
354 299 560 348 compositus;
587 309 655 331 nam
670 306 764 329 omne
780 290 989 338 compositum
1002 287 1045 323 est

135 348 284 412 {⁰22{⁰Z⁷¹Tn
296 354 400 388 natura
419 349 572 397 posterius
584 346 641 381 suis
654 342 940 390 componentibus;
960 352 1046 374 com-

136 392 166 448 ,ᾗ
175 390 285 456 affingi,
297 402 443 450 ponentia
457 397 521 432 sunt
532 399 637 431 natura
652 396 754 442 priora
765 397 795 427 ὅ(
809 391 993 438 simpliciora
1007 401 1045 423 eo

138 460 164 487 le.
296 451 384 499 quod
410 447 516 495 exipsis
539 445 756 492 componitur.
797 438 1018 488 Coinpositum
1038 460 1046 473 2

298 512 331 534 ut
347 513 382 534 ex
400 496 661 545 componentibus
675 492 710 527 fit
727 517 736 532 ‚
762 492 801 524 ita
815 491 846 524 in
861 502 896 523 ea
908 488 952 522 est
966 485 1047 521 reso-

299 550 391 584 lubile
409 563 416 583 :
441 547 537 593 Atqui
550 545 625 579 nihil
641 543 684 577 est
698 542 804 575 natura
816 541 900 586 prius
913 548 964 569 aut
978 535 1047 569 sim-

298 600 406 646 plicius
420 599 507 632 Deo.
521 595 608 630 Deus
621 594 651 626 in
663 588 845 636 niliilpotest
856 584 974 620 resolvi.
989 585 1045 618 Er-

299 662 341 696 go
357 660 413 681 nec
427 659 466 680 ex
481 645 626 692 quopiam
640 639 799 685 componi.

140 721 264 756 torst⁵ana
347 697 455 731 Tertia
469 695 556 728 ratio.
594 695 628 725 ln
643 689 729 723 omni
749 685 888 730 subjeeto
908 683 1046 717 acciden-

138 742 272 797 compiafitm
297 749 373 782 tium
387 746 430 780 est
443 742 607 779 crassissima
614 736 822 783 compositi03
837 747 905 768 nam
914 745 1049 779 compo-

138 798 282 837 estcraffiffi-
298 797 420 831 sitiones
435 807 469 828 ex
483 794 593 839 genere
607 793 637 823 ὃ(
653 785 840 822 differentia,
857 797 892 817 ex
900 781 957 816 esse
968 787 995 816 δι
1007 780 1047 814 es-

138 852 187 869 ”m-
300 845 410 883 sentia,
430 856 465 876 ex
480 842 584 874 natura
598 842 628 872 δέ
643 834 812 883 supposito,
835 834 972 866 minores
989 829 1052 864 sunt

301 894 393 942 quain
411 905 446 925 ex
462 888 602 934 subjefto
615 891 645 922 ὅ(
659 885 815 919 accidente
829 896 836 916 :
865 882 935 928 quia
955 881 1003 914 illa
1015 893 1051 913 o-

304 944 386 978 mnia
401 940 467 975 sunt
479 939 575 986 inagis
591 938 669 970 inter
682 933 708 967 se
724 944 837 971 unum,
858 930 923 964 sunt
940 931 970 964 in
989 942 1053 963 uno

303 992 541 1040 praedicameiito
554 1012 563 1027 ,
588 982 759 1020 coalescunt
771 983 801 1015 in
814 994 905 1014 unam
918 991 1054 1013 naturam

304 1040 526 1077 substantialem
536 1062 544 1076 ,
557 1037 643 1083 quod
656 1035 687 1067 in
704 1031 845 1075 subjeeto
856 1034 885 1065 &
900 1029 1054 1063 accidente

303 1104 369 1126 non
383 1089 435 1129 fit,
453 1101 508 1122 nec
521 1086 589 1120 fieri
603 1081 720 1131 potest:
743 1081 840 1128 Atqui
852 1081 882 1113 in
897 1081 973 1112 Deo
988 1078 1055 1111 nul-

304 1142 349 1175 lus
363 1139 407 1173 est
421 1135 655 1183 compositionis
669 1133 792 1180 gradus,
819 1134 889 1177 quia
909 1128 952 1163 est
971 1128 1056 1161 aetus

303 1188 532 1235 simplicissimus
544 1210 552 1223 ‚
568 1187 632 1228 ejus
647 1181 836 1228 simplicitas,
857 1189 889 1211 ut
904 1189 1009 1211 caetera
1019 1190 1055 1210 o-

304 1240 386 1273 mnia
400 1240 463 1281 ejus
477 1235 635 1272 attributa,
654 1228 822 1265 estius-‘inita
835 1232 865 1262 &
880 1225 1055 1273 perfectissi-

303 1301 368 1327 ina3
386 1286 405 1319 fi
421 1286 566 1319 minimus
579 1279 814 1326 compositionis
826 1277 933 1324 gradus
942 1277 972 1308 in
982 1277 1058 1308 Deo

303 1337 503 1383 reperiretur,
523 1329 701 1366 tantundem
717 1326 833 1360 detrahi
847 1335 1007 1372 oporteret
1020 1323 1057 1356 ab

304 1383 450 1432 opposita
473 1376 662 1429 simplicitate
677 1391 685 1417 ;
713 1388 782 1409 nam
804 1374 842 1408 ab
869 1373 1058 1407 admixtione

306 1434 466 1470 contrarii,
482 1430 623 1478 provenit
637 1428 758 1461 alterius
770 1424 915 1458 contrarii
931 1424 1057 1470 gradua-

305 1486 341 1518 lis
361 1482 550 1520 diminuti03
579 1483 610 1513 &
630 1476 707 1510 vero
729 1475 827 1508 divina
845 1472 1034 1519 compofitio
1047 1497 1055 1510 ,

304 1545 397 1579 quam
411 1542 499 1578 urget
509 1529 656 1565 Wrffius,
674 1537 739 1558 non
752 1523 795 1556 est
810 1535 978 1570 paucorum
993 1534 1054 1569 gra-

305 1583 398 1616 duum
415 1595 423 1620 ;
444 1577 631 1626 compositio
645 1575 736 1608 estex
750 1573 852 1605 multis
866 1572 1056 1618 myriadibus

304 1630 507 1665 accidentium
521 1653 530 1667 ‚
560 1639 626 1673 quae
645 1624 750 1657 omnia
763 1620 953 1655 essentialiter
967 1619 1052 1655 diffe-

303 1692 388 1715 runt,
403 1684 433 1714 δέ
443 1679 456 1712 ἐ
466 1676 492 1711 se
504 1677 633 1710 invicem
642 1699 651 1713 ‚
668 1670 885 1716 &asubjcftm
898 1669 1056 1714 hujusmo-

304 1731 335 1765 di
348 1731 477 1764 mixtura
489 1727 621 1761 divinam
634 1734 770 1757 nat-uram
784 1721 800 1754 ὲ
813 1719 971 1755 celfiffimo
986 1719 1054 1754 sim-

304 1780 445 1827 plicitatis
460 1777 593 1811 culmine
605 1799 614 1815 ,
642 1775 674 1807 in
689 1784 754 1820 quo
768 1771 805 1804 ab
822 1781 937 1804 aeterno
952 1769 1055 1809 stetit,
1079 1798 1081 1801 ,

304 1827 471 1864 necessario
479 1827 621 1870 dejiceret
630 1824 660 1857 in
668 1820 842 1857 crassissimae
852 1819 1055 1867 compositio-

304 1880 350 1913 nis
363 1876 626 1924 profundiffimum
639 1871 826 1907 barathrum.

144 1942 293 1971 Accidentia
353 1925 567 1971 Qartaratio.
594 1922 772 1957 Accidentia
787 1933 853 1968 quae
867 1916 1055 1953 dicuntures-

144 1991 233 2010 aterna
245 1992 292 2009 non
305 1977 333 2012 se
347 1978 378 2011 in
390 1979 482 2014 Deo,
497 1975 543 2009 vel
556 1972 620 2007 sunt
634 1974 741 2010 Deus,
755 1971 801 2004 vel
813 1981 954 2003 creaturae
964 1993 972 2008 ,
988 1981 1057 2002 nam

140 2023 201 2059 sum
220 2033 292 2050 ΠΜ·
306 2029 385 2062 inter
397 2037 568 2061 creatorem
581 2028 611 2059 δι
626 2032 793 2056 creaturam
806 2020 923 2053 nullum
938 2018 981 2052 est
992 2031 1056 2052 me-

145 2070 209 2089 tun.
306 2079 400 2112 dium.
414 2077 490 2110 Non
504 2070 703 2111 creaturae,sic
714 2071 796 2104 enim
810 2070 841 2102 in
853 2068 977 2102 infinito
990 2067 1059 2102 sub-

306 2128 392 2171 jecto
406 2126 490 2159 finita
507 2133 696 2170 ponerentur
707 2119 892 2158 accidentia,
915 2118 1001 2166 quod
1015 2115 1057 2152 es—

308 2176 349 2209 set
368 2173 483 2208 summe
508 2174 725 2219 incongruum.
764 2169 931 2204 Praeterea,
958 2168 1060 2201 omnis

307 2221 491 2257 creaturatst
500 2221 699 2266 temporaria,
714 2219 794 2251 nulla
802 2217 844 2250 est
852 2229 977 2257 aeterna3
989 2229 1061 2251 nam

308 2273 347 2306 sic
363 2270 503 2306 existeret
521 2281 588 2302 ante
603 2269 790 2302 creationem
803 2288 811 2303 ,
834 2267 975 2309 adeoque
993 2276 1061 2296 ante

307 2321 389 2356 suam
404 2318 606 2354 existentiam.
633 2316 730 2361 Atqui
744 2314 901 2359 pleraque,
917 2311 936 2344 si
951 2324 1060 2344 nono-

307 2371 391 2405 mnia
403 2367 567 2402 accidentia
585 2364 764 2410 (dequibus
772 2360 822 2394 h‘i'c
837 2360 980 2404 Vorfh'us)
996 2359 1061 2393 sunt

308 2431 433 2457 aeterna,
454 2417 574 2450 decreta
587 2414 698 2448 scilicet
711 2422 780 2445 ante
792 2410 898 2444 mundi
910 2408 1060 2444 constitu-

307 2470 438 2503 tionem.

360 2517 477 2566 Qinta
495 2514 583 2549 ratio.
611 2510 685 2545 lllud
702 2511 732 2544 in
752 2510 828 2544 Deo
840 2520 905 2542 non
918 2507 961 2542 est
976 2508 1061 2556 quod

309 2567 400 2613 ipsam
425 2568 489 2609 ejus
513 2562 665 2598 essentiam
690 2560 876 2607 quotidianae
897 2559 1061 2592 mutationi

310 2616 484 2660 subjiceret:
502 2612 597 2660 Atqui
613 2606 878 2656 accidentiaipsam
890 2609 954 2642 Dei
967 2606 1060 2642 effen-

310 2668 384 2700 tiam
397 2664 582 2711 quotidianae
597 2659 760 2693 mutationi
780 2658 971 2702 subjicerent.
996 2658 1060 2691 Mi-

310 2728 368 2750 tior
380 2714 417 2748 sic
431 2723 523 2760 patet.
543 2710 720 2744 Accidcntia
733 2707 805 2740 illud
819 2706 981 2751 subjiciunt
993 2720 1061 2740 mu-

312 2764 522 2810 tationi‚quod
535 2760 577 2794 est
587 2757 756 2803 subjeetum
768 2754 902 2803 ipsorum
912 2756 1060 2790 inhaeren-

313 2815 376 2847 tiae:
396 2825 464 2846 nam
477 2809 643 2844 accidentia
659 2820 723 2840 non
737 2807 914 2846 alterantur,
929 2804 977 2840 sed
991 2805 1064 2840 sub-

313 2864 429 2907 jectum
444 2861 491 2895 ciii
506 2860 651 2893 inhaerent
664 2881 672 2894 ‚
692 2869 746 2903 per
763 2853 897 2903 ipsorum
915 2855 1061 2890 accessum

313 2917 345 2946 &
358 2910 501 2945 recessum
516 2910 665 2942 alteratur.
698 2906 796 2954 Qod
810 2916 910 2938 autem
924 2904 982 2951 ipsa
995 2906 1062 2939 Dei

314 2960 434 2994 essentia
442 2955 884 2993 Vorstianorumaccidentium
892 2952 1062 2999 subjeffimm

315 3010 365 3049 sit,
386 3009 428 3042 est
441 3020 520 3042 extra
533 3004 789 3044 controversiain;
809 3016 878 3037 nam
892 3003 963 3037 dato
977 3004 1062 3051 quod

315 3071 408 3091 unum
422 3057 558 3091 accidens
568 3056 649 3089 alteri
658 3066 689 3088 ut
698 3054 837 3098 subjecto
845 3054 1062 3100 aliquandoin-

315 3107 440 3144 haereat,
457 3103 655 3138 nihilominus
669 3102 777 3138 fatetur
791 3102 914 3147 Vorstius
931 3104 995 3137 Dei
1008 3115 1063 3136 vo-

315 3157 477 3192 luntatem,
491 3155 520 3186 in
534 3154 591 3199 qufi
601 3155 721 3188 decreta
729 3153 878 3193 collocat,
892 3152 949 3187 esse
962 3151 1063 3201 ipsissi-

315 3218 396 3239 mam
408 3203 473 3239 Dei
486 3201 650 3238 essentiam.

148 2525 291 2556 luherentt'a

149 2568 263 2593 acciden-

149 2616 215 2634 tium
231 2609 279 2633 Dei

150 2646 272 2683 essentiam

145 2687 239 2724 faceret
246 2696 299 2712 mu-

151 2726 260 2753 rabilem.

1115 119 1480 158 SecuNnA.

1124 185 1184 221 Sed
1208 195 1369 231 pergamus
1388 183 1425 217 ad
1443 180 1606 216 secundum
1630 179 1831 227 Opponentis
1851 194 1988 224 Secundum

1079 247 1185 271 contra
1200 234 1332 269 divinam
1350 231 1574 279 simplicitatem
1595 239 1806 276 argumentum
1818 252 1828 267 ,
1852 236 1987 271 Vorstiano-

1080 285 1166 333 quod
1184 284 1200 319 a
1225 282 1331 327 Vorftio
1353 282 1400 315 his
1422 280 1524 315 verbis
1550 289 1714 313 mutuatur.
1751 279 1833 311 Tres
1850 287 1908 304 rum
1916 281 1999 312 Argu-

1084 335 1150 370 sunt
1162 359 1171 374 ‚
1196 334 1318 380 inquit,
1342 332 1373 364 in
1387 331 1514 366 Deitate
1533 325 1669 376 personae
1685 327 1803 360 realiter
1818 326 1834 360 a
1850 324 1971 344 mentum.

1084 386 1219 420 Deitate,
1232 388 1262 418 &
1276 383 1291 416 a
1304 380 1332 415 se
1345 381 1479 414 invicem
1494 376 1834 423 distin&ae‚paternitas‚

1082 435 1189 467 filiatio
1197 456 1206 471 ‚
1223 430 1344 478 spiratio
1357 428 1466 463 suntin
1476 430 1619 468 Deitate3
1632 427 1789 475 generatio
1802 437 1834 457 a-

1082 484 1161 516 <stiva
1172 485 1201 515 &
1210 479 1361 526 processio
1374 477 1440 512 sunt
1453 479 1591 512 affitiones
1601 482 1630 512 &
1642 475 1789 523 passiones
1802 474 1835 507 in

1086 529 1185 565 divina
1197 531 1319 568 natura,
1333 538 1512 561 nontamen
1526 525 1591 561 sunt
1605 527 1702 561 divina
1716 525 1820 558 natura
1829 546 1838 559 ›

1084 582 1171 628 Ergo
1182 577 1246 613 sunt
1259 579 1358 625 aliqua
1372 577 1403 610 in
1413 578 1488 611 Deo
1502 588 1568 624 quae
1581 589 1645 610 non
1658 573 1723 608 sunt
1735 574 1839 607 divina

1082 641 1195 664 natura.
1215 627 1310 662 Addit
1325 638 1487 673 opponens
1501 626 1654 665 λψρωεχὲοιν
1667 623 1767 657 solum
1780 622 1839 656 effe

1084 691 1194 727 negare
1202 678 1233 711 iri
1242 677 1365 711 Deitate
1374 687 1433 709 tres
1446 674 1713 709 essentiasNerum
1721 671 1765 707 est
1774 673 1839 716 (iri-

1084 730 1171 776 quit)
1190 740 1256 760 non
1266 726 1324 761 effe
1337 736 1397 760 tres
1415 724 1531 758 div-inas
1541 722 1676 757 essentias
1684 748 1694 763 ,
1707 722 1727 756 si
1743 721 1839 756 essen-

1084 780 1158 813 tiam
1171 775 1266 810 sumas
1284 788 1342 823 pro
1357 774 1461 808 natura
1478 772 1677 808 substantiali,
1702 770 1751 806 sed
1765 784 1842 805 con-

1086 826 1256 861 cedendum
1269 824 1313 858 est
1326 835 1385 858 tres
1393 822 1452 857 esse
1468 824 1499 857 in
1513 823 1638 857 Deitate
1651 820 1786 856 essentias
1795 845 1805 860 ,
1819 819 1841 853 si
1888 822 1890 824 ’

1086 888 1196 911 vocem
1209 873 1337 908 essentiae
1351 871 1445 906 sumas
1453 885 1510 918 pro
1517 871 1585 906 vera
1592 872 1733 907 entitatm
1748 875 1779 905 &
1787 882 1841 904 cur

1088 938 1152 960 non
1167 922 1284 972 potest,
1302 922 1369 956 imo
1378 934 1501 955 curnon
1510 920 1648 955 debetsic
1662 920 1757 954 sumi?
1771 932 1843 954 nam

1091 987 1122 1009 ut
1134 987 1198 1008 non
1209 974 1297 1009 datur
1310 984 1357 1006 res
1376 970 1437 1005 line
1451 971 1600 1006 realitate,
1617 970 1658 1004 ita
1672 982 1773 1019 neque
1787 981 1842 1004 ens

1091 1025 1150 1058 sine
1164 1022 1293 1057 essentia.

1137 1071 1229 1119 Resp.
1256 1070 1350 1106 Primi
1363 1068 1679 1116 argumentimateria,
1696 1067 1780 1101 aolus
1788 1065 1842 1101 sci-
1858 1068 2010 1102 Argumenn·

1091 1123 1161 1157 licet
1177 1123 1285 1156 divinae
1299 1118 1427 1154 effentiae
1442 1119 1570 1157 interni,
1585 1117 1619 1152 eii
1633 1115 1690 1151 fuit
1707 1115 1842 1151 sublimi·
1861 1108 1971 1152 materie

1091 1184 1168 1211 tate,
1196 1182 1227 1204 ut
1241 1170 1262 1203 si
1281 1167 1489 1204 conticescens
1508 1167 1584 1202 nihil
1603 1166 1819 1213 respondissem
1832 1186 1842 1206 ⁵
1858 1146 1974 1214 §ffum-

1091 1233 1215 1267 parvum
1226 1220 1287 1253 hoc
1300 1218 1436 1257 silentio,
1450 1218 1498 1252 vel
1510 1217 1602 1252 mihi,
1616 1215 1762 1250 velcausae
1770 1228 1844 1263 prae-
1885 1207 1908 1214 γ’

1091 1272 1236 1314 judicium
1245 1265 1545 1302 access'urumfuiffet.
1573 1265 1844 1300 Re6ffiinhocca-

1092 1317 1121 1353 su
1135 1319 1270 1364 rejicitur
1283 1316 1452 1353 Conclusio
1465 1340 1475 1356 ,
1494 1317 1565 1350 licet
1581 1315 1657 1349 nihil
1670 1317 1707 1349 ad
1720 1327 1844 1349 manum

1093 1368 1126 1402 sit
1141 1368 1226 1417 quod
1242 1365 1383 1401 distincte
1399 1376 1575 1412 opponatur
1594 1365 1766 1411 praemislis:
1791 1377 1845 1398 ve—

1092 1417 1159 1452 rum
1175 1416 1294 1452 secundi
1307 1415 1470 1460 objcetum
1486 1414 1530 1448 est
1544 1417 1650 1449 natura
1663 1413 1764 1447 multo
1779 1427 1844 1448 ma-

1091 1470 1136 1515 gis
1149 1467 1286 1504 sublimi,
1301 1469 1331 1499 &
1345 1464 1496 1503 abstrus53
1517 1463 1554 1496 de
1567 1464 1632 1510 ipsa
1648 1463 1845 1496 constitutio*

1092 1531 1146 1556 rie,
1161 1521 1190 1550 &
1204 1515 1330 1549 internis
1343 1512 1582 1559 proprietatibus
1595 1511 1765 1550 divinarum
1779 1524 1846 1558 per-

1090 1566 1231 1600 sonarum
1239 1564 1391 1611 loquitur,
1407 1561 1461 1595 ista
1470 1560 1727 1608 imperceptibilia
1735 1561 1846 1608 magis,

1091 1621 1121 1650 &
1135 1626 1289 1661 conceptu
1308 1613 1400 1646 nobis
1419 1609 1593 1646 difficiliora
1607 1635 1616 1650 ,
1642 1623 1708 1644 non
1727 1611 1847 1645 tantum

1092 1666 1182 1713 quam
1190 1666 1244 1698 alia
1253 1664 1358 1697 omnia
1365 1673 1447 1696 extra
1453 1663 1561 1696 Deum
1568 1685 1578 1701 ,
1593 1657 1643 1695 sed
1655 1660 1746 1694 etiam
1755 1660 1848 1708 quain

1091 1714 1149 1763 ipsa
1164 1714 1284 1748 essentia
1298 1713 1406 1747 divina.

1140 1768 1327 1814 Qanquam
1337 1774 1413 1809 ergo
1431 1758 1694 1799 obmutescerem,
1711 1771 1779 1794 non
1793 1758 1845 1793 de-
1864 1763 2013 1793 Silenteshic

1093 1813 1185 1849 essent
1199 1814 1269 1848 huic
1287 1826 1361 1847 meo
1378 1811 1496 1846 silentio
1511 1835 1520 1851 ,
1546 1809 1731 1849 infirmitati,
1753 1811 1845 1857 igno-
1860 1814 1909 1850 Μ
1922 1804 1986 1849 ‘sum

1092 1866 1193 1899 rantiae
1203 1889 1211 1901 ,
1225 1862 1355 1911 insignes
1367 1862 1499 1910 patroni.
1511 1861 1667 1899 Hilarius,
1684 1859 1844 1893 cumidem
1859 1846 1924 1912 {⁰¹²3
1933 1864 1939 1874 ’
1948 1855 1992 1872 ⁷⁷²⁶

1092 1926 1199 1949 contra
1212 1912 1240 1948 se
1253 1923 1478 1961 argumentum,
1491 1909 1541 1944 sed
1555 1910 1614 1943 alio
1629 1908 1690 1943 fine
1702 1908 1740 1943 ab
1751 1907 1844 1942 haere-
1860 1892 1969 1962 ‘2252‘

1093 1965 1160 1998 ticis
1175 1962 1333 1998 afferretur
1345 1987 1354 2003 ‚
1375 1961 1413 1996 sic
1429 1959 1585 2008 respondit
1596 1958 1632 1993 de
1645 1959 1737 1992 Trin.
1750 1958 1802 1991 lib.
1819 1969 1843 1991 1.

1093 2037 1116 2053 ,‚
1142 2013 1320 2057 Immensum
1339 2012 1375 2055 ess
1392 2011 1470 2059 quod
1486 2012 1617 2058 exigitur
1630 2012 1667 2048 (ῤ’
1682 2011 1846 2056 incompre-

1094 2087 1115 2103 ‚,
1141 2064 1271 2108 henstbile
1279 2088 1288 2103 ,
1300 2073 1387 2096 extra
1398 2061 1624 2110 fignificantiam
1637 2058 1673 2103 esi
1680 2058 1823 2101 sermonis
1835 2079 1845 2091 2

1094 2136 1117 2153 ‚,
1143 2124 1231 2147 extra
1235 2112 1336 2157 sensus
1348 2111 1385 2157 est
1398 2113 1588 2145 intentionem
1596 2132 1603 2145 ‚
1617 2119 1674 2141 non
1683 2109 1848 2145 annuncia-

1095 2186 1118 2202 „
1143 2175 1212 2199 tur,
1225 2176 1281 2197 non
1288 2165 1464 2209 attingitur,
1479 2172 1534 2193 nor}
1542 2167 1672 2195 tenetur3
1686 2153 1847 2187 verborum

1095 2235 1117 2252 ‚‚
1134 2214 1365 2261 fignificantiam
1386 2213 1430 2243 rei
1446 2210 1530 2256 ipsim
1549 2216 1660 2239 natura
1681 2204 1825 2247 consumit
1837 2226 1847 2241 ‚

1093 2283 1117 2297 ‚‚
1136 2261 1236 2303 sensus
1260 2259 1529 2305 contemplationem
1557 2253 1785 2302 imperspicabile
1802 2253 1849 2284 lu-

1096 2329 1118 2345 „
1144 2321 1210 2340 meu
1218 2307 1352 2341 obcoecat,
1365 2307 1551 2352 intelligentie
1562 2312 1765 2350 capacitatem,
1773 2300 1852 2348 quod

1096 2377 1118 2393 ‚‚
1136 2358 1199 2402 fine
1213 2357 1288 2388 nullo
1305 2357 1486 2393 continetur,
1501 2351 1626 2386 excedit.
1651 2351 1771 2387 Mhi
1786 2363 1850 2398 ergo

1096 2427 1119 2443 ‚,
1143 2409 1174 2439 in
1179 2405 1264 2450 ftnfii
1276 2403 1352 2437 labes
1364 2403 1417 2448 est,
1430 2416 1462 2436 m
1474 2400 1661 2450 intelligentie}
1666 2400 1767 2450 stupor
1780 2401 1826 2433 efi‘
1835 2423 1844 2438 ‚

1095 2477 1117 2493 2,
1144 2459 1176 2488 in
1182 2455 1314 2499 sermone
1328 2452 1403 2487 vere
1414 2465 1469 2485 non
1476 2457 1547 2500 jum
1559 2452 1781 2496 infirmitatem,
1796 2448 1852 2493 [ἑά

1096 2527 1118 2543 η
1136 2507 1287 2551 silentium
1303 2501 1465 2549 confitebor.
1502 2502 1544 2535 Et
1561 2500 1653 2547 paulo
1671 2499 1751 2546 post.
1788 2502 1849 2546 Ego

1096 2577 1118 2594 2,
1144 2555 1245 2600 neftio,
1259 2567 1315 2587 non
1328 2565 1445 2600 requiro
1453 2576 1462 2591 ‚
1470 2551 1522 2597 ῥά
1533 2550 1656 2593 consolor
1668 2562 1715 2582 me
1726 2559 1825 2581 tamen
1838 2561 1848 2588 ;

1095 2628 1117 2644 ‚‚
1147 2604 1347 2652 eArchangeli
1369 2602 1498 2646 nesciunt
1509 2624 1518 2636 ,
1553 2600 1648 2647 angeli
1663 2612 1719 2632 non
1742 2596 1850 2630 audie-

1096 2680 1120 2699 „
1144 2665 1230 2690 runt,
1245 2653 1345 2697 secula
1354 2664 1410 2684 non
1422 2660 1531 2686 tenerit,
1551 2647 1705 2696 ‘Propheta
1719 2647 1849 2691 nonsen-

1097 2729 1119 2745 ‚,
1136 2706 1192 2750 fit,
1207 2703 1385 2751 eApoffolus
1397 2713 1453 2734 non
1464 2702 1672 2747 interrogavit,
1688 2699 1779 2731 Filius
1792 2695 1847 2743 ipse

1096 2778 1119 2794 ‚,
1144 2767 1201 2787 non
1214 2752 1315 2786 edidit.
1359 2753 1445 2799 Ἇζοη
1460 2759 1543 2798 putet
1563 2748 1646 2781 homo
1658 2746 1718 2791 sua*
1741 2747 1848 2779 intelli-

1096 2828 1118 2844 ‚,
1137 2802 1240 2853 genna*
1260 2801 1454 2851 generationes
1478 2799 1697 2844 fhcramemum
1719 2795 1750 2838 se
1775 2792 1846 2843 p0ffl³

1096 2877 1118 2894 „
1135 2854 1282 2900 vonfiqui.

1144 2905 1186 2937 Et
1199 2903 1236 2936 de
1248 2901 1361 2935 eodem
1374 2899 1503 2933 tractans
1517 2895 1656 2940 subjecto
1675 2892 1846 2937 Ambrofius

1098 2977 1120 2993 2,
1146 2953 1183 2985 de
1198 2950 1258 2984 fide
1273 2951 1309 2983 ad
1324 2950 1510 2982 Gratianum
1522 2958 1586 2991 cap.
1601 2955 1626 2989 ς.
1640 2943 1692 2976 lib.
1706 2955 1728 2977 ῐ.
1750 2944 1845 2975 Mens

1099 3027 1121 3043 ‚,
1147 3000 1258 3047 deficit,
1278 3011 1340 3032 vox
1351 2999 1426 3039 filet,
1444 3008 1499 3029 non
1515 3006 1580 3028 mea
1592 2988 1726 3028 tantum,
1741 2991 1794 3035 sed
1805 2996 1842 3030 &e

1098 3077 1119 3094 ‚‚
1144 3050 1327 3098 angelorum:
1333 3047 1425 3094 supra
1434 3044 1595 3094 potestates,
1602 3042 1696 3090 supra
1708 3042 1841 3089 Angelos,

1097 3127 1119 3143 ‚‚
1139 3100 1230 3148 supra
1243 3097 1412 3145 Seraphim,
1419 3097 1511 3144 supra
1524 3091 1682 3138 Cherubim
1691 3116 1698 3127 ‚
1710 3091 1800 3140 supro
1812 3104 1843 3123 o-

1098 3177 1121 3192 „
1145 3148 1364 3192 mnemsenfiem
1377 3146 1422 3190 est.
1449 3148 1638 3189 Quanquam
1652 3154 1712 3189 ego
1723 3140 1839 3175 nullum

1096 3195 1143 3241 xts
1160 3198 1305 3246 replicare
1328 3196 1457 3233 valerem
1474 3194 1512 3228 ad
1535 3194 1655 3227 allatuin
1679 3200 1841 3238 argumen-

1753 3250 1819 3272 [ΗΠ]
1832 3260 1841 3272 ,
