2048 3343
493 84 570 110 ετ
627 70 1004 110 CHRONOL

246 157 319 180 cum
337 143 502 178 Tribunos
522 148 554 179 ὃς
576 143 787 179 Centuriones
804 141 841 176 ad
861 138 1001 175 deseren-

245 196 320 228 dum
327 194 488 230 Vitellium
501 194 643 233 alliceret,
658 190 804 227 afurente
816 191 912 224 milite
924 201 1002 223 con-

244 245 343 288 jectus
363 243 451 278 estin
471 244 598 279 vincula.
640 242 702 275 His
720 240 840 274 nunciis
853 239 1001 272 animatus

243 294 417 330 Antonius,
431 307 502 328 cum
516 292 572 326 suis
581 289 727 324 omnibus
740 288 840 335 copiis
853 297 936 334 parat
943 286 1001 321 Vi-

243 344 384 378 tellianos
397 343 537 377 invadere
553 351 652 387 prope
669 339 885 373 Cremonam:
910 335 1000 369 initio

78 407 150 434 Mira
171 408 229 433 An-
245 405 354 442 pugnae
365 392 496 426 Flaviani
508 398 662 425 verterunt
673 397 776 435 terga,
789 384 838 420 sed
851 397 885 420 ea
898 387 1000 420 Anto-

77 447 141 475 ionii
147 445 184 472 ad
268 444 274 449 '

77 490 228 515 Cremonam

69 524 204 562 fhrtimdo.

244 445 287 477 mi
300 443 388 477 unius
401 441 493 477 virtus
505 439 572 476 fuit,
580 449 614 473 ut
626 435 778 485 fugientes
791 435 951 470 reduceret
962 433 1000 469 ad

244 493 390 541 proelium
403 516 413 531 ,
436 501 579 539 tantaque
592 489 621 524 vi
633 486 738 521 hostes
753 486 943 539 impelleret,
966 493 1000 518 ut

242 541 385 577 funderet
403 540 605 589 fugaretque:
636 538 739 572 vietor
758 536 846 570 miles
858 534 999 569 aviditate

239 593 347 640 praedae
360 592 408 626 vix
420 590 526 639 potuit
537 588 690 627 cohiberi,
698 586 772 634 quin
786 587 822 622 ea
833 584 1000 632 ipsfinotffte

241 644 409 677 Cremonae
433 653 540 675 muros
563 638 736 673 adoriretur
750 649 757 668 :
787 633 837 668 sed
864 632 999 667 furentes

240 691 429 739 compescuit
442 691 571 725 nuncius
583 699 677 722 novas
690 685 830 732 legiones
847 683 863 717 a
883 683 998 716 Vttellio

238 742 276 775 ad
289 739 358 775 suos
370 739 468 775 missas
482 738 603 779 venisse,
617 740 648 771 &
660 737 721 780 jam
734 737 859 781 jamque
871 745 907 767 ex
920 731 997 787 urbe

237 803 342 838 parare
361 802 475 824 novam
495 799 646 836 pugnam:
667 784 824 818 Antonius
841 792 874 816 ut
893 792 996 836 potuit

236 839 306 874 suos
321 839 478 880 instruxit,
497 850 585 873 atrox
596 837 665 871 tota
678 834 773 868 noete
787 830 994 866 obscunffima

234 889 466 924 Andabatarum
485 900 575 922 more
592 883 649 919 fuit
666 883 812 931 proelium
826 896 834 916 :
861 892 895 915 ut
907 883 994 936 Luna

234 941 370 987 primum
391 944 423 974 δι
440 951 515 972 mox
534 936 577 971 sol
596 945 720 969 exortus
740 931 808 971 est,
834 933 993 985 Antonius

234 990 335 1025 verbis
353 993 385 1024 &
403 989 548 1035 exemplo
565 998 632 1021 eam
645 983 701 1018 suis
714 980 931 1016 fortitudinem
943 990 990 1013 in-

234 1037 353 1086 spiravit
364 1064 375 1078 ‚
401 1049 433 1072 ut
445 1037 616 1073 Vitellianae
627 1033 766 1080 legiones
787 1029 992 1064 strenuiffimae

234 1100 319 1137 terga
332 1098 495 1123 verterent.
531 1088 615 1120 Ante
628 1084 795 1117 Cremonae
814 1079 930 1123 moenia
942 1090 990 1112 ca-

235 1138 294 1172 stra
305 1137 418 1172 etanta
433 1135 600 1171 Germanis
614 1142 722 1167 contra
737 1129 883 1164 Othonem
895 1139 993 1174 nuper

233 1187 333 1222 valide
346 1187 460 1221 munita
468 1210 478 1225 ,
504 1186 534 1218 in
548 1183 612 1218 haec
624 1180 720 1229 fugati
733 1178 761 1213 se
772 1180 990 1231 conjecerunt,

231 1240 265 1272 &
279 1236 349 1270 inde
362 1237 473 1283 magna
484 1235 512 1269 vi
524 1234 662 1268 vietores
675 1228 861 1277 repellebant
873 1241 883 1268 ;
897 1227 947 1261 sed
958 1225 991 1259 hi

231 1285 369 1319 miranda
380 1287 490 1320 virtute
508 1284 684 1331 ingruentes
696 1303 706 1316 ‚
732 1277 802 1326 post
817 1278 989 1312 diuturnam

231 1334 343 1383 magnai
360 1335 505 1382 utrinque
517 1346 589 1368 cum
602 1331 699 1377 strage
712 1340 847 1376 pugnam
860 1351 870 1368 ‚
897 1325 988 1361 foffis

231 1388 263 1420 &
277 1385 388 1420 vallum
406 1395 605 1432 perrumpere
626 1385 658 1415 &
677 1380 788 1414 obvios
802 1389 913 1412 omnes
929 1376 990 1411 ob-

231 1445 382 1469 truncare.
429 1436 590 1480 Supererat
608 1430 706 1465 adhuc
725 1428 856 1462 maxima
875 1427 990 1461 laboris

231 1497 300 1531 pars
312 1509 322 1523 ,
350 1485 401 1517 alti
420 1484 534 1530 latique
552 1483 720 1516 Cremonae
739 1478 819 1512 muri
832 1477 966 1512 turribus
978 1500 989 1515 ,

231 1533 441 1568 instrumentis
453 1532 588 1571 bellicis,
607 1543 640 1565 ac
653 1527 728 1563 forti
741 1528 841 1562 milite
854 1524 990 1562 munitis-

232 1583 300 1618 fimi
315 1597 324 1624 ;
351 1582 400 1617 sed
413 1582 489 1616 nihil
504 1594 544 1615 eo
557 1581 606 1615 die
619 1580 831 1614 Flavianorum
845 1578 989 1612 virtutem

231 1634 311 1668 duce
320 1633 464 1667 Antonio
472 1632 564 1667 valuit
577 1629 729 1665 sustinere.
739 1628 912 1663 Vitellianis
925 1637 988 1661 tan-

231 1685 305 1718 dem
318 1683 412 1717 animi
426 1682 640 1720 conciderunt,
654 1684 684 1714 &
693 1678 731 1713 ab
738 1679 883 1712 Antonio
891 1679 988 1725 depo-

231 1733 294 1768 fitis
307 1734 398 1768 armis
411 1745 516 1780 pacem
531 1730 704 1779 suppliciter
715 1727 921 1776 postularunt:
932 1728 989 1762 mi-

230 1783 337 1817 litibus
351 1782 510 1817 exarmatis
524 1782 674 1829 parcitum
688 1779 733 1814 est
743 1803 754 1819 ‚
779 1776 829 1813 sed
842 1779 986 1818 vinfroria,

229 1832 252 1866 fi
266 1845 333 1881 quae
346 1845 483 1880 unquam
496 1842 546 1866 aut
558 1830 683 1880 usquam
699 1829 855 1877 gentium,
868 1828 988 1878 praecla-

229 1894 262 1916 ra
269 1887 318 1922 ,δε
331 1883 439 1930 ingens
451 1880 574 1916 summae
587 1880 776 1915 fortitudinis
790 1881 865 1920 laus,
880 1891 987 1915 corru-

227 1943 280 1978 pta
294 1931 337 1966 est
350 1932 388 1965 ab
401 1932 527 1966 immani
541 1931 735 1970 crudelitate,
756 1930 885 1965 libidine
898 1935 928 1966 δι
943 1942 988 1964 ra-

229 1982 359 2028 pacitate
377 1981 438 2028 quai
454 1982 629 2016 Coloniam
647 1981 822 2028 antiquam,
847 1980 988 2015 nobilem

228 2031 456 2078 &opulentam
468 2042 586 2065 tantum
600 2043 665 2064 non
677 2030 878 2065 aboleverunt
891 2044 899 2066 ε
919 2030 989 2079 post

227 2078 308 2114 {acra
326 2078 519 2128 profanaque
533 2081 639 2115 omnia
657 2079 783 2128 spoliata
796 2104 805 2117 ,
832 2080 989 2129 caedesque

229 2134 262 2165 &
275 2129 376 2177 stupra
394 2128 522 2164 nefanda
534 2155 544 2170 ,
572 2131 645 2164 urbs
663 2141 798 2178 quatuor
816 2131 990 2165 continuo-

229 2192 299 2214 rum
312 2180 430 2214 dierum
439 2179 565 2214 flamma
578 2180 610 2213 in
625 2180 743 2213 cineres
757 2180 879 2215 redasta
886 2180 931 2215 est
943 2182 990 2215 in-

230 2229 354 2263 delebili
366 2231 522 2264 νίξὶοηιῐη
535 2227 669 2263 infamis.

1035 82 1262 110 OGICI
1318 70 1456 110 L113.
1513 72 1571 110 11.

1041 143 1072 177 in
1091 142 1267 178 Gemonias
1285 142 1399 177 tractus
1412 143 1468 178 est.

1764 88 1795 127 13

1087 191 1201 226 Tristis
1213 191 1265 226 hic
1274 192 1404 225 nuncius
1411 195 1581 227 Antonium
1594 205 1665 228 cum
1679 194 1795 229 exerci-
1810 199 1896 226 vinuli
1914 199 1950 225 mi

1039 250 1072 274 tu
1084 242 1204 277 vietore
1215 241 1253 276 ad
1265 242 1379 276 Romae
1393 243 1508 276 moenia
1519 243 1711 278 acceleravit:
1726 243 1796 291 post
1804 239 1858 277 stem
1868 248 1939 266 mors.

1039 290 1159 336 aliquot
1175 303 1294 338 pugnas
1305 291 1385 325 viam
1398 290 1428 324 vi
1447 290 1588 338 patefecit
1601 292 1711 341 magna
1723 306 1796 328 cum

1038 339 1145 385 populi
1151 340 1232 374 caede
1239 344 1270 375 &
1277 339 1425 375 omnibus
1433 340 1557 375 urbium
1567 353 1796 390 captarumma-

1038 388 1072 421 lis
1085 387 1106 421 fi
1118 400 1214 422 unum
1225 389 1402 424 incendium
1416 389 1556 437 excipias.
1574 394 1608 424 In
1619 404 1796 440 expugnan-

1038 437 1084 471 dis
1092 437 1352 472 Praetorianorum
1359 437 1461 472 castris
1469 440 1618 474 maximus
1630 439 1688 475 fuit
1697 443 1795 482 labor,

1038 491 1070 522 &
1082 486 1247 535 postquam
1259 498 1429 535 expugnata
1442 486 1524 528 sunt,
1538 490 1646 537 ingens
1658 491 1796 525 virorum

1037 536 1166 571 fortium
1179 537 1256 571 acin
1270 538 1361 571 armis
1373 536 1689 573 moriobstinatorum
1703 539 1797 573 lanie-

1038 599 1085 620 na.
1120 584 1185 634 Ipse
1199 587 1341 622 Vitellius
1354 587 1386 621 in
1399 585 1519 623 deserto
1533 588 1645 634 palatio
1658 601 1751 636 vagus
1765 601 1796 622 a·

1037 636 1192 684 liquandiu
1203 649 1237 670 ac
1249 636 1372 671 tandem
1384 638 1417 671 in
1429 635 1561 685 squalida
1568 637 1651 672 veste
1662 641 1746 683 juxta
1758 639 1795 672 li—

1036 697 1140 734 garum
1159 687 1191 719 in
1209 686 1325 720 catenis
1337 698 1444 721 canem
1459 685 1487 721 se
1500 688 1657 721 occultans
1670 712 1680 727 ,
1704 688 1742 721 ab
1755 700 1793 721 o-

1036 736 1118 770 mnia
1135 733 1278 769 scrutanti
1294 735 1392 770 milite
1411 737 1564 770 extrafms
1582 749 1616 771 ac
1634 750 1687 782 per
1702 736 1792 770 strata

1034 785 1064 819 in
1072 785 1200 819 vinculis
1207 785 1479 824 duetus,0mnibus
1488 799 1559 820 cum
1567 786 1704 820 lud1briis
1712 787 1794 820 mul-

1033 833 1131 883 tisque
1140 835 1234 882 plagis
1246 835 1370 870 tandem
1382 837 1616 874 exanimatus‚in
1626 834 1732 868 Sabtni
1745 835 1792 870 ul-

1030 884 1303 927 tionem‚abjeetus
1311 884 1355 919 est
1367 886 1399 919 in
1412 886 1598 920 Gemonias.
1617 885 1673 919 lsta
1685 885 1792 921 omnia

1030 936 1201 968 eAntonius
1212 946 1283 968 cum
1295 935 1399 980 paucis
1410 935 1586 982 legionibus
1600 948 1668 971 ante
1676 937 1791 973 <yme-

1029 987 1109 1017 ciani
1125 996 1161 1017 ex
1172 982 1259 1031 Syrid
1276 985 1454 1018 adventum.

1076 1032 1236 1068 AEstuabat
1247 1043 1320 1067 tunc
1332 1034 1364 1066 in
1377 1035 1543 1068 Romanos
1556 1035 1598 1067 ira
1611 1035 1726 1070 divina:
1737 1046 1789 1070 to-

1029 1093 1096 1117 tum
1110 1081 1162 1118 sua
1180 1083 1304 1118 avaritia
1316 1086 1349 1117 &
1361 1083 1532 1117 ambitione
1547 1084 1658 1119 orbem
1673 1086 1724 1119 diu
1737 1097 1789 1120 ve-

1029 1143 1190 1173 xaverant3
1205 1130 1462 1179 Hierosolymam
1475 1132 1588 1181 absque
1602 1136 1665 1168 ullo
1679 1135 1787 1168 divinae

1029 1182 1061 1215 in
1075 1180 1160 1216 suum
1167 1182 1319 1228 populum
1332 1183 1459 1217 ultionis
1474 1181 1644 1230 respeffiwm
1653 1184 1789 1218 devasta-

1029 1241 1116 1273 rant3
1138 1231 1312 1279 Apostolos
1326 1256 1335 1271 ,
1355 1235 1386 1266 δέ
1400 1232 1548 1280 piiffimos
1563 1235 1679 1281 ubique
1691 1231 1790 1267 Chriss

1028 1280 1142 1315 stianos
1155 1282 1244 1316 omni
1258 1280 1474 1329 suppliciorum
1483 1297 1597 1332 genere
1607 1283 1785 1323 mactarunt,

1028 1330 1102 1378 quid
1116 1344 1193 1379 ergo
1207 1332 1333 1371 mirum,
1348 1331 1369 1366 fi
1381 1345 1445 1366 uno
1459 1333 1529 1380 post
1542 1335 1711 1369 extinffitum
1719 1336 1786 1367 Nc-

1027 1393 1127 1414 ronem
1152 1381 1283 1415 biennio
1302 1382 1409 1416 Roma
1427 1394 1519 1430 atque
1542 1386 1632 1418 Italia
1657 1385 1786 1428 majori-

1028 1431 1085 1465 bus
1097 1431 1183 1465 malis
1196 1430 1342 1478 oppreffae
1356 1430 1429 1471 sint,
1449 1433 1542 1481 quam
1555 1435 1586 1467 in
1601 1444 1673 1468 toto
1687 1435 1786 1466 Nero-

1028 1481 1072 1513 nis
1084 1504 1093 1517 ‚
1119 1481 1239 1514 Claudii
1251 1505 1261 1520 ,
1281 1493 1315 1515 ac
1330 1481 1450 1516 Ttberic'
1463 1484 1628 1530 tyrannidis
1641 1494 1784 1531 tempore

1028 1529 1094 1564 sunt
1105 1529 1270 1578 perpessae?

1087 1582 1253 1616 Mucianus
1266 1593 1337 1615 cum
1350 1581 1474 1616 tandem
1486 1582 1610 1618 veniffet
1623 1583 1780 1623 Romam,
1799 1591 1939 1619 Mucianus

1027 1631 1118 1665 nimis
1136 1631 1214 1665 altos
1230 1633 1378 1665 eAntoniz'
1396 1629 1515 1678 spiritus
1528 1634 1591 1680 qua
1606 1635 1709 1681 potuit
1721 1645 1784 1668 arte
1798 1629 1866 1706 ‘⁴'be
1874 1635 1950 1677 noma

1796 1680 1831 1698 m!
1842 1681 1905 1699 EYIHS

1797 1712 1900 1739 minuit.

1026 1680 1254 1728 comprimebat
1267 1694 1275 1714 ε
1301 1684 1470 1715 φΑπῑοηίιω
1483 1680 1631 1723 fremere,
1643 1687 1676 1718 &
1689 1696 1726 1717 ex
1738 1685 1783 1718 in-

1026 1730 1170 1780 gentibus
1184 1728 1241 1765 suis
1256 1731 1375 1765 meritis
1387 1729 1527 1779 superbia
1539 1733 1579 1767 ita
1593 1732 1735 1774 aestuare,
1749 1743 1784 1767 ut

1026 1780 1116 1815 nullis
1130 1781 1261 1828 praemiis
1277 1781 1305 1815 ei
1319 1783 1456 1828 potuerit
1469 1781 1606 1818 satisfieri
1619 1797 1626 1817 :
1644 1782 1718 1818 hinc
1730 1781 1785 1831 ipfi

1026 1832 1186 1879 Wspastano
1206 1831 1302 1878 gravis
1315 1831 1457 1867 &indies
1477 1833 1575 1868 vilior.
1618 1834 1785 1868 Mucianus

1026 1881 1099 1915 dum
1113 1881 1160 1916 via
1172 1881 1339 1928 Byzantina
1353 1893 1530 1928 properaret
1542 1884 1573 1916 in
1585 1884 1717 1922 Italiam,
1730 1883 1786 1917 ali-

1025 1930 1159 1978 quandiu
1172 1929 1255 1964 haefit
1267 1931 1298 1965 in
1306 1931 1448 1980 Myfiſsi,
1457 1942 1489 1966 ut
1503 1944 1602 1967 motas
1616 1945 1670 1979 per
1678 1931 1786 1967 absen-

1024 1982 1098 2015 tiam
1122 1981 1283 2028 legionum
1307 1983 1449 2015 nationes
1467 1992 1675 2028 componeret
1691 2006 1702 2022 ,
1726 1994 1785 2016 nec

1025 2041 1087 2064 tam
1107 2029 1171 2064 cito
1185 2042 1238 2076 per
1256 2030 1383 2064 Iste-iam
1401 2035 1433 2066 &
1446 2033 1642 2078 eAqm'lejam
1654 2031 1712 2064 iter
1725 2044 1785 2078 po-

1027 2081 1085 2114 tuit
1105 2079 1279 2119 conficere,
1305 2081 1379 2127 quin
1393 2091 1459 2115 tota
1472 2079 1669 2115 subactorum
1683 2081 1786 2115 Vitel—

1028 2131 1180 2164 lianorum
1193 2130 1292 2177 gloria
1305 2131 1357 2164 uni
1370 2133 1521 2164 eAntom'o
1534 2131 1674 2170 cederet;
1694 2141 1728 2164 ut
1740 2141 1786 2165 ta-

1028 2193 1099 2214 men
1113 2180 1144 2213 in
1157 2179 1266 2214 urbem
1281 2180 1365 2213 venit
1378 2181 1500 2214 militari
1513 2181 1637 2215 licentia
1649 2182 1785 2214 omnino

1027 2228 1200 2262 dissolutam
1214 2232 1245 2263 &
1261 2229 1430 2275 oppressam
1440 2253 1449 2268 ,
1469 2230 1573 2264 omnia
1587 2227 1635 2264 sui
1647 2230 1785 2264 auetori-

1026 2288 1087 2312 tate
1099 2291 1175 2312 mox
1187 2277 1307 2325 redegit
1319 2277 1350 2313 in
1363 2279 1506 2314 ordinem
1519 2279 1670 2328 legiones,
1679 2279 1740 2314 huc
1751 2280 1786 2312 il-

1027 2328 1075 2360 luc
1089 2327 1120 2360 in
1134 2327 1267 2360 hiberna
1279 2327 1430 2376 ablegavit
1440 2352 1450 2366 ,
1479 2333 1668 2362 eAmom'um
1681 2328 1784 2361 multo

1027 2388 1098 2409 cum
1110 2374 1233 2409 honore
1246 2376 1327 2410 milit
1339 2379 1374 2410 ad
1389 2378 1585 2424 Vespafiamtm
1598 2391 1608 2409 .·
1627 2380 1785 2410 Domitia,

67 2298 195 2328 Antonius
290 2279 407 2312 Fractae
420 2278 486 2312 sunt
498 2278 549 2311 hic
563 2280 676 2311 Vitellii
687 2278 766 2313 vires
779 2304 788 2316 ‚
813 2277 874 2326 ipse
888 2289 992 2313 tamen

61 2339 125 2376 finit
147 2337 215 2365 Sabi.
234 2326 349 2361 deliciis
361 2327 536 2373 somnoque
544 2326 572 2360 se
584 2327 933 2374 ingurgitarepergebat.
946 2331 993 2361 A-

67 2390 130 2406 num
143 2382 220 2406 Roma
233 2375 392 2422 liquandiu
412 2388 467 2423 per
486 2374 587 2409 inseffa
600 2377 758 2422 Apennini
771 2380 842 2424 juga
854 2375 991 2411 hostium

66 2425 171 2456 ΝΜΟ·
231 2424 423 2473 progressum
435 2436 606 2459 remoratus
619 2424 679 2465 est,
704 2423 753 2459 sed
765 2426 887 2460 tandem
901 2430 933 2461 &
945 2426 992 2461 his

231 2475 385 2523 perruptis
399 2475 557 2508 Antonius
571 2475 830 2522 appropinquavit
842 2475 921 2510 urbi.
939 2479 992 2510 We-

228 2525 350 2573 spafiani
367 2522 459 2559 frater
478 2526 578 2569 major
596 2524 726 2559 Sabinus
740 2526 809 2559 urbi
830 2523 990 2572 praefeftns

232 2585 309 2610 erat,
328 2587 361 2607 ac
374 2576 575 2608 ‘Domitianus
588 2574 667 2608 filius
681 2574 855 2609 adolescens
868 2576 901 2609 in
913 2576 989 2610 urbe

232 2623 428 2660 educabatur.
469 2626 604 2658 Vitellius
622 2637 692 2658 cum
712 2624 828 2659 Sabino
847 2625 988 2660 lubenter

230 2673 380 2708 traetabat
397 2673 435 2708 de
448 2673 619 2708 dimiffione
639 2675 784 2722 Imperii,
811 2679 842 2710 &
859 2677 986 2710 Senatus

230 2723 377 2758 Sabinum
389 2722 424 2756 ad
438 2735 520 2756 arma
531 2723 709 2771 instigabat;
735 2724 841 2759 verum
855 2725 941 2772 plebs
953 2738 987 2760 ac

231 2773 320 2806 miles
340 2773 490 2819 correptis
509 2773 600 2806 armis
627 2775 778 2805 Vttellium
801 2775 838 2808 ad
855 2776 987 2808 retinen-

233 2821 306 2855 dum
320 2823 484 2869 imperium
498 2821 675 2869 impellebat
688 2835 721 2856 ac
735 2822 839 2857 Sabini
856 2822 987 2856 domum

233 2870 394 2905 invadebat
408 2886 416 2906 :
442 2871 572 2906 Sabinus
586 2885 657 2906 cum
672 2874 853 2906 ‘Domitiano
867 2875 898 2907 δι
912 2873 987 2906 ami-

233 2919 277 2952 cis
290 2919 321 2951 in
333 2921 523 2968 Capitolium
537 2920 632 2969 fugit,
651 2922 689 2957 de
703 2920 756 2956 suo
769 2922 907 2970 periculo
920 2924 988 2956 An*

236 2968 358 3003 tonium
370 2971 507 3010 monuit,
532 2973 587 3019 qui
600 2982 702 3007 tamen
715 2985 779 3006 non
793 2971 877 3019 prius
891 2970 988 3006 acces-

237 3016 272 3051 sit
285 3016 377 3064 quam
390 3019 551 3066 Capitolio
563 3020 687 3056 incenso
700 3026 731 3057 &
744 3024 775 3056 in
788 3023 905 3056 cineres
918 3035 988 3056 cum

237 3066 386 3100 omnibus
409 3068 596 3115 templorum
620 3073 808 3106 ornamentis
831 3072 959 3106 reda&o
983 3086 990 3105 :

238 3116 367 3150 Sabinus
385 3116 417 3149 in
440 3118 568 3152 vinculis
587 3120 624 3154 ad
647 3124 798 3155 Vtcellium
818 3122 966 3156 adductus
978 3146 988 3161 ,

238 3169 270 3199 δε
288 3167 320 3200 in
337 3169 400 3211 ejus
413 3165 582 3215 conspeCm
594 3168 610 3204 a
624 3172 744 3218 populo
757 3171 938 3220 discerptus,
956 3184 989 3207 ac

1028 2437 1102 2458 num
1121 2425 1152 2458 in
1167 2427 1279 2460 Senatu
1292 2426 1367 2460 dixit
1381 2424 1546 2461 Caesarem:
1573 2426 1660 2473 pravi
1673 2426 1783 2460 admo-

1027 2475 1100 2508 dum
1114 2472 1288 2509 adolescens
1300 2474 1352 2509 hic
1364 2476 1486 2514 indole,
1506 2476 1658 2509 adulteriis
1675 2480 1705 2509 &
1720 2475 1783 2510 stu-

1027 2525 1087 2571 pris
1100 2525 1190 2558 etiam
1204 2534 1270 2557 turn
1283 2524 1465 2571 grassabatur
1471 2537 1480 2564 ;
1496 2525 1645 2559 invidifiin
1657 2523 1781 2560 fratrem

1029 2576 1139 2607 Titum
1157 2572 1264 2621 aperto
1279 2573 1437 2608 laborabat
1450 2598 1460 2613 ,
1485 2574 1560 2620 quin
1574 2578 1605 2608 ἅτ
1618 2576 1649 2608 in
1662 2586 1781 2621 patrem

1026 2624 1118 2657 noxia
1133 2623 1353 2658 meditabatur:
1373 2624 1486 2672 quibus
1503 2623 1632 2664 rescitis,
1653 2625 1734 2659 duris
1748 2638 1782 2659 e-

1023 2675 1070 2719 jus
1079 2675 1274 2720 petulantiam
1283 2677 1313 2707 δι
1321 2673 1525 2707 ambitionem
1539 2674 1680 2708 remediis
1692 2687 1782 2709 com-

1025 2722 1144 2771 pescere
1156 2734 1242 2771 pater
1254 2722 1404 2757 statuebat
1418 2738 1425 2758 :
1445 2723 1493 2757 sed
1510 2724 1599 2756 Tum
1611 2724 1702 2771 patris
1714 2726 1780 2760 ani-

1025 2786 1110 2807 mum
1124 2786 1195 2821 erga
1208 2771 1331 2807 fratrem
1344 2774 1457 2808 lenivit.

1069 2822 1265 2869 Vespasianus
1272 2822 1373 2858 homo
1385 2833 1497 2858 cantus,
1508 2825 1619 2857 Vitellii
1631 2825 1778 2859 exercitus
1793 2837 1925 2875 vlspafims

1026 2881 1183 2912 metuenS,
1204 2872 1284 2906 lente
1298 2876 1329 2907 δε
1344 2872 1480 2921 suspenso
1493 2873 1585 2921 gradu
1599 2874 1714 2909 bellum
1727 2875 1776 2910 ad·
1789 2886 1894 2905 casctmn

1025 2921 1230 2957 ministrabat:
1239 2924 1458 2959 Mucianum
1470 2937 1540 2958 cum
1547 2925 1644 2970 copiis
1657 2937 1711 2970 per
1722 2927 1776 2973 By·
1787 2922 1930 2991 ZWZW

1026 2975 1168 3007 amariam
1186 2977 1218 3007 &
1237 2976 1386 3021 Ilgyricum
1404 2975 1435 3007 in
1448 2975 1568 3007 Italiam
1580 2973 1776 3021 praemiserat,

1026 3019 1086 3068 ipse
1106 3023 1254 3068 occupata
1275 3026 1419 3071 eAEgypto
1437 3027 1468 3058 δε
1482 3025 1643 3058 accedente
1661 3025 1697 3059 ad
1715 3022 1779 3058 suas

1026 3082 1124 3117 partes
1138 3072 1262 3116 Africi,
1276 3075 1396 3106 ltaliam
1411 3076 1440 3106 δε
1457 3074 1596 3108 Romam
1610 3072 1690 3109 fame
1702 3073 1782 3108 subi-

1028 3133 1099 3167 gere
1118 3121 1240 3168 parabat
1256 3136 1264 3162 3
1285 3123 1371 3169 quod
1385 3121 1437 3169 ipfi
1451 3121 1593 3170 perfacile
1605 3122 1664 3159 fuit
1675 3149 1685 3164 ‚
1711 3124 1782 3158 cum

1027 3181 1156 3219 utraque
1164 3171 1255 3208 claffis
1263 3182 1325 3207 tam
1338 3172 1434 3219 superi
1444 3173 1532 3208 maris
1541 3174 1577 3209 ad
1585 3175 1780 3210 Ravennam,

1403 3224 1434 3255 ‘B
1447 3221 1464 3256 b
1485 3236 1498 3269 ς
1691 3221 1782 3269 qnam
