2048 3343
141 2459 207 2487 Iunii
215 2467 290 2487 teme-

143 2501 216 2526 ritas.

299 108 339 151 55
665 87 1470 130 OPER1sH1sron1c1

300 175 383 211 lunt,
403 179 538 217 quorum
557 177 633 200 unus
646 163 831 204 Salathielis‚
855 163 928 198 alter
939 161 1056 207 Pedajae

302 222 382 256 filius
397 217 514 258 sueram
540 228 593 250 cur
611 215 660 259 his
677 226 741 248 non
760 214 938 248 accedamus
958 211 1056 246 dubio

303 271 396 305 tertio
410 267 551 313 liquebit.

358 315 509 356 Secundi,
534 325 567 349 ut
577 315 668 349 etiam
680 312 782 347 Tertii
793 322 946 360 ponentes
961 321 1058 346 unum

304 367 423 403 tantum
441 363 652 399 zorobabelem
670 375 741 396 eum
760 361 895 396 statuunt
914 361 1012 395 filiurn
1026 365 1058 396 δι

304 416 426 459 Pedajae
440 419 471 450 &
485 413 650 449 Salathielis
662 436 672 451 ,
691 410 741 446 sed
753 409 889 446 secundis
899 412 996 457 placet
1010 410 1058 444 di-

304 465 420 499 stineto
433 463 557 498 mediati
571 461 782 497 &immediati
798 486 807 500 ,
828 460 908 508 quass
922 458 1056 493 Zoroba-

306 514 352 548 bel
370 514 450 548 filius
462 511 553 547 fuerit
569 511 686 556 Pedajae
698 511 908 548 immediatus,
934 512 966 542 &
978 508 1056 541 Sala·

305 565 405 598 thielis
417 562 489 598 vere
501 562 545 597 avi
558 560 716 595 medianis,
731 571 784 605 per
796 558 892 591 filium
901 556 1053 599 Pedajam,

306 613 423 648 Tertiis
438 613 533 659 magis
547 611 644 658 placet
657 607 814 642 distinetio
827 605 1058 640 naturalis&le-

307 663 397 711 galis,
414 661 495 708 quali
508 658 672 693 Zorobabel
680 657 759 690 filius
773 652 864 689 fuerit
875 654 992 699 Pedajae
1005 667 1059 688 na-

307 712 411 746 turalis
424 715 455 745 &
470 708 633 743 Salathielis
648 705 771 753 legalis:
785 703 833 739 seu
841 704 912 752 quia
924 702 1058 737 Zoroba-

308 761 355 794 bel
365 758 513 794 successor
525 755 616 790 fuerit
627 753 795 789 Salathielis
809 779 819 794 ,
840 764 968 787 mortuo
981 750 1058 786 scili-

311 820 360 844 cet
379 808 488 850 Pedaja
512 816 580 839 ante
600 803 792 839 Salathielem
811 801 896 836 suum
916 812 1058 849 patrem3

311 858 359 893 seu
374 857 443 903 quia
460 865 587 888 mortuo
600 852 758 888 Salathiele
766 852 888 897 Pedajas
897 849 988 886 frater
1002 851 1061 885 mi-

311 919 370 941 nor
382 909 447 950 jure
459 904 600 938 {eviratus
613 916 649 938 ex
663 905 728 947 ejus
740 914 840 937 uxore
852 899 1062 935 zorobabelem

311 955 461 1003 genuerit,
472 954 524 1001 qui
533 953 695 1000 propterea
708 952 878 999 plerunque
890 962 954 985 non
967 950 1062 985 Peda-

313 1008 348 1051 jae
362 1004 410 1039 sed
423 1003 588 1038 Salathielis
601 1002 680 1036 filius
693 1001 880 1049 perhibetur.

362 1056 444 1088 Inter
457 1052 604 1087 secundos
617 1051 694 1085 stant
706 1054 820 1090 Iunius,
829 1049 997 1086 ‘Deodattm
1007 1051 1063 1082 Va-

315 1103 428 1142 raldus,
442 1105 473 1137 &
486 1102 534 1136 alii
548 1102 645 1135 multi.
676 1103 759 1135 Inter
772 1100 879 1134 tertios
893 1096 1064 1146 cajetanus,

316 1155 412 1187 Arias
424 1153 604 1190 Montanus,
613 1151 782 1189 Gudaems,
794 1149 968 1188 Baldm‘nus,
982 1150 1064 1181 W-

311 1204 391 1241 laeus,
406 1202 476 1236 &in
486 1201 590 1248 primis
603 1200 806 1248 Spanhemius.
820 1195 1064 1242 ‘Ptfiatorutros-

309 1264 371 1298 que
384 1251 564 1297 conjungit,
578 1250 618 1283 ita
632 1260 734 1283 tamen
751 1259 784 1281 ut
796 1248 831 1281 ad
844 1248 954 1281 tertios
970 1247 1065 1293 magis

307 1301 446 1334 inclinet.
483 1301 693 1332 Annotatores
711 1297 876 1344 Anglicani
888 1305 950 1330 tam
971 1295 1065 1328 medii

305 1349 397 1396 quam
405 1348 571 1395 ultimi‚qui
579 1347 610 1381 in
617 1346 757 1379 Matthaei
766 1346 898 1393 primum
906 1343 971 1378 sunt
978 1357 1065 1391 pror-

302 1397 350 1434 sus
366 1398 475 1434 iidem,
490 1409 599 1430 omnes
613 1406 674 1430 tres
687 1395 853 1429 solutiones
873 1405 1064 1442 proponunt,

302 1460 371 1482 non
387 1458 490 1481 tamen
508 1446 711 1482 determinant
730 1445 769 1480 ad
787 1457 880 1493 quam
896 1446 991 1479 trium
1010 1443 1064 1492 ipsi

304 1498 469 1532 inclinent.

251 1590 253 1592 q
349 1547 437 1580 Tota
448 1547 529 1580 inter
543 1546 701 1581 Secundos
710 1550 741 1582 δι
749 1545 878 1580 Tertios
889 1544 1017 1593 quaestio
1025 1541 1066 1578 εὸ

303 1595 433 1635 recidit,
454 1596 541 1629 Num
553 1596 685 1645 Pedajas
697 1596 864 1629 Salashielis
881 1595 961 1629 filius
975 1592 1064 1628 fuerit

302 1657 341 1679 an
354 1643 454 1679 frater.
479 1645 572 1679 Nulla
585 1644 641 1679 alia
654 1647 732 1680 ratio
747 1645 790 1679 est
810 1645 890 1679 hanc
910 1645 997 1678 litem
1011 1643 1065 1677 de-

302 1694 441 1734 cidendi,
466 1707 558 1742 quam
572 1708 607 1729 ex
621 1706 706 1729 textu
726 1707 749 1729 1.
760 1694 883 1729 Chron.
894 1707 915 1739 3.
930 1706 978 1740 17.
1000 1693 1063 1727 Hic

303 1744 434 1792 legimus
448 1743 600 1790 expresse,
615 1744 762 1778 Salathiel
772 1743 856 1778 filius
869 1746 935 1788 ejus
950 1742 1064 1777 scilicet

303 1793 446 1840 proxime
460 1795 656 1840 praecedentis
664 1806 729 1828 non
738 1795 806 1840 Afir
814 1792 863 1828 sed
870 1796 991 1827 lecom'ae.
998 1794 1064 1827 Ve-

304 1856 373 1876 rum
387 1842 450 1882 est,
470 1844 571 1878 LXX.
591 1846 790 1891 Interpretes,
816 1844 848 1878 ὃς
865 1840 962 1879 versio
977 1852 1064 1878 vetus

303 1893 411 1926 Latina
421 1916 430 1930 ‚
448 1893 539 1925 etiam
554 1895 720 1940 Anglicana
733 1904 818 1928 vetus
832 1906 866 1927 ac
882 1905 962 1928 nova
972 1916 981 1932 ,
995 1892 1064 1926 alii-

303 1954 364 1987 que
377 1939 757 1987 interprctesfaciuntAfir
765 1955 882 1977 nomen
890 1943 1060 1990 proprium.

307 1990 415 2025 Multo
434 2000 536 2023 tamen
554 1991 669 2025 refflfls
689 1992 796 2040 Junius
812 2017 822 2033 ,
855 1997 887 2027 &
906 1992 976 2039 post
993 2004 1063 2026 eum

302 2039 456 2074 Deodatm
469 2052 502 2072 ac
521 2039 652 2084 Pffcator
666 2039 784 2076 faciunt
798 2042 1011 2089 appellativum
1026 2041 1063 2075 de

302 2100 416 2123 notans
430 2087 546 2135 Jeconiae
569 2089 678 2125 statum
702 2093 733 2125 in
747 2092 880 2126 vinculis
899 2095 931 2126 ὅ(
945 2103 1064 2125 carcere

303 2139 377 2172 dum
393 2137 579 2172 Salathielem
592 2140 717 2185 genuit,
730 2141 799 2174 alias
815 2141 899 2176 enim
915 2140 1013 2186 slAfir
1021 2139 1063 2175 es-

303 2184 347 2220 set
360 2198 476 2220 nomen
490 2190 650 2233 proprium
659 2191 847 2236 primogenii
860 2189 996 2237 Jecom'ae,
1010 2202 1063 2224 cur

304 2243 409 2278 titulus
437 2246 503 2290 522
527 2243 608 2276 filius
623 2245 704 2287 ejus,
718 2242 949 2287 subjungeretur
962 2243 1065 2287 potius

305 2301 459 2333 Salathieli
471 2293 563 2347 quam
576 2299 681 2342 Afirt?
692 2300 759 2332 Cur
772 2293 917 2330 secundus
926 2293 1064 2329 filiorum

306 2349 424 2398 Jeconiae
436 2349 587 2383 diceretur
599 2350 664 2392 ejus
677 2345 756 2380 filius
770 2344 874 2392 potius
888 2344 981 2392 quam
996 2346 1066 2391 Afir

304 2399 432 2446 primus.

352 2449 521 2494 Utcunque
539 2446 670 2481 nomina
691 2443 849 2493 sequentia
871 2443 919 2479 sex
944 2445 1065 2481 Mal-

307 2499 439 2537 chiram,
457 2497 591 2544 Pedajah
603 2500 633 2531 &
646 2504 754 2530 caetera
767 2493 834 2528 sunt
848 2495 879 2528 in
893 2495 1004 2528 eodem
1014 2505 1064 2528 or-

309 2547 379 2581 dine
399 2559 470 2581 cum
488 2546 644 2580 Salathiele
664 2547 730 2589 ejus
749 2542 859 2578 scilicet
873 2541 980 2579 fratres
993 2569 1003 2584 ,
1032 2549 1064 2580 &

310 2596 426 2644 Jeconiae
440 2595 676 2630 nonSalathielis
688 2593 755 2627 filii.
764 2591 913 2628 Profecffff)
928 2593 1063 2628 doetissi-

310 2658 377 2679 mus
387 2646 496 2692 ¹Junius
523 2644 573 2678 hic
590 2643 768 2678 temerarius
794 2643 912 2677 videtur
924 2667 935 2682 ,
963 2644 1016 2690 qui
1034 2653 1067 2677 ut

310 2694 461 2741 ‘Pedajam
474 2692 559 2729 &sex
568 2691 676 2727 fratres
690 2692 806 2740 Jecom'ae
818 2691 911 2731 filios,
919 2692 1066 2725 Salatln'e-

312 2744 345 2776 lia
357 2739 421 2777 non
437 2742 541 2778 fratres
555 2741 604 2777 sed
615 2741 697 2775 filios
717 2739 846 2780 efficiat,
862 2751 978 2774 textum
992 2753 1065 2774 cor-

313 2794 426 2839 rumpit
436 2807 445 2833 ;
456 2806 520 2827 non
531 2791 649 2827 tantum
656 2790 802 2826 vertendo
813 2790 1020 2837 copulativam
1029 2794 1067 2830 0²-

313 2854 367 2888 per
387 2841 576 2876 discretivam
595 2852 719 2879 autem3
745 2838 794 2874 sed
811 2840 902 2874 etiam
925 2839 1067 2875 addendo

313 2904 489 2937 pronomen
506 2891 609 2937 hujus,
628 2902 692 2924 non
704 2889 823 2922 tantum
836 2899 943 2922 contra
954 2889 1063 2929 verba,

314 2938 466 2974 sedetiam
480 2937 586 2975 contra
604 2951 746 2974 tenorem
759 2950 792 2972 ac
806 2937 933 2985 scopum
945 2937 1045 2972 textus
1054 2962 1064 2977 ,

315 2990 400 3033 quod
413 2991 497 3025 redte
511 3000 634 3024 notatur
648 2989 664 3023 a
676 2987 823 3032 Piscatore
836 3001 845 3019 :
866 2987 979 3034 Junius
999 2987 1065 3034 qui-

316 3037 385 3069 dem
399 3039 429 3070 in
437 3038 494 3072 hac
508 3038 683 3086 corruptela
695 3036 788 3071 habet
800 3037 960 3071 auctorem
975 3040 1065 3070 Vata-

316 3083 397 3117 blum
411 3109 419 3120 ‚
444 3085 492 3120 secl
511 3101 590 3134 quos
609 3087 719 3121 habeat
737 3084 877 3134 sequaces
899 3083 1022 3127 nescio,
1045 3085 1065 3120 fi

315 3133 484 3167 Deoclamm
496 3137 624 3182 excipias
633 3161 644 3176 ,
668 3136 862 3184 quiJunianis
874 3135 959 3183 plura
971 3136 1064 3175 addit,

313 3179 354 3217 fic
366 3182 496 3230 legendo
509 3183 680 3220 versum18.
692 3186 761 3220 Filii
772 3185 933 3222 Shealtielz's
944 3183 1066 3221 fuerunt

1092 159 1286 196 Malchiram
1298 162 1359 195 &c.
1383 169 1490 194 contra
1503 161 1685 209 originalem
1697 169 1729 201 ὃς
1742 177 1850 200 omnes

1092 223 1208 249 veteres
1221 219 1412 256 interpretes.

1151 258 1338 307 Paraphrafis
1359 258 1527 307 Chald-aica
1539 260 1570 293 in
1583 260 1680 296 libros
1694 266 1850 311 Paralipo-
1869 273 1945 295 Errat
1959 269 1999 294 in-

1094 310 1211 345 menon
1224 309 1304 343 nulla
1317 321 1455 356 unquam
1466 305 1534 349 fuit,
1545 307 1593 343 sed
1601 310 1722 351 Graeca,
1735 315 1850 350 Latina,
1867 315 1957 352 '‘VP'fJ
1967 312 2007 348 Sy·

1095 360 1228 406 Syriaca‚
1243 362 1274 393 δι
1288 357 1420 392 Arabica
1432 354 1602 399 versiones,
1615 361 1787 396 additiones
1799 363 1850 402 lias
1868 358 1908 376 '‘¹‘'
1917 356 1950 380 θ’
1959 353 1999 374 A'

1095 409 1248 452 rejiciunt.
1264 405 1413 455 Agnosco
1426 408 1457 441 in
1470 407 1532 442 hoe
1544 409 1618 443 loco
1627 410 1852 457 interpretatio-
1870 388 1935 416 rahs.

1095 469 1167 490 nem
1179 456 1329 501 Syriacam
1342 459 1373 491 δι
1382 456 1546 491 Arabicam
1558 462 1590 492 δι
1603 457 1696 506 ipsam
1711 461 1854 496 Graecam

1094 518 1161 539 non
1178 504 1241 539 effe
1255 505 1446 540 au&oritatis
1457 518 1573 554 magnae
1584 532 1595 548 ‚
1620 521 1691 543 nam
1704 511 1860 545 evidenter

1095 567 1206 589 omnes
1220 564 1285 588 tum
1299 555 1377 588 inter
1391 553 1419 588 se
1432 564 1499 589 tum
1514 568 1586 591 cum
1600 550 1741 606 originali
1754 584 1764 600 ,
1790 571 1858 594 tum

1095 617 1165 639 cum
1178 604 1274 639 veteri
1286 604 1411 643 Latino,
1425 607 1456 638 δι
1470 606 1693 641 recentioribus
1708 610 1857 644 omnibus

1095 652 1272 700 discrepant.
1286 653 1368 687 Nam
1382 653 1486 699 primo
1494 656 1584 701 Syrus
1592 660 1622 690 &
1630 657 1729 691 Arabs
1741 670 1859 693 nomen

1096 705 1166 747 Afir
1178 703 1311 737 omnino
1324 701 1436 737 delent.
1469 705 1626 744 Secundo,
1638 717 1697 753 pro
1711 707 1859 741 Salashie-

1096 754 1120 786 le
1134 755 1223 800 Syrus
1235 751 1310 798 legit
1329 752 1491 796 Afrashtel
1501 757 1532 788 ὃ(
1544 754 1645 789 Arabs
1658 756 1767 800 eschol,
1790 770 1858 805 quae

1098 814 1169 836 cum
1181 801 1324 834 Salathiel
1332 801 1409 834 nihil
1420 800 1534 838 habent
1545 802 1709 840 affinitatis.
1729 806 1856 841 Tertio.

1098 853 1163 886 Pro
1179 851 1291 897 Pedaja
1304 860 1432 897 uterque
1444 851 1518 899 legit
1529 856 1652 901 Peraja,
1664 855 1808 903 deceptus
1822 855 1860 890 fi-

1099 898 1272 935 militudine
1287 899 1442 933 literarum
1460 902 1558 935 daleth
1571 906 1601 937 &
1621 904 1697 938 resh.
1734 908 1859 954 Qarto

1100 950 1132 983 in
1144 961 1220 985 vers.
1236 959 1282 990 19.
1307 957 1437 996 uterque
1451 950 1637 984 Zorobabelis
1654 964 1772 999 patrem
1789 953 1860 989 facit

1103 997 1287 1047 Nedabiam
1299 1009 1358 1044 pro
1364 997 1507 1047 Pedajah.
1533 1001 1639 1036 Errata
1651 1000 1716 1036 haec
1728 1014 1860 1049 quatuor

1103 1049 1135 1082 in
1142 1047 1274 1083 versibus
1286 1047 1408 1082 duobus
1421 1061 1486 1082 non
1499 1049 1622 1096 possunt
1633 1049 1767 1087 defendi.

1161 1097 1273 1131 Graeca
1287 1097 1378 1131 etiam
1390 1099 1601 1133 Alexandrina
1613 1125 1623 1140 ,
1648 1112 1755 1136 contra
1768 1115 1859 1150 quarn
1878 1110 1909 1134 Et
1925 1109 2028 1135 Gratus.

1104 1149 1246 1180 Vaticana
1266 1149 1297 1180 &
1311 1158 1420 1180 omnes
1433 1148 1483 1182 alii
1495 1151 1613 1198 antiqui
1627 1163 1660 1184 ac
1673 1154 1861 1186 recentiores

1104 1196 1230 1230 Hebraei
1249 1195 1348 1229 textus
1362 1198 1544 1244 Interpretes
1557 1223 1566 1238 ‚
1591 1212 1650 1246 pro
1661 1201 1773 1249 Pedasa
1791 1200 1862 1235 sub-

1103 1244 1229 1278 stituens
1235 1244 1424 1279 Salathielem
1429 1247 1602 1282 Zorobabelz
1610 1250 1641 1283 in
1650 1261 1766 1297 patrem
1774 1263 1862 1298 aper-

1102 1294 1134 1329 te
1147 1304 1225 1328 errat
1236 1319 1246 1333 ‚
1270 1294 1341 1328 licet
1358 1297 1504 1330 Salashiel
1512 1297 1698 1333 zorobabelis
1716 1311 1801 1347 pater
1813 1313 1862 1334 re-

1102 1342 1172 1378 vera
1185 1342 1275 1378 fuerit
1287 1367 1298 1383 ,
1317 1347 1349 1378 &
1362 1343 1402 1378 fic
1414 1347 1502 1380 variis
1515 1348 1676 1395 Scripturae
1688 1344 1765 1384 locis
1779 1350 1861 1395 lerga-

1101 1404 1150 1428 tur
1165 1418 1175 1433 ,
1201 1394 1232 1427 in
1246 1393 1320 1426 loco
1333 1403 1434 1428 tamen
1451 1408 1511 1442 prae
1523 1397 1663 1431 manibus
1676 1390 1861 1432 Zorobalfm's

1101 1454 1185 1491 pater
1197 1455 1261 1476 non
1273 1442 1418 1475 salathiel
1428 1442 1476 1478 sed
1489 1445 1613 1491 Pedajas
1624 1446 1763 1482 habetur.
1775 1449 1863 1482 Mul-

1100 1504 1198 1541 toque
1212 1489 1318 1538 potius
1331 1491 1363 1524 in
1371 1492 1580 1527 Alexandrino
1593 1494 1644 1529 hic
1651 1497 1814 1543 exemplari
1825 1497 1862 1530 li·-

1100 1553 1149 1577 cet
1178 1542 1248 1574 alias
1272 1540 1497 1586 praeclariffimo
1522 1543 1670 1578 mendum
1694 1543 1863 1593 agnoscen-

1101 1592 1189 1628 dum,
1217 1588 1309 1637 quam
1326 1589 1358 1622 in
1372 1590 1525 1639 Originali
1539 1593 1680 1628 Hebraeo
1695 1598 1727 1630 &
1746 1595 1864 1629 Graeco

1102 1644 1242 1675 Vaticano
1256 1637 1430 1686 caeterisque
1443 1641 1589 1677 omnibus
1611 1642 1823 1685 versionibus,
1847 1643 1864 1678 ὲ

1101 1690 1213 1740 quibus
1227 1687 1441 1723 Alexandrina
1454 1690 1505 1726 hic
1518 1691 1674 1741 discrepat.

1147 1742 1196 1776 Ex
1209 1739 1301 1775 dietis
1315 1748 1399 1785 patet
1413 1753 1467 1775 cur
1479 1742 1670 1777 Salathielem
1682 1743 1793 1777 Pedaia
1805 1740 1865 1777 fra-

1100 1802 1179 1826 trem
1198 1802 1263 1824 non
1282 1786 1384 1823 filium
1401 1791 1605 1833 arbitremur;
1633 1793 1774 1840 adeoque
1793 1805 1863 1827 cum

1100 1841 1276 1890 Spanhemio
1284 1841 1316 1872 &
1326 1839 1443 1875 Tertiis
1451 1851 1558 1876 contra
1565 1844 1689 1876 Iunium
1701 1846 1733 1877 &
1747 1844 1864 1876 Secun-

1100 1892 1159 1925 dos
1173 1889 1375 1925 assentiamur.
1407 1890 1510 1925 Affert
1526 1891 1577 1926 hic
1590 1891 1716 1939 quidem
1734 1890 1864 1939 Spanhe-

1099 1944 1178 1975 min,-
1191 1953 1249 1988 pro
1261 1937 1367 1973 nostra
1374 1936 1522 1975 sententia
1529 1951 1742 1988 argumentum
1752 1964 1762 1979 ,
1776 1939 1863 1987 quod

1101 1991 1193 2025 nobis
1205 2003 1271 2024 non
1292 1988 1425 2023 omnint>
1444 1990 1560 2038 placet3
1586 1991 1699 2038 probat
1719 1989 1865 2023 Salathie-

1101 2041 1157 2073 lem
1177 2040 1299 2089 ‘Pedajae
1322 2033 1465 2080 fratrem,
1490 2040 1562 2088 quia
1574 2039 1645 2074 alias
1658 2042 1784 2074 Iecom'as
1798 2049 1863 2070 non

1102 2088 1250 2133 habuisset
1263 2086 1366 2137 plures
1379 2087 1463 2123 filios
1476 2114 1486 2129 ‚
1515 2091 1577 2134 jam
1590 2089 1667 2124 vero
1686 2085 1747 2133 ipse
1760 2096 1862 2120 textus

1102 2150 1191 2174 notat
1198 2136 1399 2186 pluralitatem
1412 2137 1549 2172 filiorum
1558 2137 1696 2183 Jeconiae
1710 2135 1742 2170 in
1756 2135 1864 2169 norni-

1101 2208 1139 2229 ne
1158 2196 1265 2241 plurali
1287 2194 1350 2241 ᾖξ’)
1366 2208 1376 2234 ;
1396 2192 1521 2225 firmum
1540 2190 1603 2225 hoc
1615 2203 1681 2225 non
1696 2191 1740 2225 est
1753 2189 1862 2225 funda-

1101 2260 1256 2282 mentum:
1282 2241 1427 2295 frequens
1442 2249 1545 2287 enim,
1573 2249 1604 2282 in
1619 2248 1706 2282 libris
1719 2247 1862 2283 Chroni-

1101 2310 1209 2331 corum
1223 2298 1254 2330 in
1267 2297 1375 2342 primis
1389 2322 1400 2336 ‚
1426 2296 1470 2331 est
1489 2296 1637 2345 Enallage
1655 2297 1778 2331 numeri
1793 2297 1863 2344 plu-

1101 2346 1168 2379 ralis
1184 2358 1242 2393 pro
1256 2345 1407 2393 singulari.
1443 2347 1479 2379 In
1498 2344 1580 2380 versu
1599 2345 1665 2393 ipso
1678 2346 1863 2394 praecedenti

1102 2400 1146 2429 16.
1164 2395 1295 2443 legimus
1307 2394 1483 2443 IehojalQ'mi
1496 2393 1580 2430 filios
1594 2396 1626 2430 in
1637 2395 1762 2443 plurali,
1789 2394 1861 2430 esim

1102 2456 1205 2486 tamen
1217 2443 1416 2492 subjungatur
1427 2457 1503 2479 unus
1514 2444 1633 2480 tantum
1645 2447 1710 2490 ejus
1722 2445 1802 2479 filius
1815 2448 1862 2478 Ie-

1102 2498 1199 2529 conias
1216 2509 1227 2528 :
1257 2495 1344 2542 quod
1356 2494 1393 2529 ad
1406 2494 1572 2537 Zedekg'am
1584 2495 1639 2542 qui
1650 2497 1799 2528 Iecom'am
1816 2493 1862 2527 ibi

1104 2544 1248 2593 sequitur,
1262 2556 1326 2577 non
1334 2543 1450 2578 necesse
1458 2543 1503 2579 est
1511 2554 1544 2579 ut
1553 2556 1624 2578 eurn
1636 2541 1781 2578 faciamus
1791 2555 1863 2591 per-

1104 2592 1208 2628 sonam
1221 2592 1559 2637 distin&amaZedekis2
1572 2593 1681 2640 Rege,
1695 2593 1748 2640 qui
1761 2593 1805 2627 ibi
1813 2592 1862 2626 di-

1104 2645 1181 2678 citur
1194 2646 1307 2677 Iecom'ae
1320 2641 1400 2676 filius
1414 2643 1486 2690 quia
1500 2646 1564 2688 ejus
1577 2643 1608 2676 in
1621 2644 1738 2691 Regno
1751 2637 1862 2676 succes-

1103 2691 1169 2732 sor,
1190 2693 1261 2726 licet
1273 2690 1354 2726 filius
1367 2692 1508 2726 naturalis
1521 2691 1614 2726 fuerit
1624 2693 1692 2735 Iofiae
1705 2695 1736 2727 δε
1748 2692 1861 2724 Iecom'ae

1104 2751 1226 2788 patruus
1240 2741 1326 2775 nullo
1333 2741 1407 2777 vero
1415 2742 1513 2777 modo
1520 2740 1600 2775 filius
1613 2741 1800 2788 lehojakimi,
1809 2737 1859 2772 sed

1104 2790 1126 2825 fi
1144 2801 1282 2825 naturam
1305 2791 1440 2826 intueare
1451 2815 1462 2830 ,
1486 2789 1578 2825 frater
1592 2804 1602 2830 ;
1625 2789 1647 2823 fi
1663 2790 1782 2834 legem,
1802 2800 1859 2821 ne-

1104 2853 1162 2888 pos
1176 2854 1184 2881 ;
1211 2850 1320 2888 utpote
1334 2838 1481 2874 successor
1495 2839 1613 2874 tantum
1627 2837 1774 2872 mediatus
1788 2836 1859 2882 post

1104 2893 1250 2923 Ieconiam
1264 2904 1273 2920 :
1298 2887 1381 2924 versu
1394 2890 1485 2923 etiam
1500 2900 1546 2922 22.
1569 2885 1719 2920 habentur
1736 2885 1792 2919 filii
1810 2889 1860 2919 Se-

1104 2937 1210 2971 chaniae
1228 2939 1259 2971 in
1275 2949 1407 2971 nurnero
1426 2936 1553 2983 plurali,
1580 2934 1652 2969 cum
1665 2945 1767 2970 tamen
1781 2947 1860 2969 unus

1103 2985 1221 3022 tantum
1234 2990 1298 3030 ejus
1313 2984 1393 3019 filius
1405 2994 1596 3019 memoretur
1609 2984 1766 3018 Semaiah:
1785 2983 1859 3018 hinc

1104 3036 1148 3072 est
1161 3035 1248 3084 quod
1259 3037 1439 3081 Interpretes
1453 3044 1514 3068 tam
1527 3036 1617 3081 Syrus
1624 3034 1856 3082 quamGraecus

1104 3091 1135 3122 δὲ
1148 3085 1274 3120 Latinus
1293 3094 1410 3120 vertant
1423 3084 1593 3119 Hebraeum
1607 3084 1639 3118 in
1656 3084 1762 3132 plurali
1774 3082 1856 3117 filios

1103 3148 1158 3185 per
1170 3134 1316 3182 singulare
1331 3132 1441 3167 filium.

1150 3185 1201 3221 Ad
1214 3183 1342 3220 dubium
1360 3183 1493 3232 primum
1510 3183 1574 3218 hoc
1590 3182 1710 3218 tantum
1729 3180 1859 3264 addamd,

1768 3241 1833 3277 quo
