2048 3343
278 105 356 136 218
641 93 952 130 OPER13

274 165 452 216 pepercisse
467 180 478 211 3
496 164 548 201 sed
560 164 602 199 de
611 166 794 212 Philopatore
806 165 940 199 historia
951 170 1032 197 Mat-

271 221 334 253 thia
344 217 390 251 est
400 226 647 251 commentum.
676 218 799 249 Verum
809 215 854 249 est
873 215 1032 259 Usherium

271 269 373 302 etiam
391 279 465 300 eam
485 263 634 300 fabulam
656 264 799 300 multum
822 265 953 298 auctam
974 262 1032 304 suo

274 317 452 351 Chronico
466 314 628 356 infarcire,
639 313 691 349 sed
703 314 880 349 confitetur
889 326 926 348 ex
938 317 1031 361 Apo-

272 365 398 413 crypho
419 365 495 413 ipsis
515 365 612 399 etiam
631 363 819 399 Pontificiis
835 363 919 397 libro
930 365 1030 398 tertio

271 414 539 450 Maccabaeorum
554 414 748 455 dedu&am‚
762 413 919 448 addendo
933 413 1030 448 Philo-

263 464 392 512 storgum
403 463 526 500 librum
547 466 643 499 istum
658 459 884 513 portentosum
896 462 1028 501 vocfiffe,

100 540 102 542 v
271 525 392 562 utpote
402 512 523 549 fabulis
533 512 736 562 portentosis
747 513 920 548 refertum.

115 564 215 597 Mortui
320 567 487 611 Philopator
504 563 520 600 ὲ
540 565 631 599 bellis
647 563 732 599 liber
752 575 861 599 totum
881 562 910 595 se
927 562 960 594 in
973 557 1027 592 lu-

112 608 231 654 Thilopa-
270 626 350 648 xum
372 612 509 650 effudit.
555 615 703 650 Uxorem
722 613 877 646 incestam
897 610 1026 655 Arsinoen

110 655 239 719 {2235}
270 663 467 706 trucidavit,
489 664 764 711 gubernationem
778 659 1025 707 RegniAgatho-

110 706 247 758 lexmdri:
268 716 327 749 cleae
337 713 463 755 scorto,
474 711 607 759 ejusque
617 711 708 746 fratri
718 710 881 757 Agathocli,
891 721 1024 743 eorum-

109 771 229 799 m'excar-
269 776 335 810 que
348 766 445 798 matri
457 764 593 798 Euanthe
606 759 753 794 tradidit.
787 763 850 794 Per
867 759 1024 806 volupta—

111 811 222 848 nificane,
268 824 316 848 tes
327 814 457 847 tandem
470 810 591 845 viribus
602 808 762 843 exhaustis
773 810 944 856 expiravit,
955 809 1027 841 Re-

265 864 322 909 gni
335 863 468 897 decimo
478 860 751 907 septimo,reli6ko
761 857 832 893 filio
841 859 1029 905 quinquen-

265 913 347 946 niex
369 911 479 955 Arsinoe
498 908 645 944 Ptolemae
665 911 816 956 Epiphane.
843 910 922 942 Non
938 906 1026 954 prius

262 962 422 1008 expiravit
454 962 622 1007 Philopator
657 971 760 1004 quam
800 957 1025 993 Alexandrina

259 1008 355 1057 plebs
375 1020 490 1044 contra
515 1010 640 1044 aulicos
659 1007 820 1042 seditione
841 1008 1026 1048 commotfi,

259 1059 684 1110 Agathoclem‚sororemqne
696 1062 870 1091 &matrem
882 1059 915 1089 in
929 1057 1024 1091 strata

260 1112 452 1155 protrad‘tos
471 1133 480 1145 ‚
508 1112 542 1142 δέ
564 1109 658 1141 omni
686 1106 831 1140 ludibrio
854 1105 1024 1154 expositos

261 1159 357 1193 variis
378 1157 578 1194 cruciatibus
598 1155 850 1192 excarnificatos
882 1168 1022 1192 necave—

261 1209 340 1244 rint.

102 1267 232 1298 diluam
313 1260 470 1292 Antiochus
488 1267 604 1291 contra
623 1258 753 1291 Achamn
774 1251 1019 1288 consobrinum

101 1308 231 1344 &Cretenfi
258 1308 411 1342 diadema
430 1307 600 1340 nolentem
614 1306 782 1353 deponere
794 1315 910 1337 movet
919 1316 1025 1343 arma,

93 1350 221 1399 prodztfim
259 1368 362 1403 parvo
387 1353 503 1389 labore
527 1357 648 1400 junffitis
670 1367 747 1388 cum
780 1354 896 1388 Attalo
915 1354 1022 1400 copiis

101 1395 211 1461 ‘'²⁶²⁰‘’ss
258 1409 386 1442 Achaum
397 1406 579 1454 provinciis
593 1409 627 1439 δε
637 1401 827 1439 civitatibus
839 1401 972 1450 spoliat,
986 1407 1019 1438 &

99 1443 223 1504 :hipsoccz-
257 1458 394 1492 Sardium
412 1466 487 1489 arce
506 1454 652 1488 clausum
674 1451 811 1487 obsidet
830 1478 839 1494 ‚
865 1455 944 1487 dnm
957 1453 1021 1487 loci

140 1497 147 1505 ⁰
257 1505 412 1540 firmitate
424 1501 604 1538 floccifacit
616 1505 725 1539 Achaus
737 1498 932 1537 obfidentes
945 1528 955 1544 ‚
976 1502 1018 1536 ab

256 1558 368 1589 amicis
388 1555 549 1602 perditur.
590 1555 681 1588 Cum
703 1554 798 1588 Bolidc
819 1552 969 1587 Cretenfi
982 1566 1019 1587 ex

255 1605 482 1640 oblidentium
508 1602 648 1640 ducibus
681 1615 750 1637 uno
782 1603 910 1637 viarum
938 1605 1020 1637 arcis

253 1653 493 1702 gnaro,magn3
508 1653 643 1701 pecunifi
659 1650 887 1700 repraesentat-st
902 1656 935 1687 &
949 1665 1025 1686 ma-.

250 1708 314 1749 jori
327 1704 484 1752 promissa
497 1729 506 1744 ,
526 1706 686 1739 Ptolemaeus
699 1707 733 1737 &
747 1702 800 1735 alii
812 1704 906 1737 Achaeo
918 1704 1015 1736 amici

254 1753 457 1803 transigunt,
476 1766 511 1788 ut
520 1766 559 1788 ex
570 1766 643 1788 arce
655 1753 762 1786 nodku
775 1753 897 1787 Achaeum
910 1752 1014 1786 dedu-

255 1815 341 1838 ceret
356 1804 439 1839 ultra
450 1805 582 1839 Antiochi
593 1803 707 1838 castra.
723 1804 792 1835 Dat
803 1802 873 1836 Bolis
883 1801 1013 1835 firmam

254 1852 433 1889 fidem‚sed
445 1865 479 1888 ut
494 1852 689 1888 Cretensem
704 1850 1015 1900 agnosca3‚Antioclio

252 1901 377 1936 revelat
395 1915 549 1937 arcanum
570 1918 579 1942 ;
610 1907 643 1936 ὃ(
670 1902 717 1936 ob
747 1904 852 1945 majus
873 1904 1012 1947 pretium

254 1951 406 1986 Cretensi
418 1951 483 1987 fide
494 1953 620 1987 Athacum
632 1951 809 1985 secundum
821 1953 918 1998 pacta
931 1964 1014 1985 con-

250 2012 349 2035 venta
364 2001 485 2035 ducens
497 2014 535 2035 ex
547 1998 773 2040 arce,nntiocho
783 2002 882 2034 tradit
893 2004 924 2034 in
939 2014 1012 2035 ma-

251 2061 313 2084 nus
326 2065 332 2089 ;
348 2049 442 2097 aquo
455 2053 567 2086 Achaeus
577 2049 752 2083 crudeliter
765 2053 798 2084 ὃς
810 2051 1010 2096 ignominio-

248 2098 279 2133 se
291 2110 397 2133 tortus
409 2101 610 2135 exanimatus
625 2098 682 2134 est.

281 2149 397 2183 Audita
406 2152 715 2197 Philopatoris,m0rte
728 2148 879 2184 Antiochus
888 2150 1010 2185 iterum

250 2196 292 2230 ad
305 2199 439 2244 AEgypti
452 2201 607 2243 Regnum
625 2197 777 2244 aspiravit
792 2226 800 2238 ‚
816 2212 853 2232 ex
872 2203 1012 2236 Ptolemaei

249 2249 398 2293 Epiphanis
418 2245 556 2279 infantia
579 2246 701 2292 magna
728 2249 796 2287 ejus
824 2252 1012 2294 occupandi

248 2295 302 2343 spe
315 2296 469 2342 impletus
492 2308 500 2329 :
520 2293 661 2341 quoque
673 2292 801 2327 facilius
812 2297 933 2341 cupitis
945 2308 1011 2339 po-

251 2347 364 2379 tiretur
378 2370 387 2385 ,
412 2356 488 2378 cum
506 2342 631 2391 Philippo
650 2342 847 2377 Macedone
863 2344 903 2378 de
925 2344 1010 2378 divi-

249 2394 463 2430 dendisinter
473 2393 502 2426 se
516 2393 772 2440 Ptolemaeiregnis
782 2390 892 2427 foedus
903 2395 987 2428 iniit.

299 2446 460 2479 Ptolemaus
469 2445 667 2489 Philadelphus
678 2453 713 2476 ut
724 2444 869 2489 primum
878 2444 969 2477 Rom
975 2456 1010 2477 a-

247 2506 372 2528 norum
399 2505 527 2527 nomen
549 2491 624 2527 orbi
651 2493 756 2539 coepit
783 2493 1010 2530 innotescere,

247 2547 357 2594 Pyrrho
384 2554 442 2590 per
466 2541 613 2590 ipsorum
640 2554 732 2575 arma
766 2540 861 2576 Italia
884 2546 1007 2587 ejecto,

246 2593 341 2627 miss-51
354 2595 501 2627 Romam
521 2590 693 2640 splendid-‘⁴2
709 2591 878 2639 legatione
889 2595 1008 2627 amici-

246 2644 299 2677 tiae
321 2642 429 2677 foedus
451 2654 526 2675 cum
540 2641 669 2688 populo
681 2642 843 2675 Romano
857 2644 1004 2690 pepigit:

249 2706 322 2727 eam
334 2693 514 2726 amicitiam
528 2691 1007 2737 Euergetercoluit‚&Philopator

250 2741 475 2777 moribundus
495 2741 537 2774 ab
567 2742 705 2774 Antiocho
722 2750 872 2774 metuens
896 2752 1006 2788 popu-

249 2790 317 2825 lum
330 2793 522 2825 Romanum
543 2790 601 2824 suo
622 2788 692 2823 filio
708 2789 1006 2836 Regnisqueutnto-

250 2853 319 2874 rem
332 2836 771 2886 cqiistituit.Prornpt1ffiine‘
782 2851 854 2872 eam
869 2842 1006 2875 tutelam

250 2891 399 2923 Romani
409 2889 636 2938 susceperunt:
658 2901 727 2922 non
742 2900 809 2922 tam
824 2892 1006 2926 Ptolemaei&

249 2941 477 2987 AEgyptiorum
506 2940 614 2974 studio
635 2964 645 2980 ‚
671 2938 769 2986 quam
789 2941 1008 2985 praevidentes

251 2993 427 3023 maximam
439 2989 516 3024 inde
528 2991 585 3024 suo
598 2990 746 3037 Imperio
766 2990 936 3026 dilatando
946 3003 1003 3026 oc-

251 3035 417 3071 casionem
427 3040 682 3074 administratum
695 3041 744 3074 iri.

302 3089 457 3121 Antiochus
474 3088 620 3134 primum
637 3091 669 3123 in
681 3090 805 3136 Syriam
820 3090 927 3124 movit
941 3117 951 3131 ,
974 3092 1005 3124 ei

95 3123 236 3202 {zellia
251 3147 290 3169 ex
309 3137 452 3182 AEgypto
468 3141 609 3172 occurrit
627 3147 727 3187 Scopas
742 3141 867 3174 AEtolus
880 3153 1005 3187 magno

96 3208 185 3243 Scope.

252 3197 329 3235 cum
342 3186 481 3220 exercitu
496 3204 505 3227 5
529 3194 648 3235 Scopam
667 3191 821 3226 Antiochus
836 3190 1005 3227 debellans

1015 93 1494 130 H1s-ron1cr

1088 165 1205 198 iterum
1218 164 1251 197 in
1263 165 1356 210 Syriae
1375 163 1602 211 poffeffionem
1616 166 1752 202 devenit
1774 192 1784 209 ‚
1813 172 1844 202 δε

1087 215 1166 248 dum
1177 215 1259 248 ultra
1269 215 1301 247 in
1313 216 1493 262 AEgyptum
1508 213 1653 257 duceret,
1665 228 1845 251 occurrunt

1085 262 1185 311 legati
1204 265 1456 304 Romanorum,
1470 263 1620 306 jubentes
1630 266 1841 301 abstinereab
1958 305 1964 313 ¹

1084 315 1242 361 AEgypto‚
1253 327 1325 361 qnae
1336 313 1393 347 sub
1405 314 1548 362 ipsorum
1560 312 1636 348 esset
1648 316 1768 351 tutela:
1788 330 1839 351 re·
1859 303 1964 369 ἥψω

1085 375 1227 410 pugnare
1242 376 1309 398 non
1329 364 1422 400 ausus
1440 367 1593 398 Antiochus
1611 365 1792 400 retroceslit
1805 369 1838 400 in
1856 353 1965 413 ZZZ,-

1084 413 1226 458 Syriam.
1262 412 1452 460 Reliquerat
1469 421 1568 460 Scopas
1590 415 1622 447 in
1643 413 1838 462 Hierosoly-
1856 424 1925 454 dmm
1935 425 1981 455 ab.

1084 473 1219 495 morum
1239 475 1311 496 arce
1328 462 1512 510 praesidium
1529 479 1537 504 ·,
1567 464 1630 498 hoc
1649 466 1681 497 in
1709 467 1837 500 Antiochi
1852 468 1945 500 [tmere

1081 512 1216 556 gratiam
1230 511 1337 559 Judaei
1348 514 1620 558 ejeceruntgobid
1634 512 1784 549 officium
1798 513 1836 548 fit
1855 507 1905 546 AEk'
1923 516 1978 547 ΡΜ·

1082 561 1245 596 Antiochus
1255 560 1375 607 Judaeis
1394 560 1609 598 amicissimus
1629 589 1639 603 ,
1666 568 1700 598 &
1722 567 1835 600 multis
1853 553 1965 619 gffny‘zl'
1982 592 1990 599 .
2016 580 2027 616 5

1081 610 1242 658 templum
1254 613 1398 646 donariis
1409 624 1514 646 ornat.
1853 600 2001 661 aniliulifm'
2027 612 2029 614 η

1129 660 1358 696 Successorum
1370 661 1540 697 Alexandri
1550 665 1704 708 potentia
1716 666 1750 696 &
1760 661 1835 710 glo·
1854 674 1966 709 Postero·-
2020 669 2039 737 ὲ

1080 710 1199 755 riajam
1214 711 1368 758 vergebat
1378 714 1410 746 in
1423 710 1573 745 occasum
1585 736 1595 751 ‚
1609 717 1642 746 δέ
1656 714 1835 747 Romano-
1853 725 1905 742 rum
1913 716 1981 752 Pyr·
2022 718 2039 756 ἐς

1078 771 1150 793 rum
1164 760 1331 795 oriebatur
1345 774 1353 795 :
1379 762 1454 807 post
1466 764 1608 806 Pyrrhum
1621 765 1655 796 ὃ(
1668 765 1836 809 Carthagi-
1854 754 1993 797 '7⁷³‘xlms
2022 771 2041 809 'J‘

1079 811 1169 855 nenses
1184 835 1198 855 ³,
1212 822 1260 843 res
1281 808 1358 857 ipfis
1369 809 1431 845 fuit
1442 823 1520 844 cum
1534 813 1660 858 Philippo
1671 815 1839 854 Macedone,
2012 815 2043 874 »ᾇ

1079 860 1241 904 quamdiu
1258 858 1310 892 hic
1334 860 1422 893 stetit
1443 860 1587 908 agebant
1601 862 1748 896 modeste
1762 861 1837 896 satis

1080 919 1154 940 cum
1168 904 1317 942 Antiocho.
1330 911 1484 955 Antigonus
1495 917 1620 945 Gonatiu
1631 910 1698 956 post
1711 915 1841 947 multo-

1078 969 1152 990 rum
1174 969 1340 991 annorum
1363 959 1523 1005 Regnum
1539 958 1752 995 successorem
1767 964 1840 996 teli-

1078 1009 1148 1052 quit
1162 1005 1266 1041 filium
1277 1009 1474 1043 Demetrium:
1488 1020 1564 1042 cum
1577 1010 1752 1051 Alexander,
1765 1014 1841 1062 Pyr·-

1077 1054 1121 1090 rhi
1152 1055 1239 1090 filius
1273 1056 1459 1105 transfugio
1492 1059 1637 1092 militum
1663 1062 1839 1107 Antigonum

1076 1105 1234 1153 spolifisset
1244 1105 1456 1147 Macedonia,
1468 1108 1632 1143 Demetrius
1643 1107 1838 1144 admodum

1074 1155 1264 1191 adolescens
1275 1158 1484 1192 Alexandrum
1496 1170 1564 1192 non
1576 1160 1704 1192 tantum
1719 1160 1838 1193 Mace-

1075 1205 1176 1239 donia
1197 1230 1207 1245 ,
1237 1204 1294 1239 sed
1313 1208 1415 1240 etiam
1435 1208 1535 1253 Epiro
1557 1210 1673 1251 ejecit,
1708 1208 1837 1243 Verum

1074 1254 1218 1289 adultior
1241 1255 1319 1289 nihil
1347 1268 1407 1301 pro
1436 1254 1643 1291 fortitudinis
1670 1258 1705 1290 in
1721 1258 1840 1293 adole-

1074 1305 1196 1338 scentia
1207 1303 1297 1338 sama
1309 1305 1413 1353 geffis,
1428 1319 1563 1340 uxorem
1574 1305 1691 1340 habuit
1702 1311 1838 1344 Antiochi

1073 1356 1200 1390 Hieracis
1218 1353 1322 1388 filiam
1350 1368 1358 1388 ε
1385 1357 1546 1391 Alexander
1567 1359 1668 1402 Pyrrhi
1685 1356 1836 1393 sororem

1072 1404 1160 1439 suam
1190 1406 1388 1451 Olympiadem
1409 1418 1548 1439 uxorem
1571 1409 1732 1441 duxerat.
1778 1410 1833 1443 De

1072 1454 1193 1488 incesto
1205 1455 1270 1487 hoc
1284 1455 1502 1488 matrimonio
1515 1457 1583 1489 nati
1597 1456 1653 1489 filii
1666 1455 1735 1490 duo
1760 1479 1770 1493 ‚
1796 1461 1834 1493 &c

1073 1505 1166 1537 variae
1189 1503 1281 1538 filiae.
1325 1504 1466 1537 Mortuo
1493 1506 1660 1538 Alexandro
1688 1508 1832 1553 Olympiae

1072 1552 1159 1587 bello
1172 1552 1271 1600 prelia
1285 1553 1326 1586 ab
1341 1555 1472 1593 AErolis,
1483 1552 1647 1600 suppetias
1658 1552 1674 1588 ἒι
1685 1558 1834 1590 Demetrio

1073 1603 1265 1638 Macedone
1283 1604 1376 1650 petiit
1390 1627 1398 1642 ‚
1418 1603 1533 1637 tradita
1546 1604 1574 1637 ei
1585 1606 1618 1636 in
1632 1616 1769 1638 uxorem
1783 1604 1837 1640 sua

1070 1651 1136 1687 filia
1159 1656 1262 1694 Pythia
1286 1667 1297 1687 .·
1324 1652 1474 1686 secundae
1491 1653 1539 1687 hae
1557 1654 1677 1699 nuptiae
1698 1656 1837 1688 uxorem

1069 1704 1211 1738 Demetrii
1225 1704 1373 1751 priorem
1385 1714 1427 1736 eo
1442 1702 1542 1750 nsque
1555 1701 1786 1745 offenderunt,
1799 1714 1836 1738 ut

1069 1754 1108 1786 ad
1122 1764 1250 1798 patrem
1265 1755 1438 1787 Antiochum
1455 1753 1670 1799 queribunda
1683 1752 1833 1800 fugeret:

1069 1802 1169 1849 paulo
1194 1802 1267 1850 post
1285 1813 1426 1849 uterque
1449 1804 1608 1838 Alexandri
1633 1801 1720 1837 filius
1743 1803 1834 1842 tabe,

1069 1864 1253 1899 eorumque
1276 1864 1381 1887 mater
1409 1854 1553 1904 Olympias
1578 1851 1698 1886 dolore
1716 1880 1728 1896 9
1760 1852 1834 1886 imo

1069 1914 1184 1937 caetera
1196 1904 1306 1937 omnis
1319 1905 1420 1952 Pyrrhi
1433 1903 1603 1949 posteritas
1616 1903 1795 1948 perierunt.

1116 1956 1280 1988 Demetrius
1291 1955 1389 1987 etiam
1407 1951 1482 2000 post
1505 1963 1670 1984 annorum
1693 1950 1829 1984 duode-
1848 1950 1971 1989 Antigo-

1067 2004 1131 2036 cim
1145 2015 1286 2050 tegnnm
1299 2003 1477 2050 expiravit,
1495 2001 1609 2036 relicto
1623 1999 1696 2034 filio
1708 2000 1830 2034 adrno-
1847 1993 1990 2060 ’ffi‘fff'n

1067 2053 1146 2086 dum
1159 2053 1513 2101 pueroPhilippo,eique
1525 2052 1558 2084 in
1570 2061 1718 2085 tutorem
1731 2047 1829 2084 fratre
1849 2040 1960 2102 tut’ffi'p’

1068 2106 1227 2151 Antigono,
1245 2105 1575 2150 cuicognomentum
1589 2100 1684 2146 Doson
1702 2125 1711 2139 ,
1739 2097 1831 2144 quod

1066 2153 1235 2187 donorum
1248 2154 1280 2186 in
1296 2151 1442 2199 praesenti
1454 2162 1583 2197 parcns,
1596 2145 1829 2194 promissorum

1066 2204 1098 2235 in
1109 2202 1257 2236 futurum
1269 2205 1377 2246 largus
1386 2200 1472 2233 ess'et.
1491 2199 1549 2230 Vir
1561 2197 1614 2229 hic
1627 2195 1723 2229 fortis
1733 2194 1830 2232 simul

1065 2255 1096 2282 δι’
1119 2251 1266 2295 prudens
1280 2260 1348 2281 rem
1374 2245 1635 2279 Macedonicam
1665 2244 1751 2280 belle
1765 2246 1828 2289 ad-

1065 2295 1363 2330 ministmvincutn
1376 2296 1494 2329 tutoris
1505 2306 1630 2328 nomen
1642 2296 1674 2327 in
1684 2308 1828 2342 regnum

1065 2344 1163 2380 vellet
1188 2356 1398 2379 commutare
1423 2368 1433 2385 ,
1460 2343 1603 2391 populns
1628 2341 1829 2379 seditionem

1065 2397 1179 2434 movit,
1190 2396 1297 2429 statim
1313 2397 1368 2429 ille
1381 2393 1578 2429 diadema&
1589 2406 1690 2427 omne
1703 2393 1829 2441 guber-

1063 2457 1185 2479 namen
1197 2446 1230 2478 in
1244 2445 1362 2492 populi
1377 2456 1490 2478 manus
1504 2441 1674 2489 deposuit,
1690 2443 1826 2478 suadens

1065 2509 1099 2530 ea
1110 2496 1227 2543 quibus
1240 2494 1371 2528 luberet
1392 2492 1422 2528 se
1435 2492 1661 2527 volentiffimo
1675 2493 1823 2527 tradere:

1063 2544 1120 2579 hac
1147 2544 1342 2592 tempestiva
1361 2542 1577 2577 submiffione
1603 2540 1747 2589 eousque
1773 2554 1824 2575 tu-

1063 2597 1286 2630 multuantem
1298 2591 1462 2640 populum
1476 2590 1631 2626 demulsit
1650 2616 1660 2631 ‚
1686 2604 1721 2626 ut
1739 2591 1826 2626 sedi-

1061 2647 1163 2679 tionis
1181 2647 1334 2678 auctores
1358 2643 1547 2675 necaverint
1560 2669 1568 2680 ‚
1583 2642 1679 2686 eique
1691 2643 1822 2689 plenam

1061 2694 1104 2728 ad
1123 2693 1216 2727 suum
1239 2695 1398 2740 placitum
1421 2692 1532 2739 Regni
1559 2691 1820 2725 administratio-

1060 2755 1136 2776 nem
1148 2742 1304 2777 redderet.
1332 2741 1487 2775 Dardanos
1495 2741 1644 2774 Thraciae
1653 2741 1816 2787 populum

1058 2795 1146 2827 Haemi
1158 2790 1315 2830 accolam,
1328 2789 1520 2835 frequentet
1532 2793 1566 2824 in
1580 2790 1818 2824 Macedoniam

1057 2844 1278 2889 irrumpentes
1289 2840 1445 2889 repressit,
1458 2840 1629 2874 Thefl'alos
1642 2863 1652 2878 ‚
1667 2838 1818 2872 Graecos-

1059 2904 1123 2939 que
1143 2891 1286 2925 deficere
1312 2902 1461 2938 parantes
1481 2891 1614 2924 suorum
1642 2900 1814 2922 armorum

1058 2953 1149 2977 metu
1161 2940 1324 2978 cohibuit.

1107 2991 1173 3026 Sed
1186 2992 1327 3023 maxima
1344 2993 1378 3023 &
1390 2985 1619 3036 gloriosissima
1630 2990 1699 3032 ejus
1713 3000 1810 3033 expe-
1831 2993 1967 3020 Graecorum

1055 3039 1137 3074 ditio
1164 3050 1280 3074 contra
1303 3039 1575 3072 Lacedaemonios
1602 3035 1680 3073 fuit.
1732 3037 1809 3071 Post
1827 3033 1957 3078 nfirm'm

1057 3091 1216 3126 Alexandri
1226 3100 1378 3136 tempora
1390 3090 1583 3122 Graecorum
1598 3100 1698 3121 omne
1707 3087 1811 3121 robur
1830 3082 1923 3102 ''mm''

1055 3143 1090 3174 in
1110 3142 1287 3174 minutulas
1303 3139 1473 3185 portiones
1496 3138 1630 3172 divisum
1650 3149 1810 3171 contem-

1055 3191 1209 3227 nebatur,
1220 3188 1452 3237 erectisprope
1469 3191 1503 3223 in
1522 3187 1653 3235 singulis
1665 3189 1808 3240 provin-

1749 3245 1807 3268 cns
