2048 3343
21 1414 107 1441 Vtrum

17 1453 148 1488 Themisto-

17 1495 63 1521 cles
65 1497 137 1532 juge-

18 1537 53 1562 rie
60 1534 92 1561 ad
95 1537 120 1561 X
121 1545 156 1561 er-

20 1585 77 1602 atem
85 1586 118 1601 «m
126 1574 159 1602 ad

20 1618 159 1645 „Artaxer-

21 1666 73 1683 xem
81 1657 94 1683 ἓ

397 119 480 146 ΕΤ
540 107 1205 145 Cnnonotoc1c1

181 183 330 218 distantia
363 181 447 221 inter
471 179 645 226 septimum
674 182 709 213 δε
730 175 922 224 vigesimum

178 236 348 267 Artaxerxi&
368 228 538 277 perptifilla
563 229 660 264 fucrit
681 227 777 260 unius
791 220 920 257 tantum

177 281 321 316 biennii:
333 293 404 327 quae
416 279 535 326 vulgari
547 275 754 311 distinffionc
765 270 919 306 inclusio·

175 331 225 363 nis
238 333 272 364 &
284 329 476 364 exclufionis
490 328 705 360 terminorum
716 320 813 357 facile
825 332 921 370 pote-

174 381 217 414 rit
228 377 351 413 salvari.
712 410 716 418 ,

225 429 288 463 Sed
308 423 449 461 omnino
477 421 628 472 displicet
652 421 735 457 male
750 418 921 455 consulto-

174 489 247 511 rum
260 476 435 510 hominum
457 472 664 507 audacissima
682 473 849 507 temeritas
861 467 924 516 qufi

174 525 272 572 ipfius
286 529 457 572 Scriptura:
469 522 609 563 calculus
620 520 763 556 omnino
777 517 922 554 confun-

175 575 289 610 ditur.-
313 579 435 608 Annon
460 574 622 608 Artaxerxis
643 571 801 618 septimus
814 566 923 603 vicesi-

176 636 272 665 mus,
289 628 323 659 ἅτ
345 622 523 657 tricesimus
538 622 696 656 secundus
715 621 746 653 in
763 620 923 664 Scriptura

177 674 356 708 memorati
367 676 399 706 in
411 685 478 706 uno
490 671 561 707 sunt
573 671 699 709 ordine,
710 673 742 703 δέ
755 667 794 701 ab
805 667 922 701 eodem

176 725 342 771 principio
365 721 557 757 numerandi
577 725 590 755 ?
623 719 813 754 Secundum
839 716 925 749 hanc

176 773 257 807 vero
269 772 460 820 jesuitarum
480 781 668 818 protervam
680 767 852 801 audaciam
866 765 921 798 tri-

176 823 315 857 ccfimus
327 821 484 856 secundus
496 822 558 853 erit
570 817 745 853 vicesimus
756 815 927 849 secundus,

176 876 211 906 δέ
223 870 393 906 vicesunns
406 870 556 904 decimus
570 894 578 908 ,
597 872 628 901 &
649 866 818 901 Artaxerxia
829 863 925 910 septi-

175 933 251 956 mus
262 923 321 956 erit
333 924 433 966 patris
445 919 592 953 decimus
604 911 838 957 octavus-,imo
847 909 924 945 vero

177 969 359 1006 secundum
373 968 529 1015 jesuitam
543 967 742 1000 abrahamum
753 959 924 995 vicefimus

178 1023 241 1056 erit
253 1021 403 1067 quintus,
422 1017 574 1061 adeoque
591 1012 686 1059 quod
699 1012 803 1044 homo
824 1009 924 1043 auda-

180 1071 272 1105 culus
284 1067 392 1116 aperte
405 1063 579 1113 profitetur
589 1087 598 1104 ,
612 1065 647 1096 δε
658 1059 780 1108 prolixe
790 1068 925 1093 conatur

177 1119 320 1168 probare
334 1142 343 1156 ,
371 1113 541 1148 vicefimus
559 1111 727 1145 Artaxerxis
737 1121 805 1156 quo
816 1104 926 1140 missus

177 1169 221 1203 est
234 1162 498 1209 Hierosolymam
512 1159 738 1195 Neherrtia5‚erit
749 1159 847 1191 etiam
859 1159 926 1200 ejus

174 1214 249 1249 vere
260 1215 414 1260 quintus,
435 1221 511 1244 toto
523 1209 660 1243 biennio
676 1206 852 1253 septimum
866 1217 926 1253 an-

174 1273 359 1298 revertens:
373 1258 458 1308 quasi
472 1265 605 1306 integro
623 1257 760 1292 biennio
774 1255 928 1291 Nehemias

175 1324 288 1347 muros
299 1310 613 1357 Hierosolymorum
627 1305 804 1355 perfecisset
814 1330 823 1345 ,
836 1315 928 1338 ante-

175 1374 274 1410 quam
290 1360 468 1395 Ecbatanis
480 1358 577 1403 Esdras
587 1355 739 1391 moviffet
750 1355 879 1403 pedem.

224 1412 356 1445 Totum
376 1409 473 1453 liujus
491 1407 643 1456 figmenti
671 1404 926 1440 fundamentum

177 1460 236 1500 est,
246 1460 338 1507 quod
349 1458 521 1506 Thucydides
544 1461 577 1492 &
590 1456 761 1491 Plutarchus
771 1453 929 1500 Themisto-

178 1511 247 1543 clem
270 1508 403 1542 Athenis
423 1507 609 1541 exulantem
630 1503 743 1553 fugiffe
756 1506 871 1539 volunt
889 1502 927 1536 ad

186 1566 374 1593 Artaxerxem
395 1575 404 1598 ς
427 1559 565 1592 Diodorus
575 1567 685 1589 autem
700 1556 810 1589 Siculus
825 1557 858 1587 &
873 1553 926 1587 alii

180 1607 222 1641 ad
235 1605 472 1654 xerxemfugiss'e
485 1606 609 1640 dicant.
619 1605 925 1638 Contradistionem

181 1656 457 1703 hancjesuiticum
470 1667 609 1688 acumen
620 1651 778 1686 conciliat
788 1665 845 1700 per
855 1649 924 1698 syn-

180 1706 344 1741 archiam:
368 1703 457 1752 quasi
470 1704 593 1738 eodem
617 1714 769 1748 tempore
780 1707 814 1737 &
827 1709 927 1737 Xerxes

179 1760 215 1790 &
226 1765 400 1791 Artaxerxes
411 1757 442 1787 in
455 1751 582 1788 Perside
593 1750 784 1796 regnassent,
793 1751 841 1786 sed
853 1751 925 1786 sub·

179 1805 278 1839 tilitas
299 1804 365 1838 haec
392 1803 457 1836 hoc
484 1805 563 1837 loco
583 1799 717 1848 peffime
737 1800 904 1849 usurpatur
916 1819 926 1840 ‚-

177 1866 251 1888 eam
268 1855 393 1887 Perert'us
405 1856 437 1886 δέ
449 1851 467 1886 a
479 1853 581 1898 Lapide
593 1852 744 1894 rejiciunt
759 1866 767 1892 3
793 1855 826 1885 &
846 1851 924 1886 veto

178 1901 332 1937 concesso
353 1909 475 1936 Xerxem
496 1913 573 1934 cum
594 1899 662 1933 filio
676 1900 864 1947 aliquandiu
877 1913 926 1935 re-

177 1949 282 2000 gnaffie
295 1976 303 1991 ,
316 1950 372 1996 qui
382 1962 492 1984 tamen
506 1949 606 1984 audet
617 1952 750 1984 petavius
759 1949 835 1983 huic
845 1953 924 1996 Syn-

177 1999 294 2034 archiae
314 2011 420 2033 annos
432 2000 547 2033 decem
558 2025 568 2040 ‚
589 2003 623 2033 Sc
637 1996 818 2034 abrahamus
828 2001 923 2047 quin—

176 2050 284 2084 decim
297 2049 499 2083 attribuerc?
527 2050 673 2095 Ecquem
687 2048 819 2092 hujusce
830 2061 925 2082 com-

177 2100 283 2132 menti
297 2099 408 2146 testem
420 2099 595 2131 nominare
607 2095 752 2144 poffunt?
766 2097 838 2132 lmo
849 2097 926 2133 vero

176 2147 318 2182 historici
333 2159 451 2182 omnes
465 2158 535 2180 non
555 2146 686 2180 tantum
707 2146 791 2181 hanc
811 2151 927 2194 Synar-

179 2197 288 2231 chiam
300 2196 474 2245 repudiant
494 2211 503 2230 ι
526 2198 665 2231 Diodorus
675 2197 806 2243 quidem
819 2199 927 2230 Siculus

178 2247 212 2280 in
226 2247 478 2294 computatione
491 2257 687 2294 tempotum
698 2245 754 2279 hic
766 2246 872 2292 lapsus
882 2245 926 2278 est

182 2307 300 2329 contra
320 2297 507 2342 Thucydidem
529 2299 563 2328 &
582 2294 771 2329 Plutarchum
782 2308 837 2340 gra
845 2293 927 2328 viffi-

183 2355 260 2378 mos
268 2345 467 2380 auetores‚ad
477 2350 810 2390 Xerxempatrem,n0n
822 2343 928 2379 filium

183 2401 374 2428 Artaxerxem
401 2391 578 2438 pervenisse
601 2393 807 2439 Themistoclem
833 2403 929 2426 antu-

184 2453 291 2476 mans.
327 2440 392 2475 Sed
418 2450 485 2472 tam
507 2439 560 2473 hic
580 2440 677 2486 quam
697 2441 746 2474 isti
766 2440 929 2489 perspicue

185 2489 371 2539 significant
396 2497 591 2524 Artaxerxem
626 2491 704 2523 vivo
732 2501 822 2533 patre
847 2501 930 2522 nun-

185 2552 285 2588 qnam
299 2536 474 2573 ascendisse
487 2537 656 2572 thronum.
692 2537 783 2573 Cum
796 2540 829 2571 in
842 2541 931 2572 Grae-

186 2592 270 2625 ciam
290 2585 434 2636 primum
454 2598 597 2622 moveret
611 2595 716 2622 Xerxes
728 2611 738 2627 ,
753 2586 839 2622 filius
848 2595 932 2621 Arta—

184 2650 283 2675 xerxes
309 2640 361 2672 vel
383 2649 453 2671 non
480 2648 574 2671 natus
600 2637 651 2671 vel
677 2639 709 2670 in
737 2639 829 2670 cunis
841 2635 931 2670 fuiffe

185 2688 317 2722 videtur
343 2700 351 2719 :
383 2688 466 2720 nulli
493 2685 543 2719 alii
571 2686 714 2720 notabili
743 2685 831 2720 bello
859 2684 931 2732 post

186 2739 340 2772 Graecum
352 2743 456 2771 Xerxes
472 2737 656 2782 implicatus
669 2736 729 2770 fuit
745 2762 754 2775 ,
781 2747 816 2769 ut
830 2735 933 2770 colle-

189 2798 263 2833 gam
292 2785 435 2834 aliquem
470 2786 576 2832 Regni
610 2783 773 2817 declarare
807 2783 932 2817 necesse

190 2833 336 2869 habuerit
362 2851 371 2870 ε
400 2835 543 2879 Pausania
562 2834 649 2867 enim
663 2844 778 2868 contra
790 2833 928 2879 patriam

192 2883 389 2930 conspiratio
417 2883 506 2931 prius
533 2884 661 2918 demersi
687 2884 722 2917 ὃ(
748 2879 823 2916 elisa
849 2878 912 2915 fuit
923 2907 934 2922 ‚

194 2930 293 2978 qnam
304 2944 339 2966 ut
349 2940 451 2968 Xerxes
469 2933 567 2967 ullam
579 2935 608 2966 ei
621 2932 867 2980 expeditionem
882 2928 917 2964 su

194 2981 368 3027 perstruere
378 2985 533 3029 potuerit.
561 2981 714 3016 Praeterea
727 2981 806 3015 dum
821 2992 935 3014 contra

196 3030 328 3064 Graecos
338 3038 438 3065 Xerxes
450 3032 582 3066 bellaret
594 3056 603 3071 ‚
629 3036 663 3066 &
683 3032 762 3065 inde
781 3030 883 3076 usqne
895 3032 933 3063 ad

192 3080 264 3114 vitet
277 3078 516 3127 finem‚semper
527 3082 568 3114 ad
578 3082 660 3115 litus
672 3080 816 3115 habebat
830 3079 932 3113 silium

193 3140 271 3162 natu
298 3130 474 3162 maximum
488 3132 612 3164 Darium
625 3154 633 3169 ,
656 3143 756 3177 quem
774 3129 875 3164 solum
904 3131 935 3162 in

198 3179 306 3225 Regni
318 3177 409 3226 spem
421 3178 578 3213 educabat
593 3187 774 3217 Artaxerxes,
785 3181 817 3213 in
829 3190 936 3215 morte

1269 102 1442 142 L13.1.

966 176 1067 219 patris
1087 170 1351 209 adolescentulus
1373 174 1435 210 fuit
1453 174 1532 210 nihil
1551 174 1592 210 dc
1606 186 1710 223 regnov

964 226 1127 269 cogitans,
1140 221 1215 257 cum
1230 233 1298 256 non
1311 222 1438 257 tanturn
1455 227 1561 259 Darius
1570 223 1709 258 fratrum

966 274 1122 306 maximus
1137 298 1147 313 ,
1171 271 1224 306 sed
1241 273 1340 305 etiam
1354 272 1489 321 Hystapis
1499 273 1636 308 fratrum
1657 273 1708 307 se-

965 321 1090 354 cundus
1105 325 1173 365 jam
1192 322 1368 355 Bactrianae
1384 323 1561 368 provincia¹
1581 323 1598 357 ὰ
1617 335 1708 370 parre

966 368 1157 416 praepositus
1173 396 1181 403 .
1199 382 1275 403 eum
1287 369 1328 403 ab
1340 369 1399 403 hac
1424 368 1479 416 spe
1503 371 1708 407 excluderet.

967 418 1032 452 Sed
1051 420 1141 453 nulla
1164 417 1392 453 historicorum
1420 418 1500 454 fides
1523 418 1708 465 Jesuiticam

964 468 1204 514 impudentiam
1231 469 1315 501 intra
1336 469 1499 504 modestiae
1521 473 1556 503 ὅ(
1571 470 1712 504 veritatis

966 517 1100 552 claustra
1111 517 1197 551 valet
1211 519 1395 552 continere.

1631 114 1705 146 175

1122 615 1194 651 Qu
1217 619 1254 644 AE
1274 618 1291 644 s
1314 618 1340 644 T
1361 617 1374 644 1
1397 617 1424 644 o
1475 617 1548 645 xit.

1049 689 1165 736 Qisfit
1173 689 1237 733 finis
1249 688 1453 724 hebdomadum
1465 687 1637 723 Danielis?

1030 766 1106 815 Esp.
1130 769 1213 803 Non
1230 767 1281 803 hic
1300 769 1493 816 inquirimus
1503 767 1544 802 de
1556 766 1715 802 minutiis,
1735 762 1823 788 Vtrum

1032 828 1110 850 num
1123 818 1156 850 in
1174 818 1280 859 Christi
1293 817 1486 865 baptismate
1498 844 1508 857 ‚
1527 830 1569 851 an
1589 827 1695 849 morte
1707 838 1715 850 ‚
1734 809 1872 869 Zm‘ssf‘m

967 876 1008 897 an
1030 867 1174 898 triennio
1199 867 1271 912 post
1295 879 1438 902 mortem
1457 892 1465 908 ,
1492 865 1715 901 hebdomadae
1736 846 1873 918 le'sss'jly,

968 913 1164 947 claudantur
1180 926 1189 947 τ
1218 926 1276 948 nec
1288 915 1329 948 de
1339 918 1466 961 puncto
1482 919 1599 950 mortis
1614 914 1717 959 Christi
1734 934 1822 951 morum
1830 933 1875 949 ex-

968 973 1038 1007 quo
1050 974 1137 996 anno
1151 963 1268 997 mundi
1282 966 1482 1011 contigerit:
1502 966 1540 998 de
1558 963 1718 998 omnibus
1734 963 1866 991 cniiol’eb·

969 1011 1034 1045 istis
1042 1009 1200 1047 suoforte
1212 1011 1290 1046 loco
1302 1038 1312 1053 ‚
1331 1014 1365 1046 in
1378 1011 1547 1061 praesentia
1558 1014 1596 1047 de
1609 1025 1648 1046 eo
1664 1013 1719 1046 so-
1737 1004 1843 1032 d⁰m“d‘

967 1058 1035 1094 lum
1064 1062 1165 1096 dubio
1190 1063 1317 1110 agimus
1336 1087 1347 1103 ,
1382 1064 1474 1096 Num
1502 1060 1722 1095 bebdomada:
1739 1045 1861 1083 d‘fi'mm'

969 1111 1055 1144 ultra
1069 1109 1250 1157 paffionem
1272 1113 1384 1147 Christi
1406 1111 1446 1146 ad
1468 1108 1724 1157 Hierosolymo-

970 1171 1004 1193 ru
1011 1159 1218 1194 mexcidium
1230 1161 1724 1207 extendantur.sulpitimseverus

971 1211 1075 1249 olim,
1095 1212 1130 1244 &
1153 1209 1267 1243 nostro
1285 1209 1396 1245 seculo
1416 1209 1491 1258 post
1509 1222 1586 1243 eum
1599 1205 1723 1256 loffiphus

970 1261 1110 1306 Scaliger,
1122 1261 1233 1300 Iunius,
1243 1260 1386 1294 Deodacus
1398 1284 1408 1299 ‚
1424 1260 1564 1300 Polanus,
1578 1258 1725 1305 Alstedt'us,

972 1311 1006 1342 ὃς
1019 1309 1090 1347 alii,
1110 1309 1166 1354 qui
1179 1308 1466 1343 hebdomadarum
1479 1310 1677 1356 principium
1690 1307 1724 1340 in

971 1356 1113 1392 secundo
1121 1360 1207 1393 Darii
1219 1360 1309 1393 Nothi
1321 1356 1490 1393 collocant
1499 1384 1508 1399 ‚
1523 1371 1559 1392 ex
1571 1357 1636 1392 hoc
1647 1357 1726 1389 sun-

972 1407 1131 1441 damento
1147 1419 1315 1454 coguntur
1332 1420 1451 1442 eorum
1471 1406 1573 1441 finem
1591 1408 1625 1440 in
1639 1407 1726 1439 Hie-

972 1455 1212 1502 rosolymorum
1225 1457 1315 1492 ruinz‘i
1327 1469 1400 1491 cum
1415 1455 1576 1506 plerisque
1588 1455 1726 1502 Judaeo-

972 1518 1041 1540 rum
1062 1505 1175 1554 figere.
1210 1507 1274 1541 Sed
1294 1509 1400 1542 caereri
1421 1507 1597 1540 Christiani
1614 1505 1722 1538 unde-

972 1567 1103 1602 cunque
1122 1568 1175 1590 eas
1193 1556 1379 1598 ordiuntur,
1390 1558 1422 1590 in
1435 1555 1548 1602 Christo
1562 1555 1645 1589 duce
1657 1564 1727 1595 ter--¹

973 1617 1115 1640 minant.

1021 1663 1209 1690 annotatores
1247 1657 1397 1702 Anglicani
1434 1654 1583 1689 editione
1611 1650 1725 1687 ultima

970 1703 1173 1750 profitentur
1198 1705 1280 1739 nihil
1298 1703 1327 1738 se
1349 1704 1483 1739 statuere
1497 1705 1577 1739 certi
1591 1703 1630 1737 de
1642 1701 1727 1735 heb-

970 1753 1192 1789 domadarum
1205 1753 1287 1794 fine5
1315 1753 1497 1800 significant
1512 1764 1620 1786 tamen
1631 1750 1725 1784 sunm

972 1802 1169 1838 desiderium
1181 1804 1371 1838 collocandi
1381 1803 1579 1851 principium
1592 1800 1727 1834 hebdo-

973 1852 1144 1886 madarum
1158 1853 1192 1886 in
1204 1853 1312 1900 primo
1324 1853 1414 1902 Cyri,
1434 1856 1468 1886 &
1481 1851 1581 1885 finem
1595 1851 1628 1883 in
1639 1851 1726 1883 exci-

973 1903 1029 1936 dio
1042 1900 1146 1942 urbis,
1157 1903 1235 1936 licet
1244 1901 1311 1936 haec
1324 1903 1466 1934 omnino
1482 1899 1541 1934 sint
1551 1899 1697 1940 οἰσύςαᾶ.

1018 1953 1146 1985 Contra
1171 1951 1347 1998 scaligerum
1373 1949 1414 1983 fic
1432 1959 1718 1997 argumentamur.
1742 1949 1838 1986 „Argu-

970 2000 1172 2036 PrimoSiin
1182 2001 1270 2034 urbis
1280 2001 1406 2034 excidio
1415 1997 1719 2035 terminenturheb—
1740 1997 1883 2015 ”²‘’¹¹‘³“⁰'²·

970 2049 1212 2089 domadae,tum
1225 2060 1335 2083 earum
1350 2050 1549 2095 principium
1562 2059 1630 2081 non
1641 2056 1721 2094 pot-
1741 2030 1876 2100 '’L‘Ju‘ssss‘

968 2099 1012 2132 est
1031 2098 1142 2134 referri
1159 2099 1200 2133 ad
1219 2099 1324 2133 ullum
1333 2099 1480 2132 edietum
1492 2097 1532 2131 de
1543 2093 1722 2141 reparanda
1735 2081 1849 2149 fremas„

969 2150 1019 2183 vel
1031 2148 1111 2183 urbe
1125 2151 1175 2184 vel
1187 2148 1422 2193 templo.Nam
1436 2143 1611 2180 secundum
1625 2144 1723 2192 supe-
1740 2151 1858 2190 prourhis

970 2197 1037 2231 rius
1048 2199 1212 2244 disputata
1231 2199 1337 2231 Darius
1347 2198 1458 2231 Nothus
1476 2194 1604 2228 nullum
1616 2193 1680 2227 tale
1690 2207 1723 2228 e-
1743 2191 1849 2220 exodio.

970 2247 1098 2281 dierum
1113 2246 1277 2285 condidit,
1294 2244 1370 2279 cum
1392 2257 1467 2279 ante
1479 2256 1676 2278 eumnatum
1690 2247 1725 2277 δε
1803 2244 1826 2260 ¹·

972 2295 1061 2331 urbis
1072 2300 1106 2331 δέ
1117 2295 1233 2342 templi
1254 2294 1432 2329 aedificatio
1445 2293 1594 2328 absoluta
1606 2292 1705 2327 fuerit
1717 2304 1729 2324 e

974 2351 1008 2381 δε
1021 2344 1099 2381 vero
1115 2357 1304 2392 temporum
1318 2344 1412 2380 series
1425 2356 1493 2377 non
1506 2345 1675 2388 patitur,ur
1683 2339 1726 2373 ab

976 2393 1286 2440 Hierosolymorum
1300 2394 1496 2427 excidio,vel
1509 2392 1547 2425 ad
1557 2397 1660 2434 Cyrum
1673 2387 1726 2424 vel

976 2445 1015 2479 ad
1028 2447 1162 2479 Darium
1174 2443 1321 2489 Hystaspis,
1333 2441 1384 2475 vel
1395 2441 1435 2475 ad
1452 2448 1658 2477 Artaxerxem,
1673 2438 1725 2473 vel

975 2492 1079 2527 ullum
1097 2492 1198 2526 aliurn
1212 2491 1410 2537 :iquoquam
1422 2491 1557 2522 audior-e
1570 2489 1726 2521 nomina..

976 2554 1046 2576 tum
1063 2552 1166 2573 annos
1177 2540 1439 2586 quadringentos
1458 2537 1636 2583 nonaginta
1647 2562 1656 2578 ‚
1672 2536 1726 2571 seu

978 2588 1205 2625 hebdomadas
1215 2586 1416 2634 septuaginta
1428 2598 1651 2620 numeremus.
1670 2587 1727 2619 Fa-

978 2651 1087 2675 tentur
1098 2639 1187 2671 enim
1203 2637 1408 2683 Scaligeriani
1425 2636 1457 2669 in
1480 2635 1546 2669 hoc
1561 2647 1723 2683 computo

977 2688 1192 2737 quadraginta
1202 2697 1253 2719 aut
1263 2687 1395 2733 triginta
1410 2683 1533 2731 septem
1547 2684 1723 2719 minimum

977 2750 1085 2773 annos
1102 2736 1272 2771 defuturos
1295 2760 1305 2776 ,
1333 2747 1419 2782 quot
1438 2733 1557 2768 scilicet
1576 2734 1723 2770 &cbristo

978 2786 1065 2834 passo
1080 2785 1121 2819 ad
1132 2783 1271 2819 excisam
1282 2785 1396 2819 urbem
1408 2784 1586 2818 fluxerunt.

1026 2833 1193 2870 Secundo.
1219 2834 1294 2867 Post
1306 2833 1472 2881 publicum
1483 2833 1588 2879 Chrzsti
1597 2833 1721 2867 adven-

978 2897 1048 2919 tum
1069 2884 1111 2917 ad
1128 2882 1421 2917 hebdomadarum
1442 2882 1540 2916 finem
1560 2894 1627 2916 crat
1647 2894 1722 2916 tan-

980 2934 1049 2969 tum
1068 2945 1132 2966 una
1157 2945 1322 2966 annorum
1343 2932 1522 2966 hebsomas
1548 2945 1556 2965 :
1578 2932 1638 2967 Sed
1649 2930 1722 2978 post

979 2984 1148 3032 publicum
1167 2985 1275 3017 Chrtffl
1301 2982 1478 3017 adventum
1500 2981 1540 3015 ad
1560 2982 1719 3016 excidium

979 3034 1067 3068 urbis
1089 3043 1158 3065 non
1176 3044 1240 3065 una
1262 3042 1389 3068 tantum
1408 3043 1566 3065 annorum
1588 3030 1719 3063 hebdo-

981 3095 1048 3116 mas
1059 3108 1068 3121 ,
1082 3080 1134 3115 sed
1145 3083 1293 3128 quinque
1306 3084 1340 3114 δε
1354 3081 1434 3114 ultra
1443 3080 1603 3115 fluxerunt
1614 3105 1623 3119 ,
1642 3081 1721 3113 anni

977 3132 1096 3167 scilicet
1113 3132 1247 3177 triginta
1273 3128 1395 3176 septem
1412 3141 1465 3163 aut
1482 3130 1721 3177 quadraginta:

983 3180 1069 3230 Ergo
1081 3180 1243 3216 excidium
1262 3180 1349 3214 urbis
1367 3191 1437 3214 non
1457 3178 1720 3216 fuithebdoma-

1308 3229 1337 3261 Y
1367 3241 1380 3275 3
1601 3228 1718 3262 darum
