<?xml version="1.0" encoding="UTF-8"?>
<!DOCTYPE html PUBLIC "-//W3C//DTD XHTML 1.0 Transitional//EN"
    "http://www.w3.org/TR/xhtml1/DTD/xhtml1-transitional.dtd">
<html xmlns="http://www.w3.org/1999/xhtml" xml:lang="en" lang="en">
 <head>
  <title>
</title>
<meta http-equiv="Content-Type" content="text/html;charset=utf-8" />
  <meta name='ocr-system' content='tesseract 3.04.00' />
  <meta name='ocr-capabilities' content='ocr_page ocr_carea ocr_par ocr_line ocrx_word'/>
</head>
<body>
  <div class='ocr_page' id='page_1' title='image "./operishistoricie00bail_0182.png"; bbox 0 0 2048 3343; ppageno 0'>
   <div class='ocr_carea' id='block_1_1' title="bbox 278 114 933 166">
    <p class='ocr_par' dir='ltr' id='par_1_1' title="bbox 278 114 933 166">
     <span class='ocr_line' id='line_1_1' title="bbox 278 114 933 166; baseline -0.012 -9"><span class='ocrx_word' id='word_1_1' title='bbox 278 129 349 166; x_wconf 80' lang='lat'>152</span> <span class='ocrx_word' id='word_1_2' title='bbox 625 114 933 152; x_wconf 73' lang='lat' dir='ltr'>Opi-:Rrs</span> 
     </span>
    </p>
   </div>
   <div class='ocr_carea' id='block_1_2' title="bbox 993 109 1471 150">
    <p class='ocr_par' dir='ltr' id='par_1_2' title="bbox 993 109 1471 150">
     <span class='ocr_line' id='line_1_2' title="bbox 993 109 1471 150; baseline 0.004 -2"><span class='ocrx_word' id='word_1_3' title='bbox 993 109 1471 150; x_wconf 73' lang='lat' dir='ltr'>HISTORICI</span> 
     </span>
    </p>
   </div>
   <div class='ocr_carea' id='block_1_3' title="bbox 274 174 1818 235">
    <p class='ocr_par' dir='ltr' id='par_1_3' title="bbox 274 174 1818 235">
     <span class='ocr_line' id='line_1_3' title="bbox 274 174 1818 235; baseline 0 -12"><span class='ocrx_word' id='word_1_4' title='bbox 274 187 411 235; x_wconf 78' lang='lat' dir='ltr'><em>scaligeri</em></span> <span class='ocrx_word' id='word_1_5' title='bbox 430 185 548 235; x_wconf 84' lang='lat' dir='ltr'>placita</span> <span class='ocrx_word' id='word_1_6' title='bbox 562 210 572 227; x_wconf 92' lang='lat'>‚</span> <span class='ocrx_word' id='word_1_7' title='bbox 589 196 626 220; x_wconf 91' lang='lat' dir='ltr'>ut</span> <span class='ocrx_word' id='word_1_8' title='bbox 646 174 862 232; x_wconf 32' lang='lat' dir='ltr'>ipse-tandem</span> <span class='ocrx_word' id='word_1_9' title='bbox 882 181 1004 217; x_wconf 80' lang='lat' dir='ltr'>fatetur</span> <span class='ocrx_word' id='word_1_10' title='bbox 1015 208 1023 218; x_wconf 91' lang='lat'>.</span> <span class='ocrx_word' id='word_1_11' title='bbox 1066 184 1160 229; x_wconf 79' lang='lat' dir='ltr'>Rbefin</span> <span class='ocrx_word' id='word_1_12' title='bbox 1172 187 1204 218; x_wconf 69' lang='grc' dir='ltr'>δε</span> <span class='ocrx_word' id='word_1_13' title='bbox 1216 180 1368 218; x_wconf 72' lang='lat' dir='ltr'>Rhemalia</span> <span class='ocrx_word' id='word_1_14' title='bbox 1378 183 1496 218; x_wconf 82' lang='lat' dir='ltr'>volunt</span> <span class='ocrx_word' id='word_1_15' title='bbox 1507 184 1704 222; x_wconf 86' lang='lat' dir='ltr'>constituere</span> <span class='ocrx_word' id='word_1_16' title='bbox 1714 188 1818 223; x_wconf 82' lang='lat' dir='ltr'>Tabeel</span> 
     </span>
    </p>
   </div>
   <div class='ocr_carea' id='block_1_4' title="bbox 269 232 1034 1409">
    <p class='ocr_par' dir='ltr' id='par_1_4' title="bbox 269 232 1028 1007">
     <span class='ocr_line' id='line_1_4' title="bbox 274 232 1024 284; baseline -0.008 -13"><span class='ocrx_word' id='word_1_17' title='bbox 274 236 386 284; x_wconf 85' lang='lat' dir='ltr'>Qod</span> <span class='ocrx_word' id='word_1_18' title='bbox 404 248 514 271; x_wconf 85' lang='lat' dir='ltr'>autem</span> <span class='ocrx_word' id='word_1_19' title='bbox 535 236 576 270; x_wconf 84' lang='lat' dir='ltr'>ad</span> <span class='ocrx_word' id='word_1_20' title='bbox 595 233 749 269; x_wconf 84' lang='lat' dir='ltr'>ultimum</span> <span class='ocrx_word' id='word_1_21' title='bbox 771 234 834 268; x_wconf 85' lang='lat' dir='ltr'>hoc</span> <span class='ocrx_word' id='word_1_22' title='bbox 856 232 1024 280; x_wconf 79' lang='lat' dir='ltr'>effugium,</span> 
     </span>
     <span class='ocr_line' id='line_1_5' title="bbox 272 282 1024 333; baseline -0.007 -13"><span class='ocrx_word' id='word_1_23' title='bbox 272 287 316 323; x_wconf 83' lang='lat' dir='ltr'>fic</span> <span class='ocrx_word' id='word_1_24' title='bbox 328 286 407 320; x_wconf 82' lang='lat' dir='ltr'>illud</span> <span class='ocrx_word' id='word_1_25' title='bbox 421 287 666 333; x_wconf 82' lang='lat' dir='ltr'><strong>impugnamus.</strong></span> <span class='ocrx_word' id='word_1_26' title='bbox 691 285 754 320; x_wconf 59' lang='lat'>²732</span> <span class='ocrx_word' id='word_1_27' title='bbox 776 282 944 328; x_wconf 87' lang='lat' dir='ltr'>usurpatur</span> <span class='ocrx_word' id='word_1_28' title='bbox 965 294 1024 328; x_wconf 85' lang='lat' dir='ltr'>pro</span> 
     </span>
     <span class='ocr_line' id='line_1_6' title="bbox 273 329 1024 381; baseline -0.007 -11"><span class='ocrx_word' id='word_1_29' title='bbox 273 336 465 381; x_wconf 79' lang='lat' dir='ltr'>acceptione</span> <span class='ocrx_word' id='word_1_30' title='bbox 485 337 530 368; x_wconf 87' lang='lat' dir='ltr'>rei</span> <span class='ocrx_word' id='word_1_31' title='bbox 552 332 569 368; x_wconf 74' lang='grc' dir='ltr'>ὲ</span> <span class='ocrx_word' id='word_1_32' title='bbox 587 334 680 368; x_wconf 84' lang='lat' dir='ltr'>nullo</span> <span class='ocrx_word' id='word_1_33' title='bbox 697 332 816 379; x_wconf 86' lang='lat' dir='ltr'>sponte</span> <span class='ocrx_word' id='word_1_34' title='bbox 832 331 959 365; x_wconf 86' lang='lat' dir='ltr'>traditae</span> <span class='ocrx_word' id='word_1_35' title='bbox 971 329 1024 365; x_wconf 84' lang='lat' dir='ltr'>sed</span> 
     </span>
     <span class='ocr_line' id='line_1_7' title="bbox 272 383 1025 430; baseline -0.008 -12"><span class='ocrx_word' id='word_1_36' title='bbox 272 386 410 430; x_wconf 89' lang='lat' dir='ltr'>jacentis</span> <span class='ocrx_word' id='word_1_37' title='bbox 421 395 483 429; x_wconf 86' lang='lat' dir='ltr'>prae</span> <span class='ocrx_word' id='word_1_38' title='bbox 497 384 638 430; x_wconf 84' lang='lat' dir='ltr'>pedibus</span> <span class='ocrx_word' id='word_1_39' title='bbox 650 407 660 423; x_wconf 88' lang='lat'>‚</span> <span class='ocrx_word' id='word_1_40' title='bbox 680 383 731 416; x_wconf 86' lang='lat' dir='ltr'>vel</span> <span class='ocrx_word' id='word_1_41' title='bbox 742 383 841 414; x_wconf 81' lang='lat' dir='ltr'>etiam</span> <span class='ocrx_word' id='word_1_42' title='bbox 856 391 954 426; x_wconf 85' lang='lat' dir='ltr'>taptae</span> <span class='ocrx_word' id='word_1_43' title='bbox 968 392 1025 427; x_wconf 85' lang='lat' dir='ltr'>pet</span> 
     </span>
     <span class='ocr_line' id='line_1_8' title="bbox 273 431 1026 476; baseline -0.009 -8"><span class='ocrx_word' id='word_1_44' title='bbox 273 436 355 469; x_wconf 84' lang='lat' dir='ltr'>vim.</span> <span class='ocrx_word' id='word_1_45' title='bbox 383 436 430 467; x_wconf 81' lang='lat' dir='ltr'>Ita</span> <span class='ocrx_word' id='word_1_46' title='bbox 444 445 460 466; x_wconf 86' lang='lat' dir='ltr'>z</span> <span class='ocrx_word' id='word_1_47' title='bbox 478 432 608 466; x_wconf 69' lang='lat' dir='ltr'>Lliron.</span> <span class='ocrx_word' id='word_1_48' title='bbox 622 443 676 466; x_wconf 86' lang='lat'>20.</span> <span class='ocrx_word' id='word_1_49' title='bbox 688 444 717 467; x_wconf 91' lang='lat' dir='ltr'>v.</span> <span class='ocrx_word' id='word_1_50' title='bbox 727 443 782 476; x_wconf 89' lang='lat'>17,</span> <span class='ocrx_word' id='word_1_51' title='bbox 796 442 849 464; x_wconf 87' lang='lat'>22.</span> <span class='ocrx_word' id='word_1_52' title='bbox 861 431 1026 464; x_wconf 80' lang='lat' dir='ltr'>extulerunt</span> 
     </span>
     <span class='ocr_line' id='line_1_9' title="bbox 269 479 1027 530; baseline -0.011 -12"><span class='ocrx_word' id='word_1_53' title='bbox 269 484 364 530; x_wconf 80' lang='lat' dir='ltr'>sordes</span> <span class='ocrx_word' id='word_1_54' title='bbox 376 483 408 517; x_wconf 85' lang='lat' dir='ltr'>de</span> <span class='ocrx_word' id='word_1_55' title='bbox 418 484 519 528; x_wconf 81' lang='lat' dir='ltr'>templo</span> <span class='ocrx_word' id='word_1_56' title='bbox 531 482 692 515; x_wconf 78' lang='lat' dir='ltr'><em>Sacerdotes</em></span> <span class='ocrx_word' id='word_1_57' title='bbox 703 506 711 520; x_wconf 85' lang='lat'>‚</span> <span class='ocrx_word' id='word_1_58' title='bbox 724 479 1027 528; x_wconf 58' lang='lat' dir='ltr'>stisceperuntsangui7</span> 
     </span>
     <span class='ocr_line' id='line_1_10' title="bbox 273 526 1026 575; baseline -0.015 -8"><span class='ocrx_word' id='word_1_59' title='bbox 273 545 338 568; x_wconf 82' lang='lat' dir='ltr'>nem</span> <span class='ocrx_word' id='word_1_60' title='bbox 356 531 659 575; x_wconf 61' lang='lat' dir='ltr'>tauror1in1‚{d*{{2v&amp;</span> <span class='ocrx_word' id='word_1_61' title='bbox 674 530 755 571; x_wconf 56' lang='lat'>³⁹³.«7:·</span> <span class='ocrx_word' id='word_1_62' title='bbox 791 534 843 560; x_wconf 78' lang='lat' dir='ltr'>An</span> <span class='ocrx_word' id='word_1_63' title='bbox 865 526 1026 572; x_wconf 86' lang='lat' dir='ltr'>templum</span> 
     </span>
     <span class='ocr_line' id='line_1_11' title="bbox 274 575 1027 620; baseline -0.012 -5"><span class='ocrx_word' id='word_1_64' title='bbox 274 580 346 615; x_wconf 87' lang='lat' dir='ltr'>suas</span> <span class='ocrx_word' id='word_1_65' title='bbox 366 579 478 615; x_wconf 86' lang='lat' dir='ltr'>sordes</span> <span class='ocrx_word' id='word_1_66' title='bbox 495 578 546 614; x_wconf 85' lang='lat' dir='ltr'>vel</span> <span class='ocrx_word' id='word_1_67' title='bbox 565 575 747 613; x_wconf 79' lang='lat' dir='ltr'>taurisuum</span> <span class='ocrx_word' id='word_1_68' title='bbox 759 575 948 620; x_wconf 69' lang='lat' dir='ltr'>sanguinem</span> <span class='ocrx_word' id='word_1_69' title='bbox 961 585 1027 607; x_wconf 82' lang='lat' dir='ltr'>tra-</span> 
     </span>
     <span class='ocr_line' id='line_1_12' title="bbox 275 623 1028 664; baseline -0.011 0"><span class='ocrx_word' id='word_1_70' title='bbox 275 629 434 664; x_wconf 84' lang='lat' dir='ltr'>diderunt</span> <span class='ocrx_word' id='word_1_71' title='bbox 461 627 694 663; x_wconf 87' lang='lat' dir='ltr'>Sacerdotibus</span> <span class='ocrx_word' id='word_1_72' title='bbox 711 629 745 658; x_wconf 86' lang='lat'>&amp;</span> <span class='ocrx_word' id='word_1_73' title='bbox 763 623 884 657; x_wconf 87' lang='lat' dir='ltr'>Levitis</span> <span class='ocrx_word' id='word_1_74' title='bbox 904 624 938 656; x_wconf 88' lang='lat' dir='ltr'>in</span> <span class='ocrx_word' id='word_1_75' title='bbox 959 635 1028 656; x_wconf 84' lang='lat' dir='ltr'>ma-</span> 
     </span>
     <span class='ocr_line' id='line_1_13' title="bbox 275 671 1027 723; baseline -0.009 -10"><span class='ocrx_word' id='word_1_76' title='bbox 275 683 358 713; x_wconf 88' lang='lat' dir='ltr'>nus?</span> <span class='ocrx_word' id='word_1_77' title='bbox 373 680 462 713; x_wconf 87' lang='lat' dir='ltr'>Dan.</span> <span class='ocrx_word' id='word_1_78' title='bbox 474 691 484 712; x_wconf 84' lang='grc' dir='ltr'><strong>ι</strong></span> <span class='ocrx_word' id='word_1_79' title='bbox 494 691 558 717; x_wconf 86' lang='lat' dir='ltr'>7.v.</span> <span class='ocrx_word' id='word_1_80' title='bbox 568 689 577 709; x_wconf 82' lang='lat' dir='ltr'>i</span> <span class='ocrx_word' id='word_1_81' title='bbox 587 679 614 710; x_wconf 87' lang='lat'>8.</span> <span class='ocrx_word' id='word_1_82' title='bbox 629 671 881 719; x_wconf 72' lang='lat' dir='ltr'>Suscipiencsane‘ii</span> <span class='ocrx_word' id='word_1_83' title='bbox 891 679 1027 723; x_wconf 80' lang='lat' dir='ltr'><strong><em>Regnum.</em></strong></span> 
     </span>
     <span class='ocr_line' id='line_1_14' title="bbox 274 721 1027 771; baseline -0.009 -10"><span class='ocrx_word' id='word_1_84' title='bbox 274 730 400 762; x_wconf 90' lang='lat' dir='ltr'>Annon</span> <span class='ocrx_word' id='word_1_85' title='bbox 417 727 434 762; x_wconf 72' lang='lat' dir='ltr'>a</span> <span class='ocrx_word' id='word_1_86' title='bbox 448 726 663 771; x_wconf 65' lang='lat' dir='ltr'>Septuaginta</span> <span class='ocrx_word' id='word_1_87' title='bbox 683 721 920 768; x_wconf 80' lang='lat' dir='ltr'>interpretibus</span> <span class='ocrx_word' id='word_1_88' title='bbox 939 721 1027 756; x_wconf 71' lang='grc' dir='ltr'>[εᾶὶέ</span> 
     </span>
     <span class='ocr_line' id='line_1_15' title="bbox 274 768 1027 812; baseline -0.017 -1"><span class='ocrx_word' id='word_1_89' title='bbox 274 779 412 812; x_wconf 88' lang='lat' dir='ltr'>vertitur</span> <span class='ocrx_word' id='word_1_90' title='bbox 448 774 498 808; x_wconf 79' lang='lat' dir='ltr'>bic</span> <span class='ocrx_word' id='word_1_91' title='bbox 527 768 932 806; x_wconf 65' lang='lat' dir='ltr'>Hebraeo-‘Chaldaicum</span> <span class='ocrx_word' id='word_1_92' title='bbox 958 777 1027 809; x_wconf 50' lang='lat'>³³⁵3&amp;</span> 
     </span>
     <span class='ocr_line' id='line_1_16' title="bbox 275 817 1027 867; baseline -0.011 -9"><span class='ocrx_word' id='word_1_93' title='bbox 275 824 498 867; x_wconf 41' lang='lat' dir='ltr'>&amp;maiolus</span> <span class='ocrx_word' id='word_1_94' title='bbox 510 847 519 862; x_wconf 92' lang='lat'>,</span> <span class='ocrx_word' id='word_1_95' title='bbox 540 825 574 856; x_wconf 67' lang='grc' dir='ltr'>δε</span> <span class='ocrx_word' id='word_1_96' title='bbox 594 819 672 856; x_wconf 75' lang='lat' dir='ltr'>vero</span> <span class='ocrx_word' id='word_1_97' title='bbox 694 830 769 852; x_wconf 89' lang='lat' dir='ltr'>cum</span> <span class='ocrx_word' id='word_1_98' title='bbox 781 821 907 864; x_wconf 81' lang='lat' dir='ltr'>priores</span> <span class='ocrx_word' id='word_1_99' title='bbox 921 817 1027 851; x_wconf 82' lang='lat' dir='ltr'>bestiae</span> 
     </span>
     <span class='ocr_line' id='line_1_17' title="bbox 274 867 1024 908; baseline -0.011 0"><span class='ocrx_word' id='word_1_100' title='bbox 274 872 456 908; x_wconf 63' lang='lat' dir='ltr'>interfectae</span> <span class='ocrx_word' id='word_1_101' title='bbox 470 870 531 904; x_wconf 80' lang='lat' dir='ltr'>sint</span> <span class='ocrx_word' id='word_1_102' title='bbox 542 895 550 908; x_wconf 88' lang='lat'>‚</span> <span class='ocrx_word' id='word_1_103' title='bbox 574 880 609 903; x_wconf 88' lang='lat' dir='ltr'>ut</span> <span class='ocrx_word' id='word_1_104' title='bbox 634 869 677 903; x_wconf 87' lang='lat' dir='ltr'>ad</span> <span class='ocrx_word' id='word_1_105' title='bbox 695 867 825 902; x_wconf 67' lang='lat' dir='ltr'>sanctos</span> <span class='ocrx_word' id='word_1_106' title='bbox 839 869 963 903; x_wconf 79' lang='lat' dir='ltr'>veniret</span> <span class='ocrx_word' id='word_1_107' title='bbox 977 879 1024 900; x_wconf 88' lang='lat' dir='ltr'>re·</span> 
     </span>
     <span class='ocr_line' id='line_1_18' title="bbox 275 917 1026 970; baseline -0.009 -14"><span class='ocrx_word' id='word_1_108' title='bbox 275 934 392 970; x_wconf 85' lang='lat' dir='ltr'>gnum,</span> <span class='ocrx_word' id='word_1_109' title='bbox 405 933 447 954; x_wconf 87' lang='lat' dir='ltr'>an</span> <span class='ocrx_word' id='word_1_110' title='bbox 460 920 547 955; x_wconf 85' lang='lat' dir='ltr'>nulla</span> <span class='ocrx_word' id='word_1_111' title='bbox 556 920 643 956; x_wconf 90' lang='lat' dir='ltr'>visin</span> <span class='ocrx_word' id='word_1_112' title='bbox 653 917 713 952; x_wconf 83' lang='lat' dir='ltr'>hac</span> <span class='ocrx_word' id='word_1_113' title='bbox 724 917 914 963; x_wconf 79' lang='lat' dir='ltr'>acceptione</span> <span class='ocrx_word' id='word_1_114' title='bbox 926 918 1026 950; x_wconf 88' lang='lat' dir='ltr'>inter-</span> 
     </span>
     <span class='ocr_line' id='line_1_19' title="bbox 276 972 395 1007; baseline -0.025 0"><span class='ocrx_word' id='word_1_115' title='bbox 276 972 395 1007; x_wconf 87' lang='lat' dir='ltr'>venit?</span> 
     </span>
    </p>

    <p class='ocr_par' dir='ltr' id='par_1_5' title="bbox 278 1015 1034 1409">
     <span class='ocr_line' id='line_1_20' title="bbox 327 1015 1029 1066; baseline -0.009 -13"><span class='ocrx_word' id='word_1_116' title='bbox 327 1020 405 1054; x_wconf 85' lang='lat' dir='ltr'>Dixi</span> <span class='ocrx_word' id='word_1_117' title='bbox 415 1015 609 1066; x_wconf 81' lang='lat' dir='ltr'>palmarium</span> <span class='ocrx_word' id='word_1_118' title='bbox 627 1015 692 1050; x_wconf 85' lang='lat' dir='ltr'>hoc</span> <span class='ocrx_word' id='word_1_119' title='bbox 709 1016 846 1062; x_wconf 82' lang='lat' dir='ltr'>Scaligeri</span> <span class='ocrx_word' id='word_1_120' title='bbox 856 1026 1029 1063; x_wconf 83' lang='lat' dir='ltr'>argumen-</span> 
     </span>
     <span class='ocr_line' id='line_1_21' title="bbox 278 1062 1027 1107; baseline -0.008 -3"><span class='ocrx_word' id='word_1_121' title='bbox 278 1081 350 1104; x_wconf 86' lang='lat' dir='ltr'>tum</span> <span class='ocrx_word' id='word_1_122' title='bbox 368 1080 437 1101; x_wconf 88' lang='lat' dir='ltr'>non</span> <span class='ocrx_word' id='word_1_123' title='bbox 448 1078 583 1107; x_wconf 80' lang='lat' dir='ltr'>¹tantum</span> <span class='ocrx_word' id='word_1_124' title='bbox 602 1064 761 1100; x_wconf 87' lang='lat' dir='ltr'>frivolum</span> <span class='ocrx_word' id='word_1_125' title='bbox 776 1069 808 1098; x_wconf 85' lang='lat'>&amp;</span> <span class='ocrx_word' id='word_1_126' title='bbox 822 1062 936 1099; x_wconf 80' lang='lat' dir='ltr'>falsum</span> <span class='ocrx_word' id='word_1_127' title='bbox 949 1063 1027 1102; x_wconf 82' lang='lat' dir='ltr'>,scd</span> 
     </span>
     <span class='ocr_line' id='line_1_22' title="bbox 278 1114 1030 1164; baseline -0.009 -11"><span class='ocrx_word' id='word_1_128' title='bbox 278 1119 614 1164; x_wconf 83' lang='lat' dir='ltr'>etiamimpertine&#39;ns.</span> <span class='ocrx_word' id='word_1_129' title='bbox 642 1115 718 1148; x_wconf 85' lang='lat' dir='ltr'>Esto</span> <span class='ocrx_word' id='word_1_130' title='bbox 731 1114 837 1149; x_wconf 77' lang='lat' dir='ltr'>Darius</span> <span class='ocrx_word' id='word_1_131' title='bbox 846 1115 960 1150; x_wconf 82' lang='lat' dir='ltr'>Medus,</span> <span class='ocrx_word' id='word_1_132' title='bbox 975 1123 1030 1146; x_wconf 85' lang='lat' dir='ltr'>aut</span> 
     </span>
     <span class='ocr_line' id='line_1_23' title="bbox 278 1160 1032 1215; baseline -0.011 -13"><span class='ocrx_word' id='word_1_133' title='bbox 278 1169 387 1215; x_wconf 86' lang='lat' dir='ltr'>quivis</span> <span class='ocrx_word' id='word_1_134' title='bbox 413 1168 492 1201; x_wconf 84' lang='lat' dir='ltr'>alius</span> <span class='ocrx_word' id='word_1_135' title='bbox 520 1166 683 1212; x_wconf 83' lang='lat' dir='ltr'>accipiens</span> <span class='ocrx_word' id='word_1_136' title='bbox 714 1163 937 1197; x_wconf 87' lang='lat' dir='ltr'>Chaldaicum</span> <span class='ocrx_word' id='word_1_137' title='bbox 964 1160 1032 1195; x_wconf 82' lang='lat' dir='ltr'>sce-</span> 
     </span>
     <span class='ocr_line' id='line_1_24' title="bbox 279 1211 1032 1265; baseline -0.009 -15"><span class='ocrx_word' id='word_1_138' title='bbox 279 1228 407 1265; x_wconf 82' lang='lat' dir='ltr'>prtum,</span> <span class='ocrx_word' id='word_1_139' title='bbox 421 1214 502 1249; x_wconf 89' lang='lat' dir='ltr'>illud</span> <span class='ocrx_word' id='word_1_140' title='bbox 515 1215 556 1248; x_wconf 84' lang='lat' dir='ltr'>ab</span> <span class='ocrx_word' id='word_1_141' title='bbox 571 1216 686 1260; x_wconf 78' lang='lat' dir='ltr'>aliquo</span> <span class='ocrx_word' id='word_1_142' title='bbox 700 1211 850 1246; x_wconf 81' lang='lat' dir='ltr'>tradente</span> <span class='ocrx_word' id='word_1_143' title='bbox 861 1212 1032 1258; x_wconf 85' lang='lat' dir='ltr'>acceperit,</span> 
     </span>
     <span class='ocr_line' id='line_1_25' title="bbox 279 1262 1033 1311; baseline -0.011 -11"><span class='ocrx_word' id='word_1_144' title='bbox 279 1265 335 1300; x_wconf 90' lang='lat' dir='ltr'>sed</span> <span class='ocrx_word' id='word_1_145' title='bbox 347 1265 507 1311; x_wconf 83' lang='lat' dir='ltr'>quidhoc</span> <span class='ocrx_word' id='word_1_146' title='bbox 524 1263 668 1297; x_wconf 81' lang='lat' dir='ltr'>adrem?</span> <span class='ocrx_word' id='word_1_147' title='bbox 695 1262 816 1295; x_wconf 85' lang='lat' dir='ltr'>Omnis</span> <span class='ocrx_word' id='word_1_148' title='bbox 839 1262 925 1294; x_wconf 85' lang='lat' dir='ltr'>enim</span> <span class='ocrx_word' id='word_1_149' title='bbox 945 1272 1033 1306; x_wconf 84' lang='lat' dir='ltr'>quae-</span> 
     </span>
     <span class='ocr_line' id='line_1_26' title="bbox 282 1309 1032 1360; baseline -0.008 -12"><span class='ocrx_word' id='word_1_150' title='bbox 282 1314 342 1348; x_wconf 90' lang='lat' dir='ltr'>stio</span> <span class='ocrx_word' id='word_1_151' title='bbox 355 1313 397 1347; x_wconf 83' lang='lat' dir='ltr'>est</span> <span class='ocrx_word' id='word_1_152' title='bbox 411 1312 505 1360; x_wconf 54' lang='lat' dir='ltr'>:Equo</span> <span class='ocrx_word' id='word_1_153' title='bbox 518 1309 756 1346; x_wconf 78' lang='lat' dir='ltr'>tradenteillud</span> <span class='ocrx_word' id='word_1_154' title='bbox 766 1311 941 1357; x_wconf 85' lang='lat' dir='ltr'>acceperit.</span> <span class='ocrx_word' id='word_1_155' title='bbox 956 1310 1032 1343; x_wconf 88' lang='lat' dir='ltr'>No-</span> 
     </span>
     <span class='ocr_line' id='line_1_27' title="bbox 282 1356 1034 1409; baseline -0.009 -12"><span class='ocrx_word' id='word_1_156' title='bbox 282 1363 336 1398; x_wconf 79' lang='lat' dir='ltr'>stri</span> <span class='ocrx_word' id='word_1_157' title='bbox 357 1362 374 1396; x_wconf 75' lang='grc' dir='ltr'>ἒι</span> <span class='ocrx_word' id='word_1_158' title='bbox 392 1370 463 1409; x_wconf 78' lang='lat' dir='ltr'>Cyro</span> <span class='ocrx_word' id='word_1_159' title='bbox 477 1362 604 1396; x_wconf 70' lang='lat' dir='ltr'>vistore</span> <span class='ocrx_word' id='word_1_160' title='bbox 616 1384 625 1397; x_wconf 94' lang='lat'>,</span> <span class='ocrx_word' id='word_1_161' title='bbox 645 1370 712 1393; x_wconf 85' lang='lat' dir='ltr'>tam</span> <span class='ocrx_word' id='word_1_162' title='bbox 723 1358 846 1393; x_wconf 76' lang='lat' dir='ltr'>Mediae</span> <span class='ocrx_word' id='word_1_163' title='bbox 859 1356 955 1405; x_wconf 67' lang='lat' dir='ltr'>quam</span> <span class='ocrx_word' id='word_1_164' title='bbox 972 1359 1034 1391; x_wconf 76' lang='lat' dir='ltr'>Ba-</span> 
     </span>
    </p>
   </div>
   <div class='ocr_carea' id='block_1_5' title="bbox 1068 231 1835 1393">
    <p class='ocr_par' dir='ltr' id='par_1_6' title="bbox 1068 231 1835 1393">
     <span class='ocr_line' id='line_1_28' title="bbox 1069 231 1819 281; baseline 0.005 -14"><span class='ocrx_word' id='word_1_165' title='bbox 1069 235 1194 281; x_wconf 82' lang='lat' dir='ltr'>Regem</span> <span class='ocrx_word' id='word_1_166' title='bbox 1208 231 1327 268; x_wconf 64' lang='lat' dir='ltr'>Israelis</span> <span class='ocrx_word' id='word_1_167' title='bbox 1340 258 1349 274; x_wconf 95' lang='lat'>,</span> <span class='ocrx_word' id='word_1_168' title='bbox 1370 234 1468 268; x_wconf 81' lang='lat' dir='ltr'>David</span> <span class='ocrx_word' id='word_1_169' title='bbox 1487 245 1624 281; x_wconf 82' lang='lat' dir='ltr'>regnare</span> <span class='ocrx_word' id='word_1_170' title='bbox 1642 235 1719 271; x_wconf 89' lang='lat' dir='ltr'>fecit</span> <span class='ocrx_word' id='word_1_171' title='bbox 1737 240 1819 271; x_wconf 88' lang='lat' dir='ltr'>Salo-</span> 
     </span>
     <span class='ocr_line' id='line_1_29' title="bbox 1068 285 1820 323; baseline 0.005 -7"><span class='ocrx_word' id='word_1_172' title='bbox 1068 294 1178 317; x_wconf 83' lang='lat' dir='ltr'>monem</span> <span class='ocrx_word' id='word_1_173' title='bbox 1193 307 1203 323; x_wconf 92' lang='lat'>,</span> <span class='ocrx_word' id='word_1_174' title='bbox 1215 285 1333 317; x_wconf 77' lang='lat' dir='ltr'>Pharao</span> <span class='ocrx_word' id='word_1_175' title='bbox 1341 285 1522 319; x_wconf 69' lang='lat' dir='ltr'>ioachazam</span> <span class='ocrx_word' id='word_1_176' title='bbox 1536 308 1543 321; x_wconf 93' lang='lat'>‚</span> <span class='ocrx_word' id='word_1_177' title='bbox 1571 285 1820 322; x_wconf 68' lang='lat' dir='ltr'>Nebuchatlnezar</span> 
     </span>
     <span class='ocr_line' id='line_1_30' title="bbox 1071 331 1821 378; baseline 0.007 -15"><span class='ocrx_word' id='word_1_178' title='bbox 1071 331 1180 378; x_wconf 80' lang='lat' dir='ltr'>primo</span> <span class='ocrx_word' id='word_1_179' title='bbox 1192 334 1347 367; x_wconf 74' lang='lat' dir='ltr'>laconiam,</span> <span class='ocrx_word' id='word_1_180' title='bbox 1356 335 1390 366; x_wconf 71' lang='grc' dir='ltr'>δε</span> <span class='ocrx_word' id='word_1_181' title='bbox 1403 331 1516 378; x_wconf 83' lang='lat' dir='ltr'>postea</span> <span class='ocrx_word' id='word_1_182' title='bbox 1527 333 1821 376; x_wconf 49' lang='lat' dir='ltr'>Zedelgiamssadem</span> 
     </span>
     <span class='ocr_line' id='line_1_31' title="bbox 1072 378 1825 428; baseline 0.005 -16"><span class='ocrx_word' id='word_1_183' title='bbox 1072 382 1104 412; x_wconf 93' lang='lat' dir='ltr'>in</span> <span class='ocrx_word' id='word_1_184' title='bbox 1116 378 1164 412; x_wconf 87' lang='lat' dir='ltr'>his</span> <span class='ocrx_word' id='word_1_185' title='bbox 1177 380 1429 414; x_wconf 88' lang='lat' dir='ltr'>omnibuslocis</span> <span class='ocrx_word' id='word_1_186' title='bbox 1443 393 1506 414; x_wconf 85' lang='lat' dir='ltr'>vox</span> <span class='ocrx_word' id='word_1_187' title='bbox 1519 381 1563 416; x_wconf 87' lang='lat' dir='ltr'>est</span> <span class='ocrx_word' id='word_1_188' title='bbox 1578 380 1620 414; x_wconf 85' lang='lat' dir='ltr'>dc</span> <span class='ocrx_word' id='word_1_189' title='bbox 1631 381 1695 428; x_wconf 65' lang='lat' dir='ltr'>quai</span> <span class='ocrx_word' id='word_1_190' title='bbox 1713 381 1825 428; x_wconf 87' lang='lat' dir='ltr'>dispu-</span> 
     </span>
     <span class='ocr_line' id='line_1_32' title="bbox 1073 428 1827 476; baseline 0.003 -15"><span class='ocrx_word' id='word_1_191' title='bbox 1073 438 1194 463; x_wconf 85' lang='lat' dir='ltr'>tamus.</span> <span class='ocrx_word' id='word_1_192' title='bbox 1233 430 1285 462; x_wconf 91' lang='lat' dir='ltr'>An</span> <span class='ocrx_word' id='word_1_193' title='bbox 1297 430 1362 464; x_wconf 85' lang='lat' dir='ltr'>ulia</span> <span class='ocrx_word' id='word_1_194' title='bbox 1375 428 1426 464; x_wconf 82' lang='lat' dir='ltr'>hic</span> <span class='ocrx_word' id='word_1_195' title='bbox 1438 429 1490 464; x_wconf 89' lang='lat' dir='ltr'>vel</span> <span class='ocrx_word' id='word_1_196' title='bbox 1511 431 1697 476; x_wconf 78' lang='lat' dir='ltr'>Principum</span> <span class='ocrx_word' id='word_1_197' title='bbox 1710 430 1827 468; x_wconf 75' lang='lat' dir='ltr'>factio,</span> 
     </span>
     <span class='ocr_line' id='line_1_33' title="bbox 1074 475 1829 526; baseline 0.005 -17"><span class='ocrx_word' id='word_1_198' title='bbox 1074 479 1124 511; x_wconf 86' lang='lat' dir='ltr'>vel</span> <span class='ocrx_word' id='word_1_199' title='bbox 1136 475 1252 523; x_wconf 88' lang='lat' dir='ltr'>populi</span> <span class='ocrx_word' id='word_1_200' title='bbox 1265 476 1453 525; x_wconf 79' lang='lat' dir='ltr'>suffragium</span> <span class='ocrx_word' id='word_1_201' title='bbox 1465 479 1641 526; x_wconf 84' lang='lat' dir='ltr'>apparuit?</span> <span class='ocrx_word' id='word_1_202' title='bbox 1669 481 1762 515; x_wconf 76' lang='lat' dir='ltr'>Almer</span> <span class='ocrx_word' id='word_1_203' title='bbox 1778 491 1829 513; x_wconf 88' lang='lat' dir='ltr'>re-</span> 
     </span>
     <span class='ocr_line' id='line_1_34' title="bbox 1074 524 1829 574; baseline 0.008 -17"><span class='ocrx_word' id='word_1_204' title='bbox 1074 537 1172 573; x_wconf 83' lang='lat' dir='ltr'>gnare</span> <span class='ocrx_word' id='word_1_205' title='bbox 1187 524 1265 561; x_wconf 84' lang='lat' dir='ltr'>fecit</span> <span class='ocrx_word' id='word_1_206' title='bbox 1276 527 1525 574; x_wconf 82' lang='lat' dir='ltr'>lshbosbetb,loab</span> <span class='ocrx_word' id='word_1_207' title='bbox 1539 531 1573 560; x_wconf 86' lang='lat'>&amp;</span> <span class='ocrx_word' id='word_1_208' title='bbox 1586 530 1692 562; x_wconf 87' lang='lat' dir='ltr'>caeteri</span> <span class='ocrx_word' id='word_1_209' title='bbox 1706 528 1829 563; x_wconf 83' lang='lat' dir='ltr'>milites</span> 
     </span>
     <span class='ocr_line' id='line_1_35' title="bbox 1074 573 1830 613; baseline 0.003 -4"><span class='ocrx_word' id='word_1_210' title='bbox 1074 577 1233 613; x_wconf 77' lang='lat' dir='ltr'>Davidem,</span> <span class='ocrx_word' id='word_1_211' title='bbox 1260 577 1353 609; x_wconf 89' lang='lat' dir='ltr'>Deus</span> <span class='ocrx_word' id='word_1_212' title='bbox 1377 579 1499 610; x_wconf 83' lang='lat' dir='ltr'>Saulum</span> <span class='ocrx_word' id='word_1_213' title='bbox 1511 573 1563 609; x_wconf 63' lang='lat' dir='ltr'>sui</span> <span class='ocrx_word' id='word_1_214' title='bbox 1579 575 1662 609; x_wconf 86' lang='lat' dir='ltr'>sorte</span> <span class='ocrx_word' id='word_1_215' title='bbox 1684 575 1750 610; x_wconf 86' lang='lat' dir='ltr'>fine</span> <span class='ocrx_word' id='word_1_216' title='bbox 1766 576 1830 611; x_wconf 72' lang='lat' dir='ltr'>ullz‘i</span> 
     </span>
     <span class='ocr_line' id='line_1_36' title="bbox 1076 622 1830 671; baseline 0.003 -14"><span class='ocrx_word' id='word_1_217' title='bbox 1076 625 1194 671; x_wconf 81' lang='lat' dir='ltr'>popuii</span> <span class='ocrx_word' id='word_1_218' title='bbox 1206 625 1257 658; x_wconf 88' lang='lat' dir='ltr'>vel</span> <span class='ocrx_word' id='word_1_219' title='bbox 1267 623 1427 659; x_wconf 69' lang='lat' dir='ltr'>eleccione</span> <span class='ocrx_word' id='word_1_220' title='bbox 1440 623 1491 658; x_wconf 84' lang='lat' dir='ltr'>vel</span> <span class='ocrx_word' id='word_1_221' title='bbox 1501 622 1830 671; x_wconf 56' lang='lat' dir='ltr'>faffionesscripthrae</span> 
     </span>
     <span class='ocr_line' id='line_1_37' title="bbox 1075 671 1829 721; baseline 0.003 -15"><span class='ocrx_word' id='word_1_222' title='bbox 1075 676 1150 707; x_wconf 83' lang='lat' dir='ltr'>loca</span> <span class='ocrx_word' id='word_1_223' title='bbox 1170 671 1243 707; x_wconf 91' lang='lat' dir='ltr'>sunt</span> <span class='ocrx_word' id='word_1_224' title='bbox 1266 674 1384 708; x_wconf 85' lang='lat' dir='ltr'>obvia.</span> <span class='ocrx_word' id='word_1_225' title='bbox 1426 672 1528 708; x_wconf 73' lang='lat' dir='ltr'>Certe</span> <span class='ocrx_word' id='word_1_226' title='bbox 1552 674 1742 721; x_wconf 83' lang='lat' dir='ltr'>conjugatio</span> <span class='ocrx_word' id='word_1_227' title='bbox 1763 673 1829 708; x_wconf 84' lang='lat' dir='ltr'>baec</span> 
     </span>
     <span class='ocr_line' id='line_1_38' title="bbox 1076 721 1829 770; baseline 0.001 -15"><span class='ocrx_word' id='word_1_228' title='bbox 1076 721 1255 762; x_wconf 77' lang='lat' dir='ltr'>transitiva,</span> <span class='ocrx_word' id='word_1_229' title='bbox 1268 721 1319 757; x_wconf 90' lang='lat' dir='ltr'>seu</span> <span class='ocrx_word' id='word_1_230' title='bbox 1333 724 1366 756; x_wconf 90' lang='lat' dir='ltr'>in</span> <span class='ocrx_word' id='word_1_231' title='bbox 1377 724 1481 756; x_wconf 70' lang='lat' dir='ltr'>atstiva</span> <span class='ocrx_word' id='word_1_232' title='bbox 1493 723 1544 756; x_wconf 88' lang='lat' dir='ltr'>seu</span> <span class='ocrx_word' id='word_1_233' title='bbox 1556 722 1588 755; x_wconf 92' lang='lat' dir='ltr'>in</span> <span class='ocrx_word' id='word_1_234' title='bbox 1600 722 1718 770; x_wconf 85' lang='lat' dir='ltr'>paffiva</span> <span class='ocrx_word' id='word_1_235' title='bbox 1731 735 1829 760; x_wconf 85' lang='lat' dir='ltr'>voce,</span> 
     </span>
     <span class='ocr_line' id='line_1_39' title="bbox 1077 770 1829 819; baseline 0.003 -16"><span class='ocrx_word' id='word_1_236' title='bbox 1077 771 1157 803; x_wconf 87' lang='lat' dir='ltr'>nihil</span> <span class='ocrx_word' id='word_1_237' title='bbox 1174 771 1259 805; x_wconf 87' lang='lat' dir='ltr'>aliud</span> <span class='ocrx_word' id='word_1_238' title='bbox 1282 783 1396 805; x_wconf 86' lang='lat' dir='ltr'>notare</span> <span class='ocrx_word' id='word_1_239' title='bbox 1419 772 1527 819; x_wconf 85' lang='lat' dir='ltr'>potest</span> <span class='ocrx_word' id='word_1_240' title='bbox 1548 773 1644 818; x_wconf 67' lang='lat' dir='ltr'>quam</span> <span class='ocrx_word' id='word_1_241' title='bbox 1662 771 1703 806; x_wconf 82' lang='lat' dir='ltr'>ab</span> <span class='ocrx_word' id='word_1_242' title='bbox 1716 770 1829 818; x_wconf 87' lang='lat' dir='ltr'>aliquo</span> 
     </span>
     <span class='ocr_line' id='line_1_40' title="bbox 1076 819 1830 867; baseline 0.005 -16"><span class='ocrx_word' id='word_1_243' title='bbox 1076 819 1294 853; x_wconf 82' lang='lat' dir='ltr'>constitutum</span> <span class='ocrx_word' id='word_1_244' title='bbox 1308 822 1436 867; x_wconf 84' lang='lat' dir='ltr'>Regem</span> <span class='ocrx_word' id='word_1_245' title='bbox 1455 845 1464 860; x_wconf 90' lang='lat'>‚</span> <span class='ocrx_word' id='word_1_246' title='bbox 1490 821 1543 854; x_wconf 89' lang='lat' dir='ltr'>seu</span> <span class='ocrx_word' id='word_1_247' title='bbox 1554 820 1637 856; x_wconf 83' lang='lat' dir='ltr'>solus</span> <span class='ocrx_word' id='word_1_248' title='bbox 1650 823 1760 862; x_wconf 78' lang='lat' dir='ltr'>Deus,</span> <span class='ocrx_word' id='word_1_249' title='bbox 1775 820 1830 855; x_wconf 88' lang='lat' dir='ltr'>seu</span> 
     </span>
     <span class='ocr_line' id='line_1_41' title="bbox 1076 867 1831 918; baseline 0.004 -17"><span class='ocrx_word' id='word_1_250' title='bbox 1076 878 1169 901; x_wconf 87' lang='lat' dir='ltr'>totus</span> <span class='ocrx_word' id='word_1_251' title='bbox 1180 867 1399 914; x_wconf 81' lang='lat' dir='ltr'>populus,seu</span> <span class='ocrx_word' id='word_1_252' title='bbox 1412 869 1511 903; x_wconf 67' lang='lat' dir='ltr'>fatfftio</span> <span class='ocrx_word' id='word_1_253' title='bbox 1523 872 1636 918; x_wconf 88' lang='lat' dir='ltr'>populi</span> <span class='ocrx_word' id='word_1_254' title='bbox 1650 895 1660 910; x_wconf 94' lang='lat'>,</span> <span class='ocrx_word' id='word_1_255' title='bbox 1672 869 1723 904; x_wconf 88' lang='lat' dir='ltr'>seu</span> <span class='ocrx_word' id='word_1_256' title='bbox 1736 882 1831 905; x_wconf 86' lang='lat' dir='ltr'>exer-</span> 
     </span>
     <span class='ocr_line' id='line_1_42' title="bbox 1076 915 1832 962; baseline 0.004 -12"><span class='ocrx_word' id='word_1_257' title='bbox 1076 918 1159 950; x_wconf 87' lang='lat' dir='ltr'>citus</span> <span class='ocrx_word' id='word_1_258' title='bbox 1169 942 1176 954; x_wconf 91' lang='lat'>‚</span> <span class='ocrx_word' id='word_1_259' title='bbox 1189 915 1239 950; x_wconf 86' lang='lat' dir='ltr'>seu</span> <span class='ocrx_word' id='word_1_260' title='bbox 1254 916 1410 962; x_wconf 79' lang='lat' dir='ltr'>Princeps</span> <span class='ocrx_word' id='word_1_261' title='bbox 1422 941 1431 957; x_wconf 91' lang='lat'>,</span> <span class='ocrx_word' id='word_1_262' title='bbox 1451 917 1502 950; x_wconf 86' lang='lat' dir='ltr'>vel</span> <span class='ocrx_word' id='word_1_263' title='bbox 1518 921 1646 953; x_wconf 83' lang='lat' dir='ltr'>nativus</span> <span class='ocrx_word' id='word_1_264' title='bbox 1657 918 1707 953; x_wconf 86' lang='lat' dir='ltr'>vel</span> <span class='ocrx_word' id='word_1_265' title='bbox 1721 930 1832 953; x_wconf 84' lang='lat' dir='ltr'>extra-</span> 
     </span>
     <span class='ocr_line' id='line_1_43' title="bbox 1077 965 1831 1012; baseline 0.004 -13"><span class='ocrx_word' id='word_1_266' title='bbox 1077 977 1156 999; x_wconf 88' lang='lat' dir='ltr'>neus</span> <span class='ocrx_word' id='word_1_267' title='bbox 1168 965 1274 998; x_wconf 89' lang='lat' dir='ltr'>inviro</span> <span class='ocrx_word' id='word_1_268' title='bbox 1293 967 1422 1012; x_wconf 89' lang='lat' dir='ltr'>populo</span> <span class='ocrx_word' id='word_1_269' title='bbox 1434 967 1587 1000; x_wconf 66' lang='lat' dir='ltr'>auctores</span> <span class='ocrx_word' id='word_1_270' title='bbox 1600 978 1655 1000; x_wconf 87' lang='lat' dir='ltr'>aut</span> <span class='ocrx_word' id='word_1_271' title='bbox 1666 968 1831 1011; x_wconf 84' lang='lat' dir='ltr'>adjutores</span> 
     </span>
     <span class='ocr_line' id='line_1_44' title="bbox 1077 1011 1832 1062; baseline 0.005 -15"><span class='ocrx_word' id='word_1_272' title='bbox 1077 1016 1111 1047; x_wconf 89' lang='lat' dir='ltr'>in</span> <span class='ocrx_word' id='word_1_273' title='bbox 1130 1014 1188 1048; x_wconf 75' lang='lat' dir='ltr'>hac</span> <span class='ocrx_word' id='word_1_274' title='bbox 1207 1015 1340 1048; x_wconf 68' lang='lat' dir='ltr'>actione</span> <span class='ocrx_word' id='word_1_275' title='bbox 1360 1011 1496 1055; x_wconf 85' lang='lat' dir='ltr'>fuerint.</span> <span class='ocrx_word' id='word_1_276' title='bbox 1527 1016 1568 1048; x_wconf 86' lang='lat' dir='ltr'>Et</span> <span class='ocrx_word' id='word_1_277' title='bbox 1581 1016 1717 1062; x_wconf 88' lang='lat' dir='ltr'>quidem</span> <span class='ocrx_word' id='word_1_278' title='bbox 1728 1017 1832 1051; x_wconf 88' lang='lat' dir='ltr'>nostri</span> 
     </span>
     <span class='ocr_line' id='line_1_45' title="bbox 1078 1061 1834 1107; baseline 0.001 -10"><span class='ocrx_word' id='word_1_279' title='bbox 1078 1064 1198 1097; x_wconf 82' lang='lat' dir='ltr'>volunt</span> <span class='ocrx_word' id='word_1_280' title='bbox 1209 1061 1302 1107; x_wconf 49' lang='lat' dir='ltr'>&amp;Cyro</span> <span class='ocrx_word' id='word_1_281' title='bbox 1314 1063 1439 1098; x_wconf 81' lang='lat' dir='ltr'>Darium</span> <span class='ocrx_word' id='word_1_282' title='bbox 1453 1064 1668 1098; x_wconf 86' lang='lat' dir='ltr'>constitutum</span> <span class='ocrx_word' id='word_1_283' title='bbox 1688 1066 1722 1099; x_wconf 86' lang='lat' dir='ltr'>in</span> <span class='ocrx_word' id='word_1_284' title='bbox 1735 1064 1834 1099; x_wconf 88' lang='lat' dir='ltr'>thro-</span> 
     </span>
     <span class='ocr_line' id='line_1_46' title="bbox 1079 1109 1835 1160; baseline 0.003 -14"><span class='ocrx_word' id='word_1_285' title='bbox 1079 1125 1123 1146; x_wconf 87' lang='lat' dir='ltr'>no</span> <span class='ocrx_word' id='word_1_286' title='bbox 1143 1113 1321 1155; x_wconf 80' lang='lat' dir='ltr'>Babylonis</span> <span class='ocrx_word' id='word_1_287' title='bbox 1334 1136 1343 1152; x_wconf 89' lang='lat'>,</span> <span class='ocrx_word' id='word_1_288' title='bbox 1363 1109 1437 1146; x_wconf 75' lang='lat' dir='ltr'>cum</span> <span class='ocrx_word' id='word_1_289' title='bbox 1453 1111 1510 1145; x_wconf 86' lang='lat' dir='ltr'>fibi</span> <span class='ocrx_word' id='word_1_290' title='bbox 1525 1123 1589 1147; x_wconf 88' lang='lat' dir='ltr'>tam</span> <span class='ocrx_word' id='word_1_291' title='bbox 1601 1113 1723 1149; x_wconf 83' lang='lat' dir='ltr'>Mediae</span> <span class='ocrx_word' id='word_1_292' title='bbox 1733 1112 1835 1160; x_wconf 59' lang='lat' dir='ltr'>quam</span> 
     </span>
     <span class='ocr_line' id='line_1_47' title="bbox 1081 1160 1833 1208; baseline 0.004 -14"><span class='ocrx_word' id='word_1_293' title='bbox 1081 1160 1258 1208; x_wconf 78' lang='lat' dir='ltr'>Babylonis</span> <span class='ocrx_word' id='word_1_294' title='bbox 1271 1161 1347 1195; x_wconf 88' lang='lat' dir='ltr'>solia</span> <span class='ocrx_word' id='word_1_295' title='bbox 1357 1161 1570 1202; x_wconf 85' lang='lat' dir='ltr'>deberentur,</span> <span class='ocrx_word' id='word_1_296' title='bbox 1582 1174 1693 1196; x_wconf 86' lang='lat' dir='ltr'>tamen</span> <span class='ocrx_word' id='word_1_297' title='bbox 1704 1174 1833 1198; x_wconf 86' lang='lat' dir='ltr'>utrum-</span> 
     </span>
     <span class='ocr_line' id='line_1_48' title="bbox 1081 1208 1832 1257; baseline 0.003 -13"><span class='ocrx_word' id='word_1_298' title='bbox 1081 1222 1144 1257; x_wconf 87' lang='lat' dir='ltr'>que</span> <span class='ocrx_word' id='word_1_299' title='bbox 1160 1209 1318 1245; x_wconf 82' lang='lat' dir='ltr'>thronum</span> <span class='ocrx_word' id='word_1_300' title='bbox 1332 1208 1486 1246; x_wconf 74' lang='lat' dir='ltr'>concessit</span> <span class='ocrx_word' id='word_1_301' title='bbox 1497 1213 1663 1246; x_wconf 89' lang='lat' dir='ltr'>avunculo</span> <span class='ocrx_word' id='word_1_302' title='bbox 1675 1216 1708 1246; x_wconf 75' lang='grc' dir='ltr'>δε</span> <span class='ocrx_word' id='word_1_303' title='bbox 1718 1212 1832 1247; x_wconf 86' lang='lat' dir='ltr'>socero</span> 
     </span>
     <span class='ocr_line' id='line_1_49' title="bbox 1082 1260 1834 1300; baseline 0.003 -7"><span class='ocrx_word' id='word_1_304' title='bbox 1082 1261 1120 1294; x_wconf 87' lang='lat' dir='ltr'>ad</span> <span class='ocrx_word' id='word_1_305' title='bbox 1140 1261 1240 1294; x_wconf 81' lang='lat' dir='ltr'>vitam</span> <span class='ocrx_word' id='word_1_306' title='bbox 1264 1286 1273 1300; x_wconf 89' lang='lat'>,</span> <span class='ocrx_word' id='word_1_307' title='bbox 1300 1264 1334 1294; x_wconf 64' lang='grc' dir='ltr'>ἅ</span> <span class='ocrx_word' id='word_1_308' title='bbox 1354 1260 1398 1294; x_wconf 88' lang='lat' dir='ltr'>sui</span> <span class='ocrx_word' id='word_1_309' title='bbox 1424 1261 1580 1294; x_wconf 77' lang='lat' dir='ltr'>exercitiis</span> <span class='ocrx_word' id='word_1_310' title='bbox 1602 1263 1699 1296; x_wconf 87' lang='lat' dir='ltr'>armis</span> <span class='ocrx_word' id='word_1_311' title='bbox 1720 1262 1752 1294; x_wconf 89' lang='lat' dir='ltr'>in</span> <span class='ocrx_word' id='word_1_312' title='bbox 1767 1260 1834 1295; x_wconf 83' lang='lat' dir='ltr'>istis</span> 
     </span>
     <span class='ocr_line' id='line_1_50' title="bbox 1082 1308 1834 1346; baseline 0.001 -4"><span class='ocrx_word' id='word_1_313' title='bbox 1082 1309 1206 1342; x_wconf 80' lang='lat' dir='ltr'>thronis</span> <span class='ocrx_word' id='word_1_314' title='bbox 1218 1308 1273 1343; x_wconf 56' lang='lat' dir='ltr'>ase</span> <span class='ocrx_word' id='word_1_315' title='bbox 1285 1309 1499 1344; x_wconf 75' lang='lat' dir='ltr'>constitutum</span> <span class='ocrx_word' id='word_1_316' title='bbox 1511 1320 1627 1346; x_wconf 81' lang='lat' dir='ltr'>contra</span> <span class='ocrx_word' id='word_1_317' title='bbox 1639 1322 1758 1345; x_wconf 85' lang='lat' dir='ltr'>omnes</span> <span class='ocrx_word' id='word_1_318' title='bbox 1769 1311 1834 1344; x_wconf 89' lang='lat' dir='ltr'>ini-</span> 
     </span>
     <span class='ocr_line' id='line_1_51' title="bbox 1084 1358 1396 1393; baseline 0.006 -2"><span class='ocrx_word' id='word_1_319' title='bbox 1084 1360 1191 1392; x_wconf 84' lang='lat' dir='ltr'>micos</span> <span class='ocrx_word' id='word_1_320' title='bbox 1207 1369 1329 1393; x_wconf 79' lang='lat' dir='ltr'>tutatus</span> <span class='ocrx_word' id='word_1_321' title='bbox 1340 1358 1396 1393; x_wconf 82' lang='lat' dir='ltr'>est.</span> 
     </span>
    </p>
   </div>
   <div class='ocr_carea' id='block_1_6' title="bbox 283 1407 1968 1503">
    <p class='ocr_par' dir='ltr' id='par_1_7' title="bbox 283 1407 1968 1503">
     <span class='ocr_line' id='line_1_52' title="bbox 283 1407 1935 1459; baseline -0.002 -13"><span class='ocrx_word' id='word_1_322' title='bbox 283 1411 416 1457; x_wconf 88' lang='lat' dir='ltr'>bylonis</span> <span class='ocrx_word' id='word_1_323' title='bbox 438 1411 563 1458; x_wconf 83' lang='lat' dir='ltr'>sceptra</span> <span class='ocrx_word' id='word_1_324' title='bbox 583 1411 715 1459; x_wconf 80' lang='lat' dir='ltr'>cyaxari</span> <span class='ocrx_word' id='word_1_325' title='bbox 732 1408 790 1442; x_wconf 86' lang='lat' dir='ltr'>suo</span> <span class='ocrx_word' id='word_1_326' title='bbox 813 1407 980 1442; x_wconf 80' lang='lat' dir='ltr'>avunculo</span> <span class='ocrx_word' id='word_1_327' title='bbox 1001 1410 1034 1440; x_wconf 88' lang='lat'>&amp;</span> <span class='ocrx_word' id='word_1_328' title='bbox 1132 1408 1377 1454; x_wconf 78' lang='lat' dir='ltr'>Argumentum</span> <span class='ocrx_word' id='word_1_329' title='bbox 1413 1407 1505 1442; x_wconf 90' lang='lat' dir='ltr'>suum</span> <span class='ocrx_word' id='word_1_330' title='bbox 1543 1410 1675 1444; x_wconf 87' lang='lat' dir='ltr'>tertium</span> <span class='ocrx_word' id='word_1_331' title='bbox 1703 1411 1830 1455; x_wconf 84' lang='lat' dir='ltr'>Scaliger</span> <span class='ocrx_word' id='word_1_332' title='bbox 1909 1420 1935 1443; x_wconf 88' lang='lat'>3·</span> 
     </span>
     <span class='ocr_line' id='line_1_53' title="bbox 1083 1453 1968 1503; baseline 0.001 -15"><span class='ocrx_word' id='word_1_333' title='bbox 1083 1456 1151 1489; x_wconf 81' lang='lat' dir='ltr'>vult</span> <span class='ocrx_word' id='word_1_334' title='bbox 1163 1469 1299 1490; x_wconf 88' lang='lat' dir='ltr'>omnem</span> <span class='ocrx_word' id='word_1_335' title='bbox 1313 1459 1538 1499; x_wconf 65' lang='lat' dir='ltr'>conjctstutam</span> <span class='ocrx_word' id='word_1_336' title='bbox 1551 1461 1704 1493; x_wconf 83' lang='lat' dir='ltr'>vincere:</span> <span class='ocrx_word' id='word_1_337' title='bbox 1724 1456 1832 1503; x_wconf 79' lang='lat' dir='ltr'>Qod</span> <span class='ocrx_word' id='word_1_338' title='bbox 1851 1453 1968 1489; x_wconf 63' lang='lat' dir='ltr'>T‘ml’ffl‘</span> 
     </span>
    </p>
   </div>
   <div class='ocr_carea' id='block_1_7' title="bbox 284 1456 2027 1652">
    <p class='ocr_par' dir='ltr' id='par_1_8' title="bbox 284 1456 2027 1652">
     <span class='ocr_line' id='line_1_54' title="bbox 285 1456 2027 1503; baseline -0.008 -7"><span class='ocrx_word' id='word_1_339' title='bbox 285 1461 404 1496; x_wconf 89' lang='lat' dir='ltr'>socero</span> <span class='ocrx_word' id='word_1_340' title='bbox 423 1458 570 1495; x_wconf 68' lang='lat' dir='ltr'>concessa</span> <span class='ocrx_word' id='word_1_341' title='bbox 596 1461 720 1494; x_wconf 87' lang='lat' dir='ltr'>docent</span> <span class='ocrx_word' id='word_1_342' title='bbox 747 1473 758 1501; x_wconf 70' lang='grc' dir='ltr'><strong>ς</strong></span> <span class='ocrx_word' id='word_1_343' title='bbox 792 1456 859 1491; x_wconf 82' lang='lat' dir='ltr'>Sed</span> <span class='ocrx_word' id='word_1_344' title='bbox 885 1456 1035 1503; x_wconf 87' lang='lat' dir='ltr'>nunquid</span> <span class='ocrx_word' id='word_1_345' title='bbox 1917 1495 1931 1499; x_wconf 91' lang='lat'>..</span> <span class='ocrx_word' id='word_1_346' title='bbox 1991 1492 1995 1496; x_wconf 16' lang='grc' dir='ltr'><em>ᾗ</em></span> <span class='ocrx_word' id='word_1_347' title='bbox 2026 1485 2027 1489; x_wconf 13' lang='grc' dir='ltr'><strong>Ἰ</strong></span> 
     </span>
     <span class='ocr_line' id='line_1_55' title="bbox 285 1494 2026 1560; baseline -0.006 -14"><span class='ocrx_word' id='word_1_348' title='bbox 285 1513 395 1546; x_wconf 80' lang='lat' dir='ltr'>Daniel</span> <span class='ocrx_word' id='word_1_349' title='bbox 429 1508 445 1543; x_wconf 70' lang='grc' dir='ltr'>ὲ</span> <span class='ocrx_word' id='word_1_350' title='bbox 473 1508 601 1556; x_wconf 87' lang='lat' dir='ltr'>populo</span> <span class='ocrx_word' id='word_1_351' title='bbox 632 1506 821 1543; x_wconf 86' lang='lat' dir='ltr'>Chaldaico</span> <span class='ocrx_word' id='word_1_352' title='bbox 846 1505 898 1539; x_wconf 71' lang='lat' dir='ltr'>sufi</span> <span class='ocrx_word' id='word_1_353' title='bbox 922 1504 1035 1552; x_wconf 85' lang='lat' dir='ltr'>sponte</span> <span class='ocrx_word' id='word_1_354' title='bbox 1085 1515 1238 1553; x_wconf 84' lang='lat' dir='ltr'>tempora</span> <span class='ocrx_word' id='word_1_355' title='bbox 1251 1505 1312 1539; x_wconf 73' lang='lat' dir='ltr'>{int</span> <span class='ocrx_word' id='word_1_356' title='bbox 1327 1508 1558 1540; x_wconf 87' lang='lat' dir='ltr'>convenientia</span> <span class='ocrx_word' id='word_1_357' title='bbox 1576 1507 1661 1542; x_wconf 86' lang='lat' dir='ltr'>Darii</span> <span class='ocrx_word' id='word_1_358' title='bbox 1678 1509 1755 1542; x_wconf 84' lang='lat' dir='ltr'>Medi</span> <span class='ocrx_word' id='word_1_359' title='bbox 1773 1506 1833 1540; x_wconf 87' lang='lat' dir='ltr'>sci·</span> <span class='ocrx_word' id='word_1_360' title='bbox 1852 1494 2026 1560; x_wconf 38' lang='lat' dir='ltr'>ff‘m&#39;M‘ssJ</span> 
     </span>
     <span class='ocr_line' id='line_1_56' title="bbox 285 1536 1998 1607; baseline -0.003 -14"><span class='ocrx_word' id='word_1_361' title='bbox 285 1559 409 1607; x_wconf 85' lang='lat' dir='ltr'>absque</span> <span class='ocrx_word' id='word_1_362' title='bbox 423 1560 453 1593; x_wconf 90' lang='lat' dir='ltr'>vi</span> <span class='ocrx_word' id='word_1_363' title='bbox 467 1561 643 1605; x_wconf 72' lang='lat' dir='ltr'>imperium</span> <span class='ocrx_word' id='word_1_364' title='bbox 656 1559 689 1591; x_wconf 90' lang='lat' dir='ltr'>in</span> <span class='ocrx_word' id='word_1_365' title='bbox 700 1556 729 1589; x_wconf 83' lang='lat' dir='ltr'>se</span> <span class='ocrx_word' id='word_1_366' title='bbox 738 1558 830 1590; x_wconf 80' lang='lat' dir='ltr'>Dario</span> <span class='ocrx_word' id='word_1_367' title='bbox 843 1556 925 1590; x_wconf 83' lang='lat' dir='ltr'>Medo</span> <span class='ocrx_word' id='word_1_368' title='bbox 937 1554 1034 1589; x_wconf 83' lang='lat' dir='ltr'>tradi-</span> <span class='ocrx_word' id='word_1_369' title='bbox 1085 1555 1162 1588; x_wconf 85' lang='lat' dir='ltr'>licet</span> <span class='ocrx_word' id='word_1_370' title='bbox 1173 1560 1206 1590; x_wconf 90' lang='lat'>&amp;</span> <span class='ocrx_word' id='word_1_371' title='bbox 1219 1556 1363 1591; x_wconf 81' lang='lat' dir='ltr'>Nabonidi</span> <span class='ocrx_word' id='word_1_372' title='bbox 1373 1582 1381 1594; x_wconf 97' lang='lat'>‚</span> <span class='ocrx_word' id='word_1_373' title='bbox 1401 1555 1493 1602; x_wconf 73' lang='lat' dir='ltr'>quod</span> <span class='ocrx_word' id='word_1_374' title='bbox 1503 1568 1641 1603; x_wconf 87' lang='lat' dir='ltr'>uterque</span> <span class='ocrx_word' id='word_1_375' title='bbox 1655 1547 1834 1602; x_wconf 69' lang='lat' dir='ltr'>regnaiterit</span> <span class='ocrx_word' id='word_1_376' title='bbox 1853 1536 1998 1603; x_wconf 34' lang='lat' dir='ltr'>affixa</span> 
     </span>
     <span class='ocr_line' id='line_1_57' title="bbox 284 1604 1942 1652; baseline -0.006 -9"><span class='ocrx_word' id='word_1_377' title='bbox 284 1620 356 1643; x_wconf 87' lang='lat' dir='ltr'>tum</span> <span class='ocrx_word' id='word_1_378' title='bbox 369 1606 536 1643; x_wconf 83' lang='lat' dir='ltr'>affirmat?</span> <span class='ocrx_word' id='word_1_379' title='bbox 569 1609 650 1641; x_wconf 86' lang='lat' dir='ltr'>Hoc</span> <span class='ocrx_word' id='word_1_380' title='bbox 668 1606 711 1639; x_wconf 89' lang='lat' dir='ltr'>est</span> <span class='ocrx_word' id='word_1_381' title='bbox 731 1604 893 1650; x_wconf 62' lang='lat' dir='ltr'>afflirdpssloov</span> <span class='ocrx_word' id='word_1_382' title='bbox 911 1628 920 1641; x_wconf 92' lang='lat'>,</span> <span class='ocrx_word' id='word_1_383' title='bbox 947 1604 1035 1652; x_wconf 88' lang='lat' dir='ltr'>quod</span> <span class='ocrx_word' id='word_1_384' title='bbox 1086 1615 1187 1639; x_wconf 88' lang='lat' dir='ltr'>annos</span> <span class='ocrx_word' id='word_1_385' title='bbox 1198 1605 1445 1652; x_wconf 83' lang='lat' dir='ltr'>septemdecim.</span> <span class='ocrx_word' id='word_1_386' title='bbox 1855 1626 1942 1643; x_wconf 70' lang='lat' dir='ltr'>conve-</span> 
     </span>
    </p>
   </div>
   <div class='ocr_carea' id='block_1_8' title="bbox 282 1653 1938 1706">
    <p class='ocr_par' dir='ltr' id='par_1_9' title="bbox 282 1653 1938 1706">
     <span class='ocr_line' id='line_1_58' title="bbox 282 1653 1938 1706; baseline -0.005 -13"><span class='ocrx_word' id='word_1_387' title='bbox 282 1658 412 1706; x_wconf 75' lang='lat' dir='ltr'>Scaliger</span> <span class='ocrx_word' id='word_1_388' title='bbox 436 1670 475 1691; x_wconf 88' lang='lat' dir='ltr'>ex</span> <span class='ocrx_word' id='word_1_389' title='bbox 496 1657 623 1692; x_wconf 74' lang='lat' dir='ltr'>Danielis</span> <span class='ocrx_word' id='word_1_390' title='bbox 643 1656 749 1691; x_wconf 86' lang='lat' dir='ltr'>verbis</span> <span class='ocrx_word' id='word_1_391' title='bbox 770 1656 867 1689; x_wconf 81' lang='lat' dir='ltr'>nullis</span> <span class='ocrx_word' id='word_1_392' title='bbox 888 1666 1035 1701; x_wconf 85' lang='lat' dir='ltr'>unquam</span> <span class='ocrx_word' id='word_1_393' title='bbox 1138 1655 1233 1701; x_wconf 83' lang='lat' dir='ltr'>Resp.</span> <span class='ocrx_word' id='word_1_394' title='bbox 1260 1656 1307 1688; x_wconf 86' lang='lat' dir='ltr'>Sit</span> <span class='ocrx_word' id='word_1_395' title='bbox 1320 1657 1444 1700; x_wconf 82' lang='lat' dir='ltr'>Scaliger</span> <span class='ocrx_word' id='word_1_396' title='bbox 1455 1653 1519 1701; x_wconf 88' lang='lat' dir='ltr'>ipse</span> <span class='ocrx_word' id='word_1_397' title='bbox 1533 1653 1632 1698; x_wconf 74' lang='lat' dir='ltr'>juder&lt;</span> <span class='ocrx_word' id='word_1_398' title='bbox 1648 1655 1833 1689; x_wconf 80' lang='lat' dir='ltr'>&amp;Petavius</span> <span class='ocrx_word' id='word_1_399' title='bbox 1855 1658 1938 1686; x_wconf 69' lang='lat' dir='ltr'>niunt-</span> 
     </span>
    </p>
   </div>
   <div class='ocr_carea' id='block_1_9' title="bbox 2005 0 2048 1580">
    <p class='ocr_par' dir='ltr' id='par_1_10' title="bbox 2005 0 2048 1580">
     <span class='ocr_line' id='line_1_59' title="bbox 2005 0 2048 1580; baseline 0 0"><span class='ocrx_word' id='word_1_400' title='bbox 2005 0 2048 1580; x_wconf 95' lang='lat' dir='ltr'> </span> 
     </span>
    </p>
   </div>
   <div class='ocr_carea' id='block_1_10' title="bbox 283 1705 1035 1805">
    <p class='ocr_par' dir='ltr' id='par_1_11' title="bbox 283 1705 1035 1805">
     <span class='ocr_line' id='line_1_60' title="bbox 283 1705 615 1744; baseline -0.009 0"><span class='ocrx_word' id='word_1_401' title='bbox 283 1707 426 1744; x_wconf 89' lang='lat' dir='ltr'>fidiculis</span> <span class='ocrx_word' id='word_1_402' title='bbox 438 1705 615 1742; x_wconf 80' lang='lat' dir='ltr'>extorserit.</span> 
     </span>
     <span class='ocr_line' id='line_1_61' title="bbox 331 1751 1035 1805; baseline -0.01 -13"><span class='ocrx_word' id='word_1_403' title='bbox 331 1761 579 1805; x_wconf 80' lang='lat' dir='ltr'>Argumentum</span> <span class='ocrx_word' id='word_1_404' title='bbox 599 1753 791 1790; x_wconf 87' lang='lat' dir='ltr'>secundum.</span> <span class='ocrx_word' id='word_1_405' title='bbox 829 1751 895 1787; x_wconf 88' lang='lat' dir='ltr'>Etsi</span> <span class='ocrx_word' id='word_1_406' title='bbox 916 1753 955 1788; x_wconf 83' lang='lat' dir='ltr'>de</span> <span class='ocrx_word' id='word_1_407' title='bbox 969 1755 1035 1797; x_wconf 87' lang='lat' dir='ltr'>ejus</span> 
     </span>
    </p>
   </div>
   <div class='ocr_carea' id='block_1_11' title="bbox 1088 1701 1839 1751">
    <p class='ocr_par' dir='ltr' id='par_1_12' title="bbox 1088 1701 1839 1751">
     <span class='ocr_line' id='line_1_62' title="bbox 1088 1701 1839 1751; baseline 0.003 -15"><span class='ocrx_word' id='word_1_408' title='bbox 1088 1703 1132 1737; x_wconf 87' lang='lat' dir='ltr'>illi</span> <span class='ocrx_word' id='word_1_409' title='bbox 1144 1701 1273 1737; x_wconf 77' lang='lat' dir='ltr'>asseffor</span> <span class='ocrx_word' id='word_1_410' title='bbox 1286 1730 1295 1744; x_wconf 94' lang='lat'>‚</span> <span class='ocrx_word' id='word_1_411' title='bbox 1315 1705 1440 1739; x_wconf 85' lang='lat' dir='ltr'>nullum</span> <span class='ocrx_word' id='word_1_412' title='bbox 1452 1706 1512 1738; x_wconf 84' lang='lat' dir='ltr'>erit</span> <span class='ocrx_word' id='word_1_413' title='bbox 1524 1704 1588 1738; x_wconf 82' lang='lat' dir='ltr'>hoc</span> <span class='ocrx_word' id='word_1_414' title='bbox 1599 1715 1839 1751; x_wconf 76' lang='lat' dir='ltr'>argumentum.</span> 
     </span>
    </p>
   </div>
   <div class='ocr_carea' id='block_1_12' title="bbox 122 1752 1839 1974">
    <p class='ocr_par' dir='ltr' id='par_1_13' title="bbox 122 1752 1839 1974">
     <span class='ocr_line' id='line_1_63' title="bbox 184 1752 1835 1800; baseline 0 -13"><span class='ocrx_word' id='word_1_415' title='bbox 184 1778 209 1798; x_wconf 52' lang='lat'>2,</span> <span class='ocrx_word' id='word_1_416' title='bbox 1089 1754 1263 1800; x_wconf 80' lang='lat' dir='ltr'>Tempora</span> <span class='ocrx_word' id='word_1_417' title='bbox 1281 1756 1366 1788; x_wconf 87' lang='lat' dir='ltr'>Darii</span> <span class='ocrx_word' id='word_1_418' title='bbox 1385 1754 1463 1788; x_wconf 82' lang='lat' dir='ltr'>Medi</span> <span class='ocrx_word' id='word_1_419' title='bbox 1482 1758 1513 1787; x_wconf 67' lang='grc' dir='ltr'>δέ</span> <span class='ocrx_word' id='word_1_420' title='bbox 1533 1754 1675 1787; x_wconf 80' lang='lat' dir='ltr'>Nabonuli</span> <span class='ocrx_word' id='word_1_421' title='bbox 1695 1752 1835 1787; x_wconf 77' lang='lat' dir='ltr'>omnino</span> 
     </span>
     <span class='ocr_line' id='line_1_64' title="bbox 126 1801 1839 1854; baseline -0.002 -16"><span class='ocrx_word' id='word_1_422' title='bbox 126 1809 248 1847; x_wconf 64' lang='lat' dir='ltr'>,Quomodo</span> <span class='ocrx_word' id='word_1_423' title='bbox 286 1806 410 1842; x_wconf 86' lang='lat' dir='ltr'>viribus</span> <span class='ocrx_word' id='word_1_424' title='bbox 437 1809 563 1854; x_wconf 82' lang='lat' dir='ltr'>Scaliger</span> <span class='ocrx_word' id='word_1_425' title='bbox 583 1803 726 1840; x_wconf 81' lang='lat' dir='ltr'>nimium</span> <span class='ocrx_word' id='word_1_426' title='bbox 748 1804 876 1849; x_wconf 62' lang='lat' dir='ltr'>jarititet</span> <span class='ocrx_word' id='word_1_427' title='bbox 896 1827 906 1843; x_wconf 93' lang='lat'>,</span> <span class='ocrx_word' id='word_1_428' title='bbox 935 1803 1036 1849; x_wconf 85' lang='lat' dir='ltr'>priori</span> <span class='ocrx_word' id='word_1_429' title='bbox 1090 1814 1158 1836; x_wconf 88' lang='lat' dir='ltr'>non</span> <span class='ocrx_word' id='word_1_430' title='bbox 1172 1804 1374 1837; x_wconf 86' lang='lat' dir='ltr'>conveniunt</span> <span class='ocrx_word' id='word_1_431' title='bbox 1389 1817 1395 1837; x_wconf 92' lang='lat'>:</span> <span class='ocrx_word' id='word_1_432' title='bbox 1410 1804 1483 1837; x_wconf 83' lang='lat' dir='ltr'>licet</span> <span class='ocrx_word' id='word_1_433' title='bbox 1498 1801 1572 1837; x_wconf 78' lang='lat' dir='ltr'>falsa</span> <span class='ocrx_word' id='word_1_434' title='bbox 1583 1803 1765 1849; x_wconf 79' lang='lat' dir='ltr'>effentquae</span> <span class='ocrx_word' id='word_1_435' title='bbox 1778 1813 1839 1835; x_wconf 90' lang='lat' dir='ltr'>no-</span> 
     </span>
     <span class='ocr_line' id='line_1_65' title="bbox 129 1850 1838 1898; baseline -0.004 -8"><span class='ocrx_word' id='word_1_436' title='bbox 129 1854 227 1880; x_wconf 77' lang='lat' dir='ltr'>Darius</span> <span class='ocrx_word' id='word_1_437' title='bbox 286 1856 391 1890; x_wconf 85' lang='lat' dir='ltr'>nihilo</span> <span class='ocrx_word' id='word_1_438' title='bbox 402 1855 444 1890; x_wconf 87' lang='lat' dir='ltr'>est</span> <span class='ocrx_word' id='word_1_439' title='bbox 454 1854 581 1890; x_wconf 84' lang='lat' dir='ltr'>fortius.</span> <span class='ocrx_word' id='word_1_440' title='bbox 598 1856 790 1896; x_wconf 83' lang='lat' dir='ltr'>Dan.9-v.1.</span> <span class='ocrx_word' id='word_1_441' title='bbox 803 1853 1037 1887; x_wconf 75' lang='lat' dir='ltr'>diciturDarim</span> <span class='ocrx_word' id='word_1_442' title='bbox 1089 1851 1138 1885; x_wconf 73' lang='lat' dir='ltr'>stri</span> <span class='ocrx_word' id='word_1_443' title='bbox 1156 1865 1192 1886; x_wconf 76' lang='lat' dir='ltr'>ex</span> <span class='ocrx_word' id='word_1_444' title='bbox 1210 1853 1372 1898; x_wconf 82' lang='lat' dir='ltr'>Scriptura</span> <span class='ocrx_word' id='word_1_445' title='bbox 1387 1855 1421 1886; x_wconf 72' lang='grc' dir='ltr'>δε</span> <span class='ocrx_word' id='word_1_446' title='bbox 1438 1853 1567 1885; x_wconf 80' lang='lat' dir='ltr'>ratione</span> <span class='ocrx_word' id='word_1_447' title='bbox 1586 1863 1664 1885; x_wconf 85' lang='lat' dir='ltr'>vero</span> <span class='ocrx_word' id='word_1_448' title='bbox 1675 1850 1838 1886; x_wconf 67' lang='lat' dir='ltr'>simillime</span> 
     </span>
     <span class='ocr_line' id='line_1_66' title="bbox 122 1893 1836 1974; baseline -0.005 -34"><span class='ocrx_word' id='word_1_449' title='bbox 122 1893 155 1962; x_wconf 50' lang='lat'>1:2²</span> <span class='ocrx_word' id='word_1_450' title='bbox 148 1893 246 1974; x_wconf 43' lang='lat' dir='ltr'>‘giaf‘</span> <span class='ocrx_word' id='word_1_451' title='bbox 288 1905 355 1948; x_wconf 60' lang='grc' dir='ltr'>ῒιὲζτῑξ</span> <span class='ocrx_word' id='word_1_452' title='bbox 375 1905 519 1952; x_wconf 77' lang='lat' dir='ltr'>[constitui</span> <span class='ocrx_word' id='word_1_453' title='bbox 540 1913 598 1939; x_wconf 79' lang='lat' dir='ltr'>Rex</span> <span class='ocrx_word' id='word_1_454' title='bbox 612 1904 695 1951; x_wconf 79' lang='lat' dir='ltr'>super</span> <span class='ocrx_word' id='word_1_455' title='bbox 709 1911 798 1948; x_wconf 78' lang='lat' dir='ltr'>Regno</span> <span class='ocrx_word' id='word_1_456' title='bbox 811 1900 1031 1945; x_wconf 63' lang='lat' dir='ltr'>Chaldaeorum]</span> <span class='ocrx_word' id='word_1_457' title='bbox 1087 1900 1389 1941; x_wconf 76' lang='lat' dir='ltr'>affirmanr‚Darium</span> <span class='ocrx_word' id='word_1_458' title='bbox 1401 1903 1516 1936; x_wconf 82' lang='lat' dir='ltr'>Medum</span> <span class='ocrx_word' id='word_1_459' title='bbox 1527 1913 1595 1935; x_wconf 90' lang='lat' dir='ltr'>uno</span> <span class='ocrx_word' id='word_1_460' title='bbox 1605 1911 1732 1934; x_wconf 84' lang='lat' dir='ltr'>tautum</span> <span class='ocrx_word' id='word_1_461' title='bbox 1746 1911 1836 1932; x_wconf 88' lang='lat' dir='ltr'>anno</span> 
     </span>
    </p>
   </div>
   <div class='ocr_carea' id='block_1_13' title="bbox 286 1952 1051 3225">
    <p class='ocr_par' dir='ltr' id='par_1_14' title="bbox 286 1952 1051 3225">
     <span class='ocr_line' id='line_1_67' title="bbox 288 1952 1038 1997; baseline -0.008 -9"><span class='ocrx_word' id='word_1_462' title='bbox 288 1955 364 1988; x_wconf 86' lang='lat' dir='ltr'>Hac</span> <span class='ocrx_word' id='word_1_463' title='bbox 377 1966 469 1994; x_wconf 88' lang='lat' dir='ltr'>voce,</span> <span class='ocrx_word' id='word_1_464' title='bbox 480 1956 622 1988; x_wconf 83' lang='lat' dir='ltr'>velimus</span> <span class='ocrx_word' id='word_1_465' title='bbox 638 1979 647 1992; x_wconf 89' lang='lat'>,</span> <span class='ocrx_word' id='word_1_466' title='bbox 674 1953 819 1986; x_wconf 85' lang='lat' dir='ltr'>nolimus</span> <span class='ocrx_word' id='word_1_467' title='bbox 835 1952 971 1997; x_wconf 81' lang='lat' dir='ltr'>(inquit)</span> <span class='ocrx_word' id='word_1_468' title='bbox 986 1962 1038 1982; x_wconf 88' lang='lat' dir='ltr'>ex-</span> 
     </span>
     <span class='ocr_line' id='line_1_68' title="bbox 286 2000 1040 2040; baseline -0.005 -3"><span class='ocrx_word' id='word_1_469' title='bbox 286 2002 430 2038; x_wconf 80' lang='lat' dir='ltr'>cluditur</span> <span class='ocrx_word' id='word_1_470' title='bbox 443 2005 554 2036; x_wconf 87' lang='lat' dir='ltr'>omnis</span> <span class='ocrx_word' id='word_1_471' title='bbox 564 2003 610 2037; x_wconf 87' lang='lat' dir='ltr'>vis</span> <span class='ocrx_word' id='word_1_472' title='bbox 621 2012 748 2035; x_wconf 82' lang='lat' dir='ltr'>armata</span> <span class='ocrx_word' id='word_1_473' title='bbox 768 2013 776 2040; x_wconf 82' lang='lat'>,</span> <span class='ocrx_word' id='word_1_474' title='bbox 803 2004 838 2034; x_wconf 67' lang='lat' dir='ltr'>Sc</span> <span class='ocrx_word' id='word_1_475' title='bbox 859 2001 966 2034; x_wconf 83' lang='lat' dir='ltr'>Darius</span> <span class='ocrx_word' id='word_1_476' title='bbox 990 2000 1040 2033; x_wconf 81' lang='lat' dir='ltr'>vel</span> 
     </span>
     <span class='ocr_line' id='line_1_69' title="bbox 288 2047 1041 2101; baseline -0.004 -15"><span class='ocrx_word' id='word_1_477' title='bbox 288 2051 402 2101; x_wconf 86' lang='lat' dir='ltr'>populi</span> <span class='ocrx_word' id='word_1_478' title='bbox 419 2051 576 2099; x_wconf 81' lang='lat' dir='ltr'>suffragiis</span> <span class='ocrx_word' id='word_1_479' title='bbox 591 2077 599 2089; x_wconf 86' lang='lat'><strong><em>‚</em></strong></span> <span class='ocrx_word' id='word_1_480' title='bbox 626 2049 677 2084; x_wconf 91' lang='lat' dir='ltr'>vel</span> <span class='ocrx_word' id='word_1_481' title='bbox 689 2051 879 2097; x_wconf 80' lang='lat' dir='ltr'>Principum</span> <span class='ocrx_word' id='word_1_482' title='bbox 895 2047 1041 2083; x_wconf 60' lang='lat' dir='ltr'>fadHonc</span> 
     </span>
     <span class='ocr_line' id='line_1_70' title="bbox 290 2099 935 2146; baseline -0.003 -11"><span class='ocrx_word' id='word_1_483' title='bbox 290 2113 419 2136; x_wconf 87' lang='lat' dir='ltr'>creatus</span> <span class='ocrx_word' id='word_1_484' title='bbox 432 2101 474 2135; x_wconf 87' lang='lat' dir='ltr'>cst</span> <span class='ocrx_word' id='word_1_485' title='bbox 487 2099 726 2136; x_wconf 72' lang='lat' dir='ltr'>Chaldaeorum</span> <span class='ocrx_word' id='word_1_486' title='bbox 742 2102 935 2146; x_wconf 78' lang='lat' dir='ltr'>Imperator.</span> 
     </span>
     <span class='ocr_line' id='line_1_71' title="bbox 342 2145 1042 2196; baseline -0.004 -12"><span class='ocrx_word' id='word_1_487' title='bbox 342 2149 441 2196; x_wconf 82' lang='lat' dir='ltr'>Resp.</span> <span class='ocrx_word' id='word_1_488' title='bbox 470 2152 527 2184; x_wconf 85' lang='lat' dir='ltr'>Vis</span> <span class='ocrx_word' id='word_1_489' title='bbox 541 2149 636 2193; x_wconf 86' lang='lat' dir='ltr'>hujus</span> <span class='ocrx_word' id='word_1_490' title='bbox 646 2150 831 2195; x_wconf 86' lang='lat' dir='ltr'>argumenti</span> <span class='ocrx_word' id='word_1_491' title='bbox 843 2145 997 2182; x_wconf 86' lang='lat' dir='ltr'>fundatur</span> <span class='ocrx_word' id='word_1_492' title='bbox 1008 2148 1042 2180; x_wconf 90' lang='lat' dir='ltr'>in</span> 
     </span>
     <span class='ocr_line' id='line_1_72' title="bbox 292 2197 1042 2243; baseline -0.003 -11"><span class='ocrx_word' id='word_1_493' title='bbox 292 2199 402 2233; x_wconf 70' lang='lat' dir='ltr'>nativa</span> <span class='ocrx_word' id='word_1_494' title='bbox 420 2197 658 2243; x_wconf 77' lang='lat' dir='ltr'>significatione</span> <span class='ocrx_word' id='word_1_495' title='bbox 676 2197 861 2230; x_wconf 84' lang='lat' dir='ltr'>formarum</span> <span class='ocrx_word' id='word_1_496' title='bbox 882 2198 981 2242; x_wconf 84' lang='lat' dir='ltr'>Hiphil</span> <span class='ocrx_word' id='word_1_497' title='bbox 1008 2200 1042 2230; x_wconf 88' lang='lat'>&amp;</span> 
     </span>
     <span class='ocr_line' id='line_1_73' title="bbox 294 2244 1044 2294; baseline -0.011 -12"><span class='ocrx_word' id='word_1_498' title='bbox 294 2249 410 2294; x_wconf 75' lang='lat' dir='ltr'>Hophal</span> <span class='ocrx_word' id='word_1_499' title='bbox 434 2248 467 2278; x_wconf 90' lang='lat' dir='ltr'>in</span> <span class='ocrx_word' id='word_1_500' title='bbox 494 2245 601 2279; x_wconf 88' lang='lat' dir='ltr'>verbis</span> <span class='ocrx_word' id='word_1_501' title='bbox 622 2244 816 2278; x_wconf 81' lang='lat' dir='ltr'>Hebraicis.</span> <span class='ocrx_word' id='word_1_502' title='bbox 852 2245 1044 2289; x_wconf 77' lang='lat' dir='ltr'>Disputatio</span> 
     </span>
     <span class='ocr_line' id='line_1_74' title="bbox 292 2290 1043 2338; baseline -0.008 -8"><span class='ocrx_word' id='word_1_503' title='bbox 292 2298 392 2330; x_wconf 88' lang='lat' dir='ltr'>etiam</span> <span class='ocrx_word' id='word_1_504' title='bbox 404 2297 470 2329; x_wconf 85' lang='lat' dir='ltr'>haec</span> <span class='ocrx_word' id='word_1_505' title='bbox 483 2306 553 2328; x_wconf 79' lang='lat' dir='ltr'>tora</span> <span class='ocrx_word' id='word_1_506' title='bbox 564 2294 607 2329; x_wconf 86' lang='lat' dir='ltr'>est</span> <span class='ocrx_word' id='word_1_507' title='bbox 619 2294 845 2327; x_wconf 80' lang='lat' dir='ltr'>Grammatica</span> <span class='ocrx_word' id='word_1_508' title='bbox 855 2305 863 2326; x_wconf 90' lang='lat'><strong>:</strong></span> <span class='ocrx_word' id='word_1_509' title='bbox 875 2290 897 2324; x_wconf 87' lang='lat' dir='ltr'>fi</span> <span class='ocrx_word' id='word_1_510' title='bbox 907 2303 1043 2338; x_wconf 81' lang='lat' dir='ltr'>negare-</span> 
     </span>
     <span class='ocr_line' id='line_1_75' title="bbox 294 2339 1045 2392; baseline -0.008 -13"><span class='ocrx_word' id='word_1_511' title='bbox 294 2357 370 2380; x_wconf 86' lang='lat' dir='ltr'>mus</span> <span class='ocrx_word' id='word_1_512' title='bbox 382 2345 636 2392; x_wconf 80' lang='lat' dir='ltr'>conjugationes</span> <span class='ocrx_word' id='word_1_513' title='bbox 653 2342 709 2376; x_wconf 87' lang='lat' dir='ltr'>has</span> <span class='ocrx_word' id='word_1_514' title='bbox 725 2340 851 2389; x_wconf 83' lang='lat' dir='ltr'>semper</span> <span class='ocrx_word' id='word_1_515' title='bbox 859 2342 916 2375; x_wconf 77' lang='lat' dir='ltr'>effe</span> <span class='ocrx_word' id='word_1_516' title='bbox 927 2339 1045 2374; x_wconf 80' lang='lat' dir='ltr'>transi-</span> 
     </span>
     <span class='ocr_line' id='line_1_76' title="bbox 295 2388 1045 2436; baseline -0.008 -8"><span class='ocrx_word' id='word_1_517' title='bbox 295 2396 378 2428; x_wconf 84' lang='lat' dir='ltr'>tivas</span> <span class='ocrx_word' id='word_1_518' title='bbox 390 2417 398 2430; x_wconf 89' lang='lat'>‚</span> <span class='ocrx_word' id='word_1_519' title='bbox 413 2394 523 2427; x_wconf 86' lang='lat' dir='ltr'>liceret</span> <span class='ocrx_word' id='word_1_520' title='bbox 541 2391 645 2426; x_wconf 83' lang='lat' dir='ltr'>multa</span> <span class='ocrx_word' id='word_1_521' title='bbox 662 2392 695 2424; x_wconf 91' lang='lat' dir='ltr'>in</span> <span class='ocrx_word' id='word_1_522' title='bbox 718 2391 802 2425; x_wconf 88' lang='lat' dir='ltr'>hanc</span> <span class='ocrx_word' id='word_1_523' title='bbox 814 2403 881 2424; x_wconf 87' lang='lat' dir='ltr'>rem</span> <span class='ocrx_word' id='word_1_524' title='bbox 896 2388 1045 2436; x_wconf 82' lang='lat' dir='ltr'>exempla</span> 
     </span>
     <span class='ocr_line' id='line_1_77' title="bbox 293 2439 1044 2492; baseline -0.008 -15"><span class='ocrx_word' id='word_1_525' title='bbox 293 2441 444 2492; x_wconf 86' lang='lat' dir='ltr'>proferre</span> <span class='ocrx_word' id='word_1_526' title='bbox 455 2468 463 2476; x_wconf 92' lang='lat'>.</span> <span class='ocrx_word' id='word_1_527' title='bbox 503 2443 604 2477; x_wconf 80' lang='lat' dir='ltr'>Certe</span> <span class='ocrx_word' id='word_1_528' title='bbox 615 2442 715 2487; x_wconf 82' lang='lat' dir='ltr'>ipsum</span> <span class='ocrx_word' id='word_1_529' title='bbox 728 2453 791 2488; x_wconf 83' lang='lat' dir='ltr'>prae</span> <span class='ocrx_word' id='word_1_530' title='bbox 803 2439 954 2474; x_wconf 86' lang='lat' dir='ltr'>manibus</span> <span class='ocrx_word' id='word_1_531' title='bbox 974 2451 1044 2472; x_wconf 83' lang='lat' dir='ltr'>ver-</span> 
     </span>
     <span class='ocr_line' id='line_1_78' title="bbox 295 2485 1041 2538; baseline -0.008 -11"><span class='ocrx_word' id='word_1_532' title='bbox 295 2495 379 2528; x_wconf 84' lang='lat' dir='ltr'>bum</span> <span class='ocrx_word' id='word_1_533' title='bbox 390 2492 455 2534; x_wconf 62' lang='grc' dir='ltr'>ηὲῑξῗξ</span> <span class='ocrx_word' id='word_1_534' title='bbox 468 2495 501 2525; x_wconf 88' lang='lat'>&amp;</span> <span class='ocrx_word' id='word_1_535' title='bbox 515 2494 581 2534; x_wconf 85' lang='lat' dir='ltr'>ejus</span> <span class='ocrx_word' id='word_1_536' title='bbox 591 2489 814 2538; x_wconf 85' lang='lat' dir='ltr'>synonymum</span> <span class='ocrx_word' id='word_1_537' title='bbox 835 2499 893 2530; x_wconf 54' lang='grc' dir='ltr'>ἰ’φῖῑ,</span> <span class='ocrx_word' id='word_1_538' title='bbox 909 2485 993 2522; x_wconf 88' lang='lat' dir='ltr'>Hos.</span> <span class='ocrx_word' id='word_1_539' title='bbox 1010 2488 1041 2521; x_wconf 84' lang='lat'>8.</span> 
     </span>
     <span class='ocr_line' id='line_1_79' title="bbox 295 2535 1043 2586; baseline -0.009 -10"><span class='ocrx_word' id='word_1_540' title='bbox 295 2540 377 2576; x_wconf 83' lang='lat' dir='ltr'>vers.</span> <span class='ocrx_word' id='word_1_541' title='bbox 389 2553 425 2584; x_wconf 78' lang='lat'>4.</span> <span class='ocrx_word' id='word_1_542' title='bbox 442 2550 508 2573; x_wconf 85' lang='lat' dir='ltr'>tam</span> <span class='ocrx_word' id='word_1_543' title='bbox 520 2540 724 2586; x_wconf 82' lang='lat' dir='ltr'>septuaginta</span> <span class='ocrx_word' id='word_1_544' title='bbox 736 2543 931 2585; x_wconf 87' lang='lat' dir='ltr'>Interpretes</span> <span class='ocrx_word' id='word_1_545' title='bbox 943 2535 1043 2583; x_wconf 63' lang='lat' dir='ltr'>quarn</span> 
     </span>
     <span class='ocr_line' id='line_1_80' title="bbox 295 2587 1043 2640; baseline -0.008 -15"><span class='ocrx_word' id='word_1_546' title='bbox 295 2593 483 2640; x_wconf 80' lang='lat' dir='ltr'>Hieronymus</span> <span class='ocrx_word' id='word_1_547' title='bbox 499 2599 629 2623; x_wconf 84' lang='lat' dir='ltr'>vertunt</span> <span class='ocrx_word' id='word_1_548' title='bbox 641 2587 843 2622; x_wconf 74' lang='lat' dir='ltr'>intransitive</span> <span class='ocrx_word' id='word_1_549' title='bbox 855 2588 1043 2631; x_wconf 56' lang='lat' dir='ltr'>{ow-roiejss&#39;a-</span> 
     </span>
     <span class='ocr_line' id='line_1_81' title="bbox 298 2638 1045 2684; baseline -0.005 -11"><span class='ocrx_word' id='word_1_550' title='bbox 298 2639 433 2675; x_wconf 65' lang='lat' dir='ltr'>m‘mvmv</span> <span class='ocrx_word' id='word_1_551' title='bbox 443 2663 453 2678; x_wconf 91' lang='lat'>,</span> <span class='ocrx_word' id='word_1_552' title='bbox 475 2639 498 2683; x_wconf 50' lang='grc' dir='ltr'>γὲ</span> <span class='ocrx_word' id='word_1_553' title='bbox 519 2638 536 2670; x_wconf 68' lang='grc' dir='ltr'>ἐ</span> <span class='ocrx_word' id='word_1_554' title='bbox 553 2638 589 2671; x_wconf 69' lang='lat' dir='ltr'>di’</span> <span class='ocrx_word' id='word_1_555' title='bbox 606 2639 667 2679; x_wconf 67' lang='grc' dir='ltr'>ἐμὲ</span> <span class='ocrx_word' id='word_1_556' title='bbox 676 2640 726 2684; x_wconf 76' lang='lat' dir='ltr'>ipfi</span> <span class='ocrx_word' id='word_1_557' title='bbox 735 2645 922 2683; x_wconf 77' lang='lat' dir='ltr'>regnaverunt</span> <span class='ocrx_word' id='word_1_558' title='bbox 938 2638 974 2672; x_wconf 71' lang='lat'>&amp;⁶</span> <span class='ocrx_word' id='word_1_559' title='bbox 992 2648 1045 2669; x_wconf 85' lang='lat' dir='ltr'>non</span> 
     </span>
     <span class='ocr_line' id='line_1_82' title="bbox 297 2686 1042 2733; baseline -0.011 -9"><span class='ocrx_word' id='word_1_560' title='bbox 297 2702 333 2724; x_wconf 90' lang='lat' dir='ltr'>ex</span> <span class='ocrx_word' id='word_1_561' title='bbox 353 2701 397 2723; x_wconf 88' lang='lat' dir='ltr'>me</span> <span class='ocrx_word' id='word_1_562' title='bbox 412 2713 422 2728; x_wconf 93' lang='lat'>,</span> <span class='ocrx_word' id='word_1_563' title='bbox 449 2689 591 2733; x_wconf 66' lang='lat' dir='ltr'>Principes</span> <span class='ocrx_word' id='word_1_564' title='bbox 609 2689 766 2721; x_wconf 82' lang='lat' dir='ltr'>extiterunt</span> <span class='ocrx_word' id='word_1_565' title='bbox 790 2687 827 2722; x_wconf 56' lang='grc' dir='ltr'>ὠ*</span> <span class='ocrx_word' id='word_1_566' title='bbox 847 2697 901 2718; x_wconf 79' lang='lat' dir='ltr'>nm</span> <span class='ocrx_word' id='word_1_567' title='bbox 919 2686 1042 2729; x_wconf 74' lang='lat' dir='ltr'>cognovi.</span> 
     </span>
     <span class='ocr_line' id='line_1_83' title="bbox 298 2732 1045 2779; baseline -0.009 -6"><span class='ocrx_word' id='word_1_568' title='bbox 298 2738 367 2773; x_wconf 83' lang='lat' dir='ltr'>Sed</span> <span class='ocrx_word' id='word_1_569' title='bbox 399 2737 483 2770; x_wconf 86' lang='lat' dir='ltr'>hanc</span> <span class='ocrx_word' id='word_1_570' title='bbox 511 2735 869 2769; x_wconf 81' lang='lat' dir='ltr'>Grammaticationem</span> <span class='ocrx_word' id='word_1_571' title='bbox 905 2732 1045 2779; x_wconf 76' lang='lat' dir='ltr'>scaligero</span> 
     </span>
     <span class='ocr_line' id='line_1_84' title="bbox 299 2785 1045 2824; baseline -0.007 -4"><span class='ocrx_word' id='word_1_572' title='bbox 299 2787 524 2820; x_wconf 82' lang='lat' dir='ltr'>concedamus</span> <span class='ocrx_word' id='word_1_573' title='bbox 535 2811 544 2824; x_wconf 97' lang='lat'>,</span> <span class='ocrx_word' id='word_1_574' title='bbox 563 2786 655 2819; x_wconf 86' lang='lat' dir='ltr'>locus</span> <span class='ocrx_word' id='word_1_575' title='bbox 667 2785 796 2818; x_wconf 80' lang='lat' dir='ltr'>Danielis</span> <span class='ocrx_word' id='word_1_576' title='bbox 807 2792 961 2821; x_wconf 86' lang='lat' dir='ltr'>vertatur,</span> <span class='ocrx_word' id='word_1_577' title='bbox 979 2789 1045 2815; x_wconf 86' lang='lat' dir='ltr'>Da-</span> 
     </span>
     <span class='ocr_line' id='line_1_85' title="bbox 299 2830 1047 2882; baseline -0.009 -11"><span class='ocrx_word' id='word_1_578' title='bbox 299 2839 358 2871; x_wconf 73' lang='lat' dir='ltr'>rius</span> <span class='ocrx_word' id='word_1_579' title='bbox 376 2847 445 2868; x_wconf 89' lang='lat' dir='ltr'>non</span> <span class='ocrx_word' id='word_1_580' title='bbox 464 2834 610 2882; x_wconf 82' lang='lat' dir='ltr'>regnavit</span> <span class='ocrx_word' id='word_1_581' title='bbox 629 2833 686 2868; x_wconf 85' lang='lat' dir='ltr'>sed</span> <span class='ocrx_word' id='word_1_582' title='bbox 700 2834 769 2866; x_wconf 81' lang='lat' dir='ltr'>Rex</span> <span class='ocrx_word' id='word_1_583' title='bbox 781 2832 978 2865; x_wconf 86' lang='lat' dir='ltr'>constitutus</span> <span class='ocrx_word' id='word_1_584' title='bbox 993 2830 1047 2869; x_wconf 84' lang='lat' dir='ltr'>est,</span> 
     </span>
     <span class='ocr_line' id='line_1_86' title="bbox 299 2879 1046 2930; baseline -0.009 -11"><span class='ocrx_word' id='word_1_585' title='bbox 299 2887 355 2920; x_wconf 88' lang='lat' dir='ltr'>An</span> <span class='ocrx_word' id='word_1_586' title='bbox 367 2886 394 2918; x_wconf 90' lang='lat' dir='ltr'>vi</span> <span class='ocrx_word' id='word_1_587' title='bbox 403 2886 493 2918; x_wconf 88' lang='lat' dir='ltr'>vocis</span> <span class='ocrx_word' id='word_1_588' title='bbox 502 2884 643 2930; x_wconf 86' lang='lat' dir='ltr'>sequitur</span> <span class='ocrx_word' id='word_1_589' title='bbox 654 2879 825 2916; x_wconf 73' lang='lat' dir='ltr'>necessario</span> <span class='ocrx_word' id='word_1_590' title='bbox 834 2882 1046 2915; x_wconf 83' lang='lat' dir='ltr'>constitutum</span> 
     </span>
     <span class='ocr_line' id='line_1_87' title="bbox 300 2928 1047 2981; baseline -0.009 -13"><span class='ocrx_word' id='word_1_591' title='bbox 300 2934 352 2968; x_wconf 83' lang='lat' dir='ltr'>vel</span> <span class='ocrx_word' id='word_1_592' title='bbox 370 2935 489 2981; x_wconf 88' lang='lat' dir='ltr'>populi</span> <span class='ocrx_word' id='word_1_593' title='bbox 508 2930 659 2978; x_wconf 76' lang='lat' dir='ltr'>suffragio</span> <span class='ocrx_word' id='word_1_594' title='bbox 674 2931 723 2965; x_wconf 85' lang='lat' dir='ltr'>vel</span> <span class='ocrx_word' id='word_1_595' title='bbox 736 2932 921 2977; x_wconf 77' lang='lat' dir='ltr'>Principum</span> <span class='ocrx_word' id='word_1_596' title='bbox 936 2928 1047 2962; x_wconf 83' lang='lat' dir='ltr'>consi-</span> 
     </span>
     <span class='ocr_line' id='line_1_88' title="bbox 302 2977 1048 3028; baseline -0.007 -13"><span class='ocrx_word' id='word_1_597' title='bbox 302 2983 348 3015; x_wconf 84' lang='lat' dir='ltr'>lio</span> <span class='ocrx_word' id='word_1_598' title='bbox 377 2981 498 3028; x_wconf 83' lang='lat' dir='ltr'>absque</span> <span class='ocrx_word' id='word_1_599' title='bbox 515 2983 607 3015; x_wconf 87' lang='lat' dir='ltr'>omni</span> <span class='ocrx_word' id='word_1_600' title='bbox 619 2982 761 3014; x_wconf 79' lang='lat' dir='ltr'>omnino</span> <span class='ocrx_word' id='word_1_601' title='bbox 775 2981 828 3014; x_wconf 90' lang='lat' dir='ltr'>vi?</span> <span class='ocrx_word' id='word_1_602' title='bbox 856 2979 971 3025; x_wconf 62' lang='lat' dir='ltr'>Qdm</span> <span class='ocrx_word' id='word_1_603' title='bbox 983 2977 1048 3011; x_wconf 90' lang='lat' dir='ltr'>hoc</span> 
     </span>
     <span class='ocr_line' id='line_1_89' title="bbox 303 3029 1049 3077; baseline -0.004 -15"><span class='ocrx_word' id='word_1_604' title='bbox 303 3030 347 3062; x_wconf 81' lang='lat' dir='ltr'>est</span> <span class='ocrx_word' id='word_1_605' title='bbox 364 3029 380 3063; x_wconf 69' lang='grc' dir='ltr'>ἆ</span> <span class='ocrx_word' id='word_1_606' title='bbox 399 3031 493 3074; x_wconf 77' lang='lat' dir='ltr'>sacris</span> <span class='ocrx_word' id='word_1_607' title='bbox 513 3032 686 3077; x_wconf 85' lang='lat' dir='ltr'>Scripturis</span> <span class='ocrx_word' id='word_1_608' title='bbox 705 3029 846 3064; x_wconf 81' lang='lat' dir='ltr'>alienum</span> <span class='ocrx_word' id='word_1_609' title='bbox 863 3033 875 3063; x_wconf 86' lang='lat'>?</span> <span class='ocrx_word' id='word_1_610' title='bbox 904 3029 1049 3074; x_wconf 81' lang='lat' dir='ltr'>Quoties</span> 
     </span>
     <span class='ocr_line' id='line_1_90' title="bbox 301 3077 1049 3126; baseline 0.003 -18"><span class='ocrx_word' id='word_1_611' title='bbox 301 3077 549 3114; x_wconf 81' lang='lat' dir='ltr'>immaniffimus</span> <span class='ocrx_word' id='word_1_612' title='bbox 576 3092 733 3126; x_wconf 86' lang='lat' dir='ltr'>tyrannus</span> <span class='ocrx_word' id='word_1_613' title='bbox 759 3080 918 3113; x_wconf 75' lang='lat' dir='ltr'>Ahimelecl)</span> <span class='ocrx_word' id='word_1_614' title='bbox 944 3077 1049 3111; x_wconf 68' lang='lat' dir='ltr'>dietus</span> 
     </span>
     <span class='ocr_line' id='line_1_91' title="bbox 305 3124 1050 3173; baseline -0.001 -15"><span class='ocrx_word' id='word_1_615' title='bbox 305 3125 351 3158; x_wconf 85' lang='lat' dir='ltr'>est</span> <span class='ocrx_word' id='word_1_616' title='bbox 361 3127 554 3161; x_wconf 87' lang='lat' dir='ltr'>constitutus</span> <span class='ocrx_word' id='word_1_617' title='bbox 566 3131 634 3163; x_wconf 75' lang='lat' dir='ltr'>Rex</span> <span class='ocrx_word' id='word_1_618' title='bbox 647 3127 771 3162; x_wconf 67' lang='lat' dir='ltr'>Israelis</span> <span class='ocrx_word' id='word_1_619' title='bbox 782 3127 900 3173; x_wconf 86' lang='lat' dir='ltr'>Jud.6.</span> <span class='ocrx_word' id='word_1_620' title='bbox 928 3124 1050 3160; x_wconf 88' lang='lat' dir='ltr'>Nulla-</span> 
     </span>
     <span class='ocr_line' id='line_1_92' title="bbox 306 3172 1051 3225; baseline 0.009 -19"><span class='ocrx_word' id='word_1_621' title='bbox 306 3186 347 3210; x_wconf 89' lang='lat' dir='ltr'>ne</span> <span class='ocrx_word' id='word_1_622' title='bbox 357 3175 392 3207; x_wconf 87' lang='lat' dir='ltr'>in</span> <span class='ocrx_word' id='word_1_623' title='bbox 402 3173 463 3207; x_wconf 79' lang='lat' dir='ltr'>hac</span> <span class='ocrx_word' id='word_1_624' title='bbox 474 3178 604 3210; x_wconf 68' lang='lat' dir='ltr'>aCtione</span> <span class='ocrx_word' id='word_1_625' title='bbox 617 3179 662 3214; x_wconf 82' lang='lat' dir='ltr'>vis</span> <span class='ocrx_word' id='word_1_626' title='bbox 672 3175 865 3225; x_wconf 80' lang='lat' dir='ltr'>interposita.</span> <span class='ocrx_word' id='word_1_627' title='bbox 877 3176 921 3211; x_wconf 89' lang='lat' dir='ltr'>est</span> <span class='ocrx_word' id='word_1_628' title='bbox 931 3181 943 3212; x_wconf 84' lang='lat'>?</span> <span class='ocrx_word' id='word_1_629' title='bbox 954 3172 1051 3221; x_wconf 76' lang='lat' dir='ltr'>lfa-7-</span> 
     </span>
    </p>
   </div>
   <div class='ocr_carea' id='block_1_14' title="bbox 1090 1947 1840 2196">
    <p class='ocr_par' dir='ltr' id='par_1_15' title="bbox 1090 1947 1840 2196">
     <span class='ocr_line' id='line_1_93' title="bbox 1092 1947 1840 1996; baseline -0.004 -12"><span class='ocrx_word' id='word_1_630' title='bbox 1092 1950 1300 1996; x_wconf 74' lang='lat' dir='ltr'>Babylonicae</span> <span class='ocrx_word' id='word_1_631' title='bbox 1320 1952 1365 1985; x_wconf 88' lang='lat' dir='ltr'>rei</span> <span class='ocrx_word' id='word_1_632' title='bbox 1378 1949 1567 1996; x_wconf 55' lang='lat' dir='ltr'>praefectum</span> <span class='ocrx_word' id='word_1_633' title='bbox 1585 1974 1595 1989; x_wconf 84' lang='lat'>,</span> <span class='ocrx_word' id='word_1_634' title='bbox 1622 1961 1731 1983; x_wconf 86' lang='lat' dir='ltr'>tamen</span> <span class='ocrx_word' id='word_1_635' title='bbox 1744 1947 1840 1994; x_wconf 90' lang='lat' dir='ltr'>quod</span> 
     </span>
     <span class='ocr_line' id='line_1_94' title="bbox 1093 1998 1840 2048; baseline -0.007 -13"><span class='ocrx_word' id='word_1_636' title='bbox 1093 2003 1217 2048; x_wconf 80' lang='lat' dir='ltr'>Scaliger</span> <span class='ocrx_word' id='word_1_637' title='bbox 1228 1998 1328 2035; x_wconf 75' lang='lat' dir='ltr'>asserit</span> <span class='ocrx_word' id='word_1_638' title='bbox 1339 2002 1371 2034; x_wconf 86' lang='lat' dir='ltr'>in</span> <span class='ocrx_word' id='word_1_639' title='bbox 1383 2000 1442 2036; x_wconf 89' lang='lat' dir='ltr'>suo</span> <span class='ocrx_word' id='word_1_640' title='bbox 1452 2000 1560 2046; x_wconf 74' lang='lat' dir='ltr'>Eusebio</span> <span class='ocrx_word' id='word_1_641' title='bbox 1569 2012 1662 2047; x_wconf 72' lang='lat' dir='ltr'>pag-3</span> <span class='ocrx_word' id='word_1_642' title='bbox 1671 2001 1699 2032; x_wconf 80' lang='lat'>8.</span> <span class='ocrx_word' id='word_1_643' title='bbox 1708 2001 1736 2031; x_wconf 69' lang='grc' dir='ltr'>δι</span> <span class='ocrx_word' id='word_1_644' title='bbox 1751 1999 1840 2031; x_wconf 89' lang='lat' dir='ltr'>notis</span> 
     </span>
     <span class='ocr_line' id='line_1_95' title="bbox 1090 2044 1839 2097; baseline -0.003 -14"><span class='ocrx_word' id='word_1_645' title='bbox 1090 2050 1134 2095; x_wconf 80' lang='lat' dir='ltr'>ad</span> <span class='ocrx_word' id='word_1_646' title='bbox 1151 2050 1281 2096; x_wconf 75' lang='lat' dir='ltr'>Berofiim</span> <span class='ocrx_word' id='word_1_647' title='bbox 1303 2062 1374 2097; x_wconf 82' lang='lat' dir='ltr'>pag.</span> <span class='ocrx_word' id='word_1_648' title='bbox 1391 2060 1445 2095; x_wconf 82' lang='lat'>15.</span> <span class='ocrx_word' id='word_1_649' title='bbox 1471 2049 1615 2084; x_wconf 73' lang='lat' dir='ltr'>Nabom&#39;tli</span> <span class='ocrx_word' id='word_1_650' title='bbox 1631 2044 1839 2081; x_wconf 81' lang='lat' dir='ltr'>annosfuiffe</span> 
     </span>
     <span class='ocr_line' id='line_1_96' title="bbox 1091 2098 1839 2147; baseline -0.007 -15"><span class='ocrx_word' id='word_1_651' title='bbox 1091 2101 1223 2147; x_wconf 82' lang='lat' dir='ltr'>triginta</span> <span class='ocrx_word' id='word_1_652' title='bbox 1243 2110 1407 2145; x_wconf 85' lang='lat' dir='ltr'>quatuor,</span> <span class='ocrx_word' id='word_1_653' title='bbox 1425 2110 1492 2133; x_wconf 84' lang='lat' dir='ltr'>tam</span> <span class='ocrx_word' id='word_1_654' title='bbox 1506 2098 1708 2133; x_wconf 84' lang='lat' dir='ltr'>disconvenit</span> <span class='ocrx_word' id='word_1_655' title='bbox 1721 2106 1756 2128; x_wconf 92' lang='lat' dir='ltr'>ut</span> <span class='ocrx_word' id='word_1_656' title='bbox 1771 2107 1839 2128; x_wconf 86' lang='lat' dir='ltr'>non</span> 
     </span>
     <span class='ocr_line' id='line_1_97' title="bbox 1092 2143 1838 2196; baseline -0.009 -14"><span class='ocrx_word' id='word_1_657' title='bbox 1092 2147 1201 2182; x_wconf 77' lang='lat' dir='ltr'>minus</span> <span class='ocrx_word' id='word_1_658' title='bbox 1213 2148 1346 2183; x_wconf 79' lang='lat' dir='ltr'>Petavius</span> <span class='ocrx_word' id='word_1_659' title='bbox 1355 2147 1451 2196; x_wconf 61' lang='lat' dir='ltr'>quam</span> <span class='ocrx_word' id='word_1_660' title='bbox 1466 2147 1602 2191; x_wconf 73' lang='lat' dir='ltr'>Calvisius</span> <span class='ocrx_word' id='word_1_661' title='bbox 1618 2145 1669 2178; x_wconf 87' lang='lat' dir='ltr'>hic</span> <span class='ocrx_word' id='word_1_662' title='bbox 1685 2143 1838 2178; x_wconf 78' lang='lat' dir='ltr'>deserant</span> 
     </span>
    </p>
   </div>
   <div class='ocr_carea' id='block_1_15' title="bbox 1070 2192 1839 2242">
    <p class='ocr_par' dir='ltr' id='par_1_16' title="bbox 1070 2192 1839 2242">
     <span class='ocr_line' id='line_1_98' title="bbox 1070 2192 1839 2242; baseline -0.001 -15"><span class='ocrx_word' id='word_1_663' title='bbox 1070 2223 1071 2227; x_wconf 71' lang='grc'>,</span> <span class='ocrx_word' id='word_1_664' title='bbox 1093 2198 1304 2242; x_wconf 83' lang='lat' dir='ltr'>Magistrum,</span> <span class='ocrx_word' id='word_1_665' title='bbox 1330 2200 1364 2230; x_wconf 62' lang='grc' dir='ltr'>ὃ(</span> <span class='ocrx_word' id='word_1_666' title='bbox 1382 2194 1531 2229; x_wconf 83' lang='lat' dir='ltr'>Nabonido</span> <span class='ocrx_word' id='word_1_667' title='bbox 1548 2205 1652 2241; x_wconf 83' lang='lat' dir='ltr'>prope</span> <span class='ocrx_word' id='word_1_668' title='bbox 1661 2192 1839 2227; x_wconf 87' lang='lat' dir='ltr'>dimidium</span> 
     </span>
    </p>
   </div>
   <div class='ocr_carea' id='block_1_16' title="bbox 1090 2241 1851 3265">
    <p class='ocr_par' dir='ltr' id='par_1_17' title="bbox 1090 2241 1841 2582">
     <span class='ocr_line' id='line_1_99' title="bbox 1092 2241 1841 2290; baseline -0.004 -13"><span class='ocrx_word' id='word_1_669' title='bbox 1092 2244 1297 2290; x_wconf 82' lang='lat' dir='ltr'>Scaligeriani</span> <span class='ocrx_word' id='word_1_670' title='bbox 1311 2245 1472 2289; x_wconf 83' lang='lat' dir='ltr'>temporis</span> <span class='ocrx_word' id='word_1_671' title='bbox 1492 2241 1668 2278; x_wconf 82' lang='lat' dir='ltr'>detrahant</span> <span class='ocrx_word' id='word_1_672' title='bbox 1680 2270 1687 2281; x_wconf 88' lang='lat'>‚</span> <span class='ocrx_word' id='word_1_673' title='bbox 1709 2254 1766 2287; x_wconf 88' lang='lat' dir='ltr'>pro</span> <span class='ocrx_word' id='word_1_674' title='bbox 1778 2243 1841 2275; x_wconf 83' lang='lat' dir='ltr'>tti-</span> 
     </span>
     <span class='ocr_line' id='line_1_100' title="bbox 1090 2290 1841 2340; baseline -0.003 -15"><span class='ocrx_word' id='word_1_675' title='bbox 1090 2293 1181 2340; x_wconf 79' lang='lat' dir='ltr'>ginta</span> <span class='ocrx_word' id='word_1_676' title='bbox 1201 2303 1345 2338; x_wconf 80' lang='lat' dir='ltr'>quatuor</span> <span class='ocrx_word' id='word_1_677' title='bbox 1362 2290 1606 2340; x_wconf 79' lang='lat' dir='ltr'>septemdecem</span> <span class='ocrx_word' id='word_1_678' title='bbox 1628 2293 1657 2326; x_wconf 89' lang='lat' dir='ltr'>ei</span> <span class='ocrx_word' id='word_1_679' title='bbox 1678 2303 1784 2325; x_wconf 86' lang='lat' dir='ltr'>annos</span> <span class='ocrx_word' id='word_1_680' title='bbox 1794 2301 1841 2324; x_wconf 89' lang='lat' dir='ltr'>at-</span> 
     </span>
     <span class='ocr_line' id='line_1_101' title="bbox 1091 2340 1841 2388; baseline -0.004 -13"><span class='ocrx_word' id='word_1_681' title='bbox 1091 2340 1273 2376; x_wconf 81' lang='lat' dir='ltr'>tribuentes</span> <span class='ocrx_word' id='word_1_682' title='bbox 1283 2359 1291 2375; x_wconf 77' lang='lat'>:</span> <span class='ocrx_word' id='word_1_683' title='bbox 1311 2354 1417 2388; x_wconf 89' lang='lat' dir='ltr'>neque</span> <span class='ocrx_word' id='word_1_684' title='bbox 1434 2341 1473 2375; x_wconf 85' lang='lat' dir='ltr'>fic</span> <span class='ocrx_word' id='word_1_685' title='bbox 1485 2344 1583 2375; x_wconf 80' lang='lat' dir='ltr'>etiam</span> <span class='ocrx_word' id='word_1_686' title='bbox 1595 2352 1747 2386; x_wconf 83' lang='lat' dir='ltr'>tempora</span> <span class='ocrx_word' id='word_1_687' title='bbox 1759 2351 1841 2373; x_wconf 92' lang='lat' dir='ltr'>con-</span> 
     </span>
     <span class='ocr_line' id='line_1_102' title="bbox 1092 2390 1840 2436; baseline -0.001 -12"><span class='ocrx_word' id='word_1_688' title='bbox 1092 2392 1226 2424; x_wconf 87' lang='lat' dir='ltr'>veniunt</span> <span class='ocrx_word' id='word_1_689' title='bbox 1238 2415 1247 2428; x_wconf 90' lang='lat'>‚</span> <span class='ocrx_word' id='word_1_690' title='bbox 1260 2403 1336 2424; x_wconf 85' lang='lat' dir='ltr'>nam</span> <span class='ocrx_word' id='word_1_691' title='bbox 1349 2395 1380 2425; x_wconf 67' lang='grc' dir='ltr'>δι</span> <span class='ocrx_word' id='word_1_692' title='bbox 1395 2391 1453 2424; x_wconf 83' lang='lat' dir='ltr'>hac</span> <span class='ocrx_word' id='word_1_693' title='bbox 1466 2392 1595 2425; x_wconf 85' lang='lat' dir='ltr'>ratione</span> <span class='ocrx_word' id='word_1_694' title='bbox 1608 2390 1840 2436; x_wconf 85' lang='lat' dir='ltr'>compingitur</span> 
     </span>
     <span class='ocr_line' id='line_1_103' title="bbox 1092 2439 1838 2487; baseline -0.005 -12"><span class='ocrx_word' id='word_1_695' title='bbox 1092 2441 1234 2487; x_wconf 77' lang='lat' dir='ltr'>Baltaffar</span> <span class='ocrx_word' id='word_1_696' title='bbox 1247 2440 1277 2474; x_wconf 89' lang='lat' dir='ltr'>in</span> <span class='ocrx_word' id='word_1_697' title='bbox 1290 2450 1356 2473; x_wconf 90' lang='lat' dir='ltr'>tam</span> <span class='ocrx_word' id='word_1_698' title='bbox 1368 2442 1469 2474; x_wconf 65' lang='lat' dir='ltr'>aretas</span> <span class='ocrx_word' id='word_1_699' title='bbox 1479 2439 1652 2487; x_wconf 84' lang='lat' dir='ltr'>angustias,</span> <span class='ocrx_word' id='word_1_700' title='bbox 1661 2449 1695 2472; x_wconf 92' lang='lat' dir='ltr'>ut</span> <span class='ocrx_word' id='word_1_701' title='bbox 1706 2450 1745 2471; x_wconf 89' lang='lat' dir='ltr'>ne</span> <span class='ocrx_word' id='word_1_702' title='bbox 1757 2449 1838 2473; x_wconf 86' lang='lat' dir='ltr'>unus</span> 
     </span>
     <span class='ocr_line' id='line_1_104' title="bbox 1092 2485 1840 2536; baseline -0.005 -12"><span class='ocrx_word' id='word_1_703' title='bbox 1092 2491 1223 2535; x_wconf 89' lang='lat' dir='ltr'>quidem</span> <span class='ocrx_word' id='word_1_704' title='bbox 1236 2500 1342 2523; x_wconf 88' lang='lat' dir='ltr'>annus</span> <span class='ocrx_word' id='word_1_705' title='bbox 1355 2491 1384 2524; x_wconf 87' lang='lat' dir='ltr'>ei</span> <span class='ocrx_word' id='word_1_706' title='bbox 1405 2488 1627 2536; x_wconf 84' lang='lat' dir='ltr'>relinquatur,</span> <span class='ocrx_word' id='word_1_707' title='bbox 1643 2485 1715 2521; x_wconf 69' lang='lat' dir='ltr'>cum</span> <span class='ocrx_word' id='word_1_708' title='bbox 1728 2496 1840 2521; x_wconf 86' lang='lat' dir='ltr'>tamen</span> 
     </span>
     <span class='ocr_line' id='line_1_105' title="bbox 1092 2536 1671 2582; baseline -0.01 -8"><span class='ocrx_word' id='word_1_709' title='bbox 1092 2540 1199 2574; x_wconf 69' lang='lat' dir='ltr'>Dauid</span> <span class='ocrx_word' id='word_1_710' title='bbox 1210 2540 1398 2573; x_wconf 88' lang='lat' dir='ltr'>meminerit</span> <span class='ocrx_word' id='word_1_711' title='bbox 1409 2542 1475 2582; x_wconf 87' lang='lat' dir='ltr'>ejus</span> <span class='ocrx_word' id='word_1_712' title='bbox 1487 2539 1574 2572; x_wconf 86' lang='lat' dir='ltr'>tertii</span> <span class='ocrx_word' id='word_1_713' title='bbox 1585 2536 1671 2572; x_wconf 84' lang='lat' dir='ltr'>anni.</span> 
     </span>
    </p>

    <p class='ocr_par' dir='ltr' id='par_1_18' title="bbox 1093 2583 1842 3013">
     <span class='ocr_line' id='line_1_106' title="bbox 1142 2583 1840 2633; baseline -0.003 -12"><span class='ocrx_word' id='word_1_714' title='bbox 1142 2588 1245 2632; x_wconf 84' lang='lat' dir='ltr'>Qod</span> <span class='ocrx_word' id='word_1_715' title='bbox 1263 2585 1356 2620; x_wconf 81' lang='lat' dir='ltr'>affert</span> <span class='ocrx_word' id='word_1_716' title='bbox 1376 2589 1503 2633; x_wconf 82' lang='lat' dir='ltr'>Scaliger</span> <span class='ocrx_word' id='word_1_717' title='bbox 1517 2583 1672 2631; x_wconf 82' lang='lat' dir='ltr'>effugium</span> <span class='ocrx_word' id='word_1_718' title='bbox 1694 2594 1840 2631; x_wconf 72' lang='lat' dir='ltr'>quatuor</span> 
     </span>
     <span class='ocr_line' id='line_1_107' title="bbox 1094 2634 1842 2683; baseline -0.005 -13"><span class='ocrx_word' id='word_1_719' title='bbox 1094 2637 1269 2683; x_wconf 72' lang='lat' dir='ltr'>Neriglossori</span> <span class='ocrx_word' id='word_1_720' title='bbox 1283 2648 1391 2669; x_wconf 87' lang='lat' dir='ltr'>annos</span> <span class='ocrx_word' id='word_1_721' title='bbox 1405 2661 1415 2674; x_wconf 89' lang='lat'>‚</span> <span class='ocrx_word' id='word_1_722' title='bbox 1436 2634 1557 2682; x_wconf 87' lang='lat' dir='ltr'>quibus</span> <span class='ocrx_word' id='word_1_723' title='bbox 1576 2645 1732 2680; x_wconf 87' lang='lat' dir='ltr'>tanquam</span> <span class='ocrx_word' id='word_1_724' title='bbox 1750 2644 1842 2667; x_wconf 82' lang='lat' dir='ltr'>tutor</span> 
     </span>
     <span class='ocr_line' id='line_1_108' title="bbox 1094 2682 1841 2729; baseline -0.003 -12"><span class='ocrx_word' id='word_1_725' title='bbox 1094 2686 1229 2718; x_wconf 89' lang='lat' dir='ltr'>nomine</span> <span class='ocrx_word' id='word_1_726' title='bbox 1264 2683 1325 2718; x_wconf 80' lang='lat' dir='ltr'>filii</span> <span class='ocrx_word' id='word_1_727' title='bbox 1360 2683 1568 2729; x_wconf 75' lang='lat' dir='ltr'>gubernabat</span> <span class='ocrx_word' id='word_1_728' title='bbox 1588 2709 1598 2724; x_wconf 87' lang='lat'>,</span> <span class='ocrx_word' id='word_1_729' title='bbox 1627 2682 1841 2717; x_wconf 78' lang='lat' dir='ltr'>ascribendos</span> 
     </span>
     <span class='ocr_line' id='line_1_109' title="bbox 1093 2730 1840 2781; baseline -0.007 -13"><span class='ocrx_word' id='word_1_730' title='bbox 1093 2733 1163 2768; x_wconf 78' lang='lat' dir='ltr'>filio</span> <span class='ocrx_word' id='word_1_731' title='bbox 1176 2756 1184 2769; x_wconf 82' lang='lat'>,</span> <span class='ocrx_word' id='word_1_732' title='bbox 1196 2734 1293 2781; x_wconf 83' lang='lat' dir='ltr'>gratis</span> <span class='ocrx_word' id='word_1_733' title='bbox 1304 2737 1337 2767; x_wconf 84' lang='lat'>&amp;</span> <span class='ocrx_word' id='word_1_734' title='bbox 1353 2733 1417 2766; x_wconf 81' lang='lat' dir='ltr'>sine</span> <span class='ocrx_word' id='word_1_735' title='bbox 1429 2734 1495 2767; x_wconf 86' lang='lat' dir='ltr'>ullo</span> <span class='ocrx_word' id='word_1_736' title='bbox 1508 2733 1585 2767; x_wconf 87' lang='lat' dir='ltr'>teste</span> <span class='ocrx_word' id='word_1_737' title='bbox 1598 2732 1717 2766; x_wconf 81' lang='lat' dir='ltr'>dicitur</span> <span class='ocrx_word' id='word_1_738' title='bbox 1735 2745 1743 2765; x_wconf 92' lang='lat'><strong>:</strong></span> <span class='ocrx_word' id='word_1_739' title='bbox 1769 2730 1840 2764; x_wconf 75' lang='lat' dir='ltr'>imo</span> 
     </span>
     <span class='ocr_line' id='line_1_110' title="bbox 1094 2780 1841 2829; baseline -0.004 -12"><span class='ocrx_word' id='word_1_740' title='bbox 1094 2780 1171 2817; x_wconf 76' lang='lat' dir='ltr'>vero</span> <span class='ocrx_word' id='word_1_741' title='bbox 1182 2793 1297 2817; x_wconf 83' lang='lat' dir='ltr'>contra</span> <span class='ocrx_word' id='word_1_742' title='bbox 1318 2784 1475 2829; x_wconf 87' lang='lat' dir='ltr'>antiquos</span> <span class='ocrx_word' id='word_1_743' title='bbox 1494 2783 1548 2829; x_wconf 91' lang='lat' dir='ltr'>qui</span> <span class='ocrx_word' id='word_1_744' title='bbox 1561 2780 1841 2827; x_wconf 72' lang='lat' dir='ltr'>Nerigloffirumvc-</span> 
     </span>
     <span class='ocr_line' id='line_1_111' title="bbox 1093 2827 1840 2879; baseline -0.004 -14"><span class='ocrx_word' id='word_1_745' title='bbox 1093 2845 1164 2866; x_wconf 90' lang='lat' dir='ltr'>rum</span> <span class='ocrx_word' id='word_1_746' title='bbox 1185 2833 1308 2879; x_wconf 84' lang='lat' dir='ltr'>Regem</span> <span class='ocrx_word' id='word_1_747' title='bbox 1330 2830 1509 2878; x_wconf 80' lang='lat' dir='ltr'>Babylonis</span> <span class='ocrx_word' id='word_1_748' title='bbox 1533 2842 1603 2863; x_wconf 88' lang='lat' dir='ltr'>non</span> <span class='ocrx_word' id='word_1_749' title='bbox 1621 2840 1766 2861; x_wconf 86' lang='lat' dir='ltr'>tutorem</span> <span class='ocrx_word' id='word_1_750' title='bbox 1780 2827 1840 2865; x_wconf 80' lang='lat' dir='ltr'>filii</span> 
     </span>
     <span class='ocr_line' id='line_1_112' title="bbox 1095 2876 1840 2927; baseline -0.004 -13"><span class='ocrx_word' id='word_1_751' title='bbox 1095 2880 1255 2915; x_wconf 81' lang='lat' dir='ltr'>affirmant</span> <span class='ocrx_word' id='word_1_752' title='bbox 1274 2905 1285 2921; x_wconf 91' lang='lat'>,</span> <span class='ocrx_word' id='word_1_753' title='bbox 1314 2884 1347 2915; x_wconf 84' lang='lat'>&amp;</span> <span class='ocrx_word' id='word_1_754' title='bbox 1367 2893 1441 2914; x_wconf 91' lang='lat' dir='ltr'>cum</span> <span class='ocrx_word' id='word_1_755' title='bbox 1467 2880 1561 2927; x_wconf 80' lang='lat' dir='ltr'>regiis</span> <span class='ocrx_word' id='word_1_756' title='bbox 1578 2876 1757 2923; x_wconf 70' lang='lat' dir='ltr'>insignibus</span> <span class='ocrx_word' id='word_1_757' title='bbox 1776 2890 1840 2924; x_wconf 83' lang='lat' dir='ltr'>pro</span> 
     </span>
     <span class='ocr_line' id='line_1_113' title="bbox 1095 2926 1841 2976; baseline -0.005 -12"><span class='ocrx_word' id='word_1_758' title='bbox 1095 2942 1196 2976; x_wconf 84' lang='lat' dir='ltr'>regno</span> <span class='ocrx_word' id='word_1_759' title='bbox 1213 2929 1344 2964; x_wconf 82' lang='lat' dir='ltr'>fortiter</span> <span class='ocrx_word' id='word_1_760' title='bbox 1369 2929 1582 2963; x_wconf 86' lang='lat' dir='ltr'>dimicantem</span> <span class='ocrx_word' id='word_1_761' title='bbox 1611 2926 1629 2960; x_wconf 73' lang='grc' dir='ltr'>εὶ</span> <span class='ocrx_word' id='word_1_762' title='bbox 1654 2934 1724 2971; x_wconf 80' lang='lat' dir='ltr'>Cyro</span> <span class='ocrx_word' id='word_1_763' title='bbox 1743 2939 1841 2960; x_wconf 82' lang='lat' dir='ltr'>neca-</span> 
     </span>
     <span class='ocr_line' id='line_1_114' title="bbox 1096 2990 1178 3013; baseline -0.037 0"><span class='ocrx_word' id='word_1_764' title='bbox 1096 2990 1178 3013; x_wconf 88' lang='lat' dir='ltr'>tum.</span> 
     </span>
    </p>

    <p class='ocr_par' dir='ltr' id='par_1_19' title="bbox 1097 3022 1846 3221">
     <span class='ocr_line' id='line_1_115' title="bbox 1145 3022 1840 3063; baseline -0.004 -3"><span class='ocrx_word' id='word_1_765' title='bbox 1145 3023 1298 3060; x_wconf 50' lang='lat' dir='ltr'>Praeterea}</span> <span class='ocrx_word' id='word_1_766' title='bbox 1309 3026 1491 3063; x_wconf 59' lang='lat' dir='ltr'>Nabataeus,</span> <span class='ocrx_word' id='word_1_767' title='bbox 1508 3023 1527 3058; x_wconf 87' lang='lat' dir='ltr'>si</span> <span class='ocrx_word' id='word_1_768' title='bbox 1545 3024 1650 3059; x_wconf 77' lang='lat' dir='ltr'>Darius</span> <span class='ocrx_word' id='word_1_769' title='bbox 1661 3026 1758 3059; x_wconf 83' lang='lat' dir='ltr'>Medus</span> <span class='ocrx_word' id='word_1_770' title='bbox 1767 3022 1840 3058; x_wconf 88' lang='lat' dir='ltr'>fue-</span> 
     </span>
     <span class='ocr_line' id='line_1_116' title="bbox 1097 3073 1839 3121; baseline -0.005 -11"><span class='ocrx_word' id='word_1_771' title='bbox 1097 3077 1156 3115; x_wconf 85' lang='lat' dir='ltr'>rit,</span> <span class='ocrx_word' id='word_1_772' title='bbox 1173 3074 1349 3108; x_wconf 87' lang='lat' dir='ltr'>secundum</span> <span class='ocrx_word' id='word_1_773' title='bbox 1368 3076 1519 3109; x_wconf 75' lang='lat' dir='ltr'>Danielem</span> <span class='ocrx_word' id='word_1_774' title='bbox 1541 3087 1676 3121; x_wconf 80' lang='lat' dir='ltr'>regnum</span> <span class='ocrx_word' id='word_1_775' title='bbox 1695 3075 1770 3106; x_wconf 85' lang='lat' dir='ltr'>adiit</span> <span class='ocrx_word' id='word_1_776' title='bbox 1782 3073 1839 3106; x_wconf 92' lang='lat' dir='ltr'>suo</span> 
     </span>
     <span class='ocr_line' id='line_1_117' title="bbox 1097 3121 1843 3170; baseline -0.008 -11"><span class='ocrx_word' id='word_1_777' title='bbox 1097 3122 1293 3170; x_wconf 79' lang='lat' dir='ltr'>sexagesimo</span> <span class='ocrx_word' id='word_1_778' title='bbox 1305 3121 1445 3158; x_wconf 87' lang='lat' dir='ltr'>secundo</span> <span class='ocrx_word' id='word_1_779' title='bbox 1459 3151 1466 3163; x_wconf 91' lang='lat'><em>‚</em></span> <span class='ocrx_word' id='word_1_780' title='bbox 1480 3123 1678 3157; x_wconf 81' lang='lat' dir='ltr'>invasiteum</span> <span class='ocrx_word' id='word_1_781' title='bbox 1691 3129 1777 3169; x_wconf 82' lang='lat' dir='ltr'>Cyrus</span> <span class='ocrx_word' id='word_1_782' title='bbox 1787 3121 1843 3154; x_wconf 87' lang='lat' dir='ltr'>suo</span> 
     </span>
     <span class='ocr_line' id='line_1_118' title="bbox 1099 3168 1846 3221; baseline -0.007 -13"><span class='ocrx_word' id='word_1_783' title='bbox 1099 3171 1376 3221; x_wconf 80' lang='lat' dir='ltr'>decimoseptimo</span> <span class='ocrx_word' id='word_1_784' title='bbox 1391 3197 1400 3211; x_wconf 96' lang='lat'>,</span> <span class='ocrx_word' id='word_1_785' title='bbox 1419 3172 1485 3206; x_wconf 89' lang='lat' dir='ltr'>hoc</span> <span class='ocrx_word' id='word_1_786' title='bbox 1497 3172 1538 3207; x_wconf 82' lang='lat' dir='ltr'>est</span> <span class='ocrx_word' id='word_1_787' title='bbox 1550 3197 1560 3214; x_wconf 92' lang='lat'>,</span> <span class='ocrx_word' id='word_1_788' title='bbox 1577 3183 1612 3207; x_wconf 90' lang='lat' dir='ltr'>ut</span> <span class='ocrx_word' id='word_1_789' title='bbox 1622 3170 1689 3220; x_wconf 86' lang='lat' dir='ltr'>ipse</span> <span class='ocrx_word' id='word_1_790' title='bbox 1700 3168 1846 3217; x_wconf 80' lang='lat' dir='ltr'>agnoscit</span> 
     </span>
    </p>

    <p class='ocr_par' dir='ltr' id='par_1_20' title="bbox 1711 3217 1851 3265">
     <span class='ocr_line' id='line_1_119' title="bbox 1711 3217 1851 3265; baseline 0.007 -13"><span class='ocrx_word' id='word_1_791' title='bbox 1711 3217 1851 3265; x_wconf 75' lang='lat' dir='ltr'>Scaliger,</span> 
     </span>
    </p>
   </div>
   <div class='ocr_carea' id='block_1_17' title="bbox 1989 1580 2048 3343">
    <p class='ocr_par' dir='ltr' id='par_1_21' title="bbox 1989 1580 2048 3343">
     <span class='ocr_line' id='line_1_120' title="bbox 1989 1580 2048 3343; baseline 0 0"><span class='ocrx_word' id='word_1_792' title='bbox 1989 1580 2048 3343; x_wconf 95' lang='lat' dir='ltr'> </span> 
     </span>
    </p>
   </div>
  </div>
 </body>
</html>
