2048 3343
281 171 329 207 70

279 227 354 260 tiam
363 230 471 257 eorum
479 214 743 264 amplecieremur,
750 219 858 255 utpote
865 203 1026 240 stabilitam

281 286 348 308 non
354 270 472 306 tantum
481 264 620 302 Ecclefiae
628 261 802 297 traditione,
811 255 958 292 sedetiam
971 264 1028 300 pu-

282 324 364 358 blica
377 319 477 354 multis
490 319 550 362 jam
564 313 667 348 seculis
680 309 781 359 praxi,
799 307 861 355 qua
873 302 1028 353 &piphanio

281 385 353 406 rum
361 370 424 404 dies
433 367 482 401 seu
494 364 604 400 festum
613 364 782 408 Magorum
789 369 829 391 eo
842 355 889 389 die
897 351 1030 387 celebra-

277 432 338 460 tur,
347 416 469 464 ejusque
482 413 641 449 solennitas
654 407 800 444 omnibus
810 402 990 440 Christianis
998 400 1028 432 in

275 470 398 517 publica
409 465 528 512 liturgia
541 459 705 496 necessario
721 455 900 503 imponitur.
919 454 1027 485 Prote-

275 519 387 553 stantes
396 542 405 557 ,
421 527 454 549 ut
460 514 523 548 hoc
531 508 720 546 au&oritatis
726 503 869 541 Ecclesiae
879 502 1029 534 Romanae

276 567 434 602 vinculum
443 564 458 597 a
466 562 521 597 suis
530 557 720 596 conscientiis
728 553 878 601 depellant
885 573 894 587 ,
907 546 947 580 fic
955 557 1029 579 con-

276 629 322 653 tra
335 614 469 663 ipsorum
493 613 524 646 in
547 611 604 644 hac
619 605 762 642 sententia
779 596 970 648 tyrannidem
983 606 1029 628 ar-

278 673 504 714 glimentantlll‘·

326 713 444 750 Primo.
477 709 576 744 Nullo
595 706 688 740 firmo
709 714 744 736 ex
765 696 927 745 Scripturis
941 706 1031 742 argu-

278 774 404 802 mento,
418 773 474 795 nec
487 759 569 793 certa
581 754 641 788 ulla
649 749 790 786 Ecclefiae
803 745 964 795 primitivae
973 755 1033 777 tra-

279 814 397 849 ditione
409 807 533 857 probari
547 801 647 851 potest
659 803 774 847 Magos
787 793 1005 831 decimotertio
1018 790 1034 825 ὲ

278 861 434 897 nativitate
458 857 507 890 die
520 851 681 889 Christum
699 844 841 883 adorasse.
870 842 1033 878 Hodierna

279 909 405 959 quidem
411 903 546 941 Ecclesia
554 903 698 936 Romana
706 896 869 946 Epiphanio
876 904 944 928 rum
952 891 1034 926 diem

279 958 407 1003 conjicit
424 958 456 991 in
475 948 750 998 sextumjanuarii‚
775 943 824 979 sed
840 954 871 978 ut
890 939 1035 987 Canfhboae

280 1022 334 1043 nus
342 1008 463 1041 exercit.
472 1017 499 1038 z.
507 1015 591 1036 num.
603 1005 650 1047 36.
662 994 867 1033 demonstrat,
883 993 914 1026 in
923 990 1034 1025 eodem

280 1060 330 1093 die
343 1056 436 1105 prisca
449 1050 583 1088 Ecclesia
602 1051 746 1084 Romana
767 1043 884 1078 solebat
897 1040 974 1074 olim
987 1050 1037 1072 ce-
1077 1050 1096 1083 p

281 1108 399 1143 lebrare
412 1102 528 1139 Christi
541 1100 686 1137 natalem,
713 1094 765 1130 etsi
778 1093 815 1128 ab
824 1093 941 1139 aliquot
954 1087 1036 1123 secu-

282 1158 320 1191 lis
338 1153 513 1189 Nativitatis
533 1150 656 1184 solenne
679 1143 868 1180 Decembris
891 1137 1039 1186 vigesimo

285 1207 397 1253 quinto
411 1201 566 1237 ascribant.
592 1196 699 1231 Hodie
707 1195 798 1228 etiam
807 1188 925 1227 Christi
939 1187 1040 1235 bapti-

287 1255 401 1293 smum,
419 1256 450 1287 &
464 1252 598 1298 primum
611 1244 691 1291 Canae
705 1241 886 1278 miraculum
898 1238 957 1273 una
970 1249 1041 1272 cum

288 1308 457 1351 Magorum
472 1298 649 1333 adoratione
658 1289 887 1341 Januariisexto
900 1298 1041 1322 comme-

288 1362 427 1389 morant:
453 1345 716 1396 quemadmodum
726 1343 814 1389 Ergo
822 1336 965 1373 Ecclefiae
973 1336 1042 1370 Ro-

288 1415 384 1438 manae
397 1400 493 1448 praxis
506 1396 628 1442 antiqua
646 1394 677 1427 in
691 1390 849 1439 affigendis
863 1384 1043 1433 Epiphaniis

288 1454 319 1487 in
333 1461 419 1498 partu
432 1445 551 1482 Christi
560 1442 695 1492 Januarii
708 1440 792 1475 sexto
802 1463 810 1476 ‚
834 1442 867 1472 δὲ
880 1435 977 1483 praxis
984 1433 1043 1467 ho-

289 1502 393 1536 dierna
405 1500 437 1532 in
445 1494 618 1543 assignando
629 1490 747 1527 Christi
759 1483 911 1535 baptismo
918 1509 928 1525 ‚
942 1488 973 1519 ὅ(
981 1482 1042 1530 pri-

289 1563 346 1586 mo
360 1553 441 1581 Canae
458 1543 607 1580 miraculo
620 1540 720 1576 eidem
733 1538 811 1576 diei,
833 1548 899 1570 non
913 1532 1045 1581 probant

290 1599 348 1635 ista
363 1596 466 1633 omnia
479 1607 519 1629 eo
535 1594 582 1628 die
594 1587 769 1637 contigisse,
792 1587 833 1620 ita
845 1582 987 1620 Ecclefiae
999 1580 1044 1616 fe-

292 1649 374 1684 stum
392 1649 561 1694 Magorum
587 1640 687 1675 eidem
706 1637 768 1673 diei
785 1633 963 1682 assignatum
981 1643 1046 1666 non

293 1699 391 1746 magis
414 1695 526 1745 probat
538 1694 709 1739 Magorum
721 1685 933 1721 adorationem
947 1694 986 1717 eo
999 1681 1047 1715 die

320 1747 463 1783 emnam.
479 1747 706 1791 Argumentum
712 1737 776 1771 hoc
782 1735 856 1769 &stit
866 1733 897 1767 in
907 1731 984 1765 locis
991 1728 1049 1764 suis

297 1796 475 1833 difficilibus
487 1794 524 1829 ad
537 1789 685 1830 Matth.2.
696 1786 816 1825 videtur
827 1782 952 1818 firmum
963 1783 996 1815 &
1007 1780 1049 1815 ir-

297 1845 490 1894 refragabile.

345 1894 500 1930 Secundo.
535 1893 613 1927 Non
631 1889 734 1938 potuit
751 1889 808 1922 iter
831 1886 1001 1933 Magorum
1014 1880 1052 1915 ab

298 1947 432 1983 Oriente
456 1940 707 1986 Hierosolymam
733 1948 795 1972 tam
817 1935 919 1983 paucis
946 1930 1054 1967 diebus

302 1995 418 2031 confici
425 2018 433 2030 ‚
452 2005 522 2027 nam
530 1990 633 2038 primo
641 2002 676 2023 ex
685 1987 741 2021 illis
750 1985 897 2021 tredecim
905 1981 1056 2029 seponen-

303 2046 336 2080 di
349 2044 415 2079 sunt
427 2043 464 2077 ab
476 2042 540 2075 hoc
552 2041 659 2073 itinere
675 2035 839 2071 minimum
852 2033 1007 2080 quinque,
1022 2042 1057 2065 u-

303 2107 361 2129 nus
375 2095 406 2127 in
424 2093 533 2126 itinere
551 2085 782 2133 Hierosolymis
800 2082 1056 2119 Berhlehemum,

305 2148 337 2179 &
349 2144 397 2177 alii
411 2142 475 2175 duo
488 2138 600 2187 quibus
621 2133 850 2177 Hierosolymis
869 2129 1057 2166 commorati

306 2204 377 2227 cum
393 2189 526 2227 Herode,
552 2191 583 2221 &
603 2198 673 2219 cum
691 2183 841 2218 Concilio
857 2180 1058 2215 Sacerdotum

304 2246 337 2276 δε
349 2239 521 2274 Scribarum
530 2234 702 2280 colloquuti
715 2230 795 2270 sunt,
817 2243 852 2263 ex
865 2229 993 2274 reliquis
1005 2228 1059 2261 de-

305 2301 373 2324 cem
382 2288 445 2322 duo
452 2284 554 2319 saltem
562 2279 725 2316 necessario
734 2278 823 2312 dandi
830 2275 896 2308 sunt
903 2274 973 2319 post
981 2285 1059 2306 con-

306 2337 439 2386 specstam
457 2334 572 2368 stellam
590 2335 620 2366 &
640 2327 830 2363 intellectum
848 2323 937 2357 stellae
958 2319 1060 2368 praesa-

305 2389 390 2436 gium
398 2410 408 2425 ,
433 2393 466 2417 ut
480 2394 513 2416 ea
525 2393 590 2428 quae
603 2389 664 2412 tam
676 2376 882 2422 longinquum
893 2371 950 2405 iter
959 2369 1061 2415 requi-

307 2446 388 2471 reret
407 2440 660 2482 praepararentur,
684 2421 838 2471 supersunt
851 2433 928 2468 ergo
940 2417 1059 2453 tantum

307 2487 404 2524 ceto,
440 2480 494 2516 etii
512 2480 564 2515 des
582 2473 725 2525 quievisse
743 2470 907 2511 sabbatho,
940 2466 1060 2503 tantum

306 2536 430 2583 septem.

351 2580 504 2632 jamvero
515 2577 630 2613 Oriens
636 2577 805 2622 Magorum
812 2568 917 2605 sedesa
929 2566 1061 2616 permul-

311 2634 349 2669 tis
361 2643 410 2667 tot
422 2628 601 2665 milliaribus
614 2621 841 2668 Hierosolymis
854 2618 961 2653 distare
974 2627 1061 2664 puta-

312 2695 360 2718 tur
368 2707 377 2722 ‚
398 2692 431 2715 ut
442 2680 478 2713 iis
488 2675 689 2712 conficiendis
696 2670 796 2707 multo
804 2669 903 2715 plures
916 2667 1010 2714 quam
1018 2664 1062 2699 se»

311 2743 395 2780 ptem
408 2731 471 2765 dies
486 2724 647 2774 assignandi
660 2721 726 2755 siut.
749 2721 868 2754 Verum
877 2715 938 2755 est,
958 2714 978 2749 fi
991 2727 1062 2748 cum

311 2780 462 2828 Remigio
472 2775 666 2823 Angelorum
678 2780 805 2817 operam
812 2765 955 2800 adhibeas
969 2765 1000 2797 in
1011 2775 1062 2799 ve-

313 2831 420 2864 hendis
433 2840 486 2874 per
499 2828 599 2860 acrem
613 2820 732 2868 Magis,
747 2817 905 2865 pauciores
919 2814 982 2848 dies
993 2813 1063 2846 lon-

314 2880 394 2927 giori
403 2877 502 2912 itineri
516 2872 702 2909 suffecerint,
722 2866 774 2902 etsi
786 2866 985 2900 animantium
996 2863 1063 2897 vitae

314 2932 346 2962 in
358 2939 446 2962 motu
460 2925 550 2959 nimis
566 2933 657 2969 quam
670 2916 788 2953 celeria
801 2915 881 2949 nulla
893 2913 992 2947 ereata
1004 2924 1062 2958 po-

314 2977 407 3011 tentia
419 2972 588 3010 conservari
600 2968 684 3019 poffe
697 2976 848 3015 putentur.
873 2961 932 2996 Sed
943 2961 1006 2994 hoc
1015 2972 1063 2993 re-

317 3027 401 3072 migii
416 3022 594 3058 miraculum
613 3019 702 3054 nullis
715 3015 883 3050 doctorum
896 3009 1007 3058 placuit
1019 3007 1063 3042 ob

317 3076 424 3109 multas
444 3073 573 3106 rationes
587 3082 660 3118 quas
674 3064 842 3108 Abulmffi,
867 3065 898 3096 &
911 3057 981 3108 post
993 3070 1063 3093 eum

318 3124 483 3159 Snlmermz,
503 3121 614 3166 aliique
627 3115 769 3153 referunt.

366 3170 516 3214 Rejicitur
534 3170 623 3202 ctiam
637 3168 653 3201 a
670 3162 842 3201 Pontificiis
860 3157 1066 3196 communiter

913 3213 944 3246 δε
954 3206 1066 3257 Jesuita

145 2613 247 2649 Remigii
250 2611 294 2649 fa-

145 2654 213 2681 bula.

158 3195 206 3217 Oro
218 3191 235 3215 zi
251 3187 283 3220 &-

156 3189 272 3267 Magais-ac
321 3220 420 3256 fabula
433 3229 526 3266 quam
545 3218 726 3255 Navarrus‚
750 3211 886 3257 Ofhrius,

652 128 1448 181 'OPER15·H15T0R1c1

1065 197 1242 245 Mapphaens
1254 192 1398 228 recitant,
1418 189 1587 234 Magorum
1600 181 1819 218 scilicetsedem
1826 195 1980 235 salmam,

1067 245 1153 282 fuiss'e
1167 245 1204 279 ad
1218 243 1360 278 ultimum
1371 237 1555 274 Orientem,
1577 247 1614 268 ex
1627 233 1724 267 tribus
1736 232 1819 266 enim
1831 247 1875 264 res.

1068 296 1165 344 magis
1178 292 1262 328 fuisse
1270 303 1365 326 unum
1378 285 1560 322 Perimalem
1572 283 1695 329 Regem
1708 280 1821 315 Coulai

1068 347 1115 382 vel
1124 342 1332 391 Cranganoris
1344 338 1391 373 vel
1398 334 1540 371 Calecuti
1548 331 1641 379 longe
1648 330 1723 363 ultra
1734 330 1822 363 Gan-

1092 408 1140 429 em
1151 416 1161 431 ‚
1179 394 1234 439 qui
1245 390 1317 437 post
1330 386 1456 422 suumin
1467 383 1582 418 Indiam
1596 376 1823 424 Hierosolymis

1104 443 1202 477 ditum
1221 438 1411 487 splendidum
1431 432 1562 468 extruxit
1579 428 1721 465 Calecuti
1744 437 1825 461 tem-

1070 492 1155 540 plum
1163 515 1171 528 ‚
1185 502 1256 524 cum
1268 487 1351 522 altari
1363 490 1395 520 &
1408 483 1545 529 margine
1559 481 1591 514 in
1602 479 1758 513 honorem
1765 476 1826 511 vir-

1071 541 1150 590 ginis
1163 538 1280 576 Mariae.
1304 536 1354 571 En
1367 542 1478 582 quanta
1489 530 1565 564 fides
1576 526 1716 563 habenda
1728 524 1772 560 est
1781 527 1826 558 O-

1063 592 1141 636 sbrio
1151 614 1161 630 ‚
1182 585 1339 635 Mapphaeo
1351 588 1382 619 &
1399 581 1463 616 aliis
1476 577 1716 615 Pontificiorum
1726 574 1827 609 histo-

1071 640 1143 675 ricis
1153 639 1185 673 in
1199 636 1302 672 multis
1315 632 1372 668 suis
1384 629 1469 667 valde
1483 626 1668 676 magnificiS‚
1693 624 1746 659 etsi
1757 636 1826 660 vera

1074 688 1185 728 essent,
1206 684 1352 722 mirandis
1365 682 1412 718 vel
1426 678 1531 728 potius
1546 671 1748 712 monstriferis
1758 685 1828 707 nar-

1074 737 1244 773 rationibus
1260 749 1269 769 :
1298 733 1407 768 diebus
1427 730 1510 764 enim
1529 727 1636 764 Mariae
1661 728 1692 759 &
1711 723 1828 769 aliquot

1073 787 1144 836 post
1156 785 1260 821 seculis
1273 785 1306 818 in
1319 778 1485 829 ipsaJudefi
1498 802 1508 818 ‚
1541 778 1572 810 in
1585 772 1651 822 ipso
1665 773 1743 808 orbe
1757 773 1831 806 Ro-

1074 848 1168 872 mano
1182 834 1263 869 nulla
1273 832 1386 867 domus
1398 827 1519 876 publica
1527 824 1777 861 Christianorum
1786 819 1831 854 sa-

1075 887 1133 921 cris
1147 883 1269 933 patebat
1282 905 1293 921 ‚
1318 884 1350 916 &
1367 876 1531 927 postquam
1551 876 1738 922 erigerentur
1750 882 1832 905 tem-

1075 936 1123 984 pla
1131 959 1140 975 ‚
1159 946 1213 982 per
1225 932 1341 967 multos
1353 938 1451 964 annos
1463 924 1544 960 nulla
1556 925 1587 957 in
1598 918 1779 969 ipsis'altaria
1786 920 1833 955 vi-

1078 984 1234 1023 sebantur,
1247 981 1396 1028 imagines
1407 976 1483 1012 vero
1494 985 1558 1008 non
1566 971 1622 1007 nisi
1634 970 1700 1004 sero
1714 970 1745 1003 in
1752 980 1833 1003 tem-

1099 1036 1125 1069 la
1139 1032 1336 1081 irrepserunt;
1350 1037 1485 1063 attamen
1497 1023 1519 1057 si
1531 1022 1604 1058 viris
1617 1019 1679 1055 istis
1692 1018 1784 1053 bonis
1795 1017 1834 1051 fi-

1078 1086 1148 1121 dem
1159 1082 1369 1119 adhibeamus,
1382 1086 1451 1111 ante
1460 1073 1592 1111 Mariam
1606 1079 1760 1104 mortuam
1774 1069 1836 1102 Ca-

1080 1135 1171 1171 lecuti
1184 1134 1217 1167 in
1228 1130 1313 1166 India
1325 1124 1467 1163 orientali
1480 1119 1679 1170 magnificum
1691 1116 1837 1166 palatium

1081 1197 1151 1221 cum
1167 1183 1250 1217 altari
1264 1185 1295 1216 &
1309 1177 1442 1225 imagine
1461 1174 1498 1208 ab
1518 1184 1583 1206 uno
1596 1172 1765 1217 Magorum
1785 1177 1838 1199 ex-

1081 1234 1220 1270 trudium
1232 1230 1286 1264 est.
1313 1231 1420 1276 Apage
1433 1222 1542 1272 nugas!

1134 1279 1291 1328 Equidem
1304 1289 1340 1313 ex
1353 1275 1493 1311 Patribus
1506 1270 1599 1318 aliqui
1611 1271 1725 1316 Magos
1738 1264 1837 1300 collo-

1082 1344 1150 1368 cant
1163 1329 1258 1378 longe
1269 1328 1345 1362 ultra
1352 1327 1517 1372 Gangem,
1531 1319 1581 1355 sed
1593 1320 1626 1353 hi
1639 1316 1774 1366 ipsorum
1786 1315 1837 1348 iti-

1081 1380 1378 1425 neriduosintegros
1386 1385 1482 1408 annos
1497 1370 1676 1404 attribuunt.
1692 1366 1838 1400 Latinum

1082 1444 1160 1479 opus
1173 1425 1390 1477 imperfe&um
1400 1424 1431 1457 in
1438 1418 1621 1455 Matthaeum
1634 1417 1713 1450 inter
1722 1412 1841 1460 Chryso-

1075 1481 1164 1527 stomi
1177 1489 1271 1525 opera
1283 1500 1294 1516 ‚
1314 1472 1364 1508 sed
1377 1480 1571 1518 nequaquam
1584 1464 1776 1512 Chrysos‘l'omi
1789 1460 1842 1496 etsi

1083 1529 1202 1576 antiqui
1214 1526 1298 1564 satis,
1317 1522 1467 1568 doftique
1481 1517 1562 1564 &pii
1574 1512 1709 1550 au&0ris
1722 1511 1779 1545 hac
1791 1522 1844 1546 va-

1084 1580 1128 1615 dit
1143 1577 1205 1618 νίἂ,
1232 1573 1282 1609 sed
1295 1583 1409 1621 paucos
1421 1568 1517 1604 habet
1529 1564 1681 1613 sequaces,
1694 1570 1802 1609 praeter
1814 1570 1847 1593 e-

1085 1630 1150 1663 nim
1162 1638 1229 1662 non
1240 1620 1402 1660 necessaria
1417 1615 1560 1655 miracula
1568 1639 1578 1655 ,
1592 1612 1679 1662 quod
1689 1610 1779 1657 Magi
1791 1620 1847 1656 pe-

1087 1679 1175 1714 dibus
1194 1677 1252 1710 iter
1269 1671 1416 1707 facientes
1429 1694 1438 1710 ‚
1470 1665 1594 1701 duobus
1613 1660 1739 1710 integris
1758 1658 1846 1692 annis

1087 1732 1118 1764 &
1129 1726 1262 1765 totidem
1275 1723 1307 1757 in
1319 1720 1418 1756 reditu
1431 1718 1506 1753 sicut
1517 1713 1604 1750 lsrael
1616 1713 1648 1747 iu
1660 1709 1780 1746 deserto
1792 1719 1848 1743 ve-

1089 1778 1148 1813 stes
1167 1780 1198 1813 &
1211 1773 1415 1810 calceamenta
1432 1765 1545 1814 absque
1563 1763 1673 1799 tritura
1689 1760 1849 1795 immutata

1091 1832 1122 1864 &
1134 1828 1252 1874 integra
1263 1823 1440 1857 retinerent.
1454 1818 1546 1852 Lucae
1557 1823 1656 1848 textus
1664 1808 1774 1844 refutat
1785 1805 1849 1840 hoc

1092 1885 1326 1913 commentum:
1353 1869 1437 1904 stella
1453 1868 1536 1901 enim
1556 1861 1613 1898 fuit
1630 1872 1695 1895 non
1712 1853 1851 1893 nascituri

1092 1926 1141 1963 sed
1155 1926 1216 1960 nati
1227 1922 1327 1971 Regis
1342 1919 1523 1968 Judaeorum
1537 1927 1545 1948 ε
1570 1913 1611 1947 ita
1623 1910 1661 1945 ad
1673 1910 1729 1943 iter
1742 1905 1770 1940 se
1782 1906 1853 1939 Ma-

1093 1978 1123 2026 gi
1131 1976 1222 2011 stellae
1229 1973 1351 2009 monitu
1358 1980 1422 2003 non
1429 1972 1597 2013 potuerunt
1604 1960 1761 2005 accingere
1773 1954 1854 1988 duo-

1094 2028 1152 2062 bus
1165 2025 1250 2060 annis
1262 2032 1342 2060 ante,
1356 2016 1406 2053 sed
1418 2014 1527 2051 diebus
1539 2012 1656 2058 aliquot
1667 2005 1737 2054 post
1748 2013 1854 2038 natum

1096 2076 1292 2112 Dominum,
1317 2079 1420 2116 neque
1433 2065 1525 2099 etiam
1537 2073 1600 2096 tam
1612 2058 1671 2093 late
1684 2054 1770 2090 distat
1783 2051 1855 2085 ulti-
1900 2061 1903 2064 ⁴

1096 2138 1164 2161 mus
1177 2123 1295 2160 Oriens
1309 2119 1347 2153 ab
1362 2114 1541 2151 occidente,
1558 2121 1615 2144 nec
1626 2117 1689 2141 tarn
1700 2102 1759 2137 late
1771 2108 1854 2146 patet

1097 2186 1200 2211 totum
1217 2183 1303 2207 terrae
1320 2162 1582 2210 hemisphaerium,
1604 2155 1679 2203 quin
1693 2152 1721 2186 ei
1732 2160 1855 2198 peram-

1097 2221 1245 2259 bulando,
1258 2220 1274 2252 a
1286 2205 1642 2253 mediocriterexpedito
1654 2201 1767 2250 pedite,
1781 2208 1856 2244 pau-

1099 2272 1198 2304 ciores
1210 2266 1310 2301 multo
1325 2262 1389 2298 dies
1402 2258 1495 2307 quam
1509 2254 1575 2290 sunt
1588 2254 1619 2287 in
1631 2250 1760 2287 biennio
1774 2244 1856 2280 suffi-

1098 2320 1190 2353 ciant.

1069 409 1089 443 g

1070 457 1100 478 re

1849 1271 1982 1303 Magorum

1848 1311 1896 1335 iter
1903 1316 1950 1334 non

1844 1348 1900 1385 fuit
1908 1348 1982 1374 Bien-

1850 1388 1913 1415 nale.

1142 2362 1242 2414 Qd
1254 2361 1348 2396 habet
1360 2360 1557 2406 Hieronymus
1570 2351 1606 2387 de
1613 2347 1733 2395 Perside
1740 2347 1857 2392 Mago·
1869 2348 2000 2384 Majusta-

1099 2428 1168 2450 rum
1181 2413 1289 2461 patria,
1301 2408 1526 2456 ample&untur
1534 2400 1742 2436 Maldmasm,
1754 2393 1856 2441 Calvi·
1869 2398 1924 2417 men
1939 2386 2020 2433 qqdm

1100 2477 1155 2499 nus
1167 2488 1177 2505 ‚
1202 2466 1234 2498 &
1248 2461 1298 2495 alii
1309 2460 1398 2494 multi
1412 2483 1421 2498 ‚
1448 2454 1497 2490 sed
1509 2453 1623 2487 horum
1636 2447 1775 2497 plerique
1787 2441 1857 2492 post
1870 2428 1994 2503 {Zjffd'te‘
2046 2456 2048 2458 -

1100 2518 1316 2561 Hieronymum
1334 2509 1371 2543 ad
1384 2510 1552 2554 Magorum
1564 2502 1621 2535 iter
1633 2494 1793 2533 dromadas
1805 2492 1857 2526 ad-
1870 2518 1904 2534 w
1907 2508 1918 2534 l
1923 2475 2021 2534 dzrz’.

1100 2565 1226 2599 hibent:
1238 2561 1301 2595 hoc
1314 2570 1409 2606 genus
1422 2548 1686 2590 camelorumlicet
1693 2544 1780 2593 equis
1788 2553 1857 2590 per-
1870 2547 1939 2574 dibus
1945 2553 1990 2584 po-

1101 2612 1255 2648 niciffimis
1274 2607 1375 2643 multo
1388 2604 1527 2640 velocius
1540 2625 1550 2641 ‚
1575 2609 1679 2633 tamen
1698 2595 1729 2628 in
1747 2592 1855 2628 diebus
1867 2594 1970 2616 merum

1102 2662 1216 2710 septem
1230 2684 1240 2699 ,
1256 2657 1332 2692 ‘imo
1351 2656 1400 2690 bis
1418 2652 1533 2700 septem
1550 2660 1615 2683 non
1632 2644 1748 2682 valebat
1766 2642 1856 2676 etiam
1865 2625 1984 2664 P⁶⁷fi⁶⁶r‘·

1102 2709 1238 2747 cursores
1251 2705 1426 2742 tabellarios
1438 2700 1547 2737 vehere
1559 2708 1646 2733 tanto
1659 2693 1753 2742 spatio
1765 2700 1859 2725 terra-

1102 2773 1171 2795 rum
1184 2784 1194 2799 ‚
1219 2766 1368 2806 quantum
1380 2748 1556 2800 ‘Paflrgardae
1574 2743 1728 2782 Persarum
1741 2739 1860 2773 Hiero-

1103 2808 1226 2856 solymis
1239 2805 1348 2842 distant
1362 2828 1373 2844 ,
1397 2802 1512 2836 nedum
1526 2807 1558 2832 ut
1570 2792 1710 2841 Regibus
1723 2787 1860 2822 molliter

1103 2857 1237 2894 ferendis
1250 2869 1289 2890 eo
1301 2852 1451 2900 temporis
1468 2844 1625 2883 intervallo
1638 2838 1730 2874 essent
1743 2836 1858 2871 idonei.

1104 2912 1173 2943 Imo
1195 2905 1270 2941 vero
1289 2905 1343 2950 qui
1365 2899 1541 2948 proximum
1562 2890 1674 2939 Judaeis
1693 2888 1858 2921 Orientem

1105 2955 1208 3003 Magis
1221 2952 1322 2987 sedem
1334 2949 1499 2985 ascribunt,
1515 2942 1564 2977 seu
1577 2942 1608 2974 in
1621 2932 1856 2985 lllffapotamid‚

1104 3004 1154 3040 seu
1167 3007 1198 3038 in
1207 2998 1328 3037 Arabia?
1335 3023 1345 3038 ‚
1360 2996 1446 3046 quod
1455 2993 1525 3028 facit
1537 2990 1704 3026 doetorum
1718 2984 1859 3019 multitu-

1105 3056 1147 3090 do
1156 3080 1166 3095 ‚
1183 3065 1249 3087 non
1261 3047 1347 3084 facile
1359 3042 1596 3094 persuadebunt,
1622 3038 1714 3073 etiam
1726 3034 1788 3068 hoc
1800 3033 1857 3066 iter

1105 3104 1213 3140 diebus
1225 3100 1339 3148 septem
1351 3097 1455 3143 Reges
1468 3088 1637 3127 commode
1649 3090 1682 3122 &
1694 3084 1738 3119 uti
1751 3084 1857 3129 Reges

1106 3153 1232 3189 decebat
1244 3175 1253 3190 ‚
1279 3145 1408 3196 potuisse
1420 3141 1566 3191 perficere
1579 3153 1587 3173 :
1613 3132 1742 3172 molest&
1754 3142 1855 3166 autem

1106 3208 1137 3241 ἃ
1145 3198 1290 3240 indecor&¹
1300 3195 1492 3234 festinatione
1504 3189 1580 3226 nihil
1590 3186 1640 3223 hic
1653 3192 1815 3265 “²212’Puf'

1745 3239 1853 3264 eruum
