2048 3343
578 132 970 169 >aopi-:1³13
1032 131 1509 170 Hxsron101

308 152 322 181 5
335 150 354 173 z

1105 206 1212 253 primae
1224 218 1298 241 ante
1309 202 1482 241 othnielem
1490 206 1678 242 tribuuntur
1685 210 1763 245 anni
1771 211 1851 245 otto
1871 226 1923 244 cam
1930 219 2000 246 annis

302 207 397 245 rivuii
421 218 519 240 coeno
539 205 573 240 in
591 202 702 252 qufivis
727 204 840 255 linguai
858 204 1057 242 transsatoris

1103 256 1206 302 Judic.
1219 269 1247 302 3.
1265 269 1294 290 v.
1307 258 1334 289 8.
1358 255 1502 291 secundae
1517 267 1591 291 ante
1601 255 1739 294 Ebudum
1755 261 1852 296 οξτο·
1869 258 1999 295 judam?

303 257 448 293 inficere.
486 261 491 268 '
737 272 747 279 v·

127 2544 144 2562 2
156 2536 240 2562 Parni.

132 2586 141 2604 1
150 2587 172 2604 z.
181 2587 255 2610 213.

124 3103 174 3139 Qui
182 3106 262 3129 ‹oml-

125 3144 220 3170 llantur

122 3185 236 3217 “muser-

124 3232 210 3252 ‘tuum

352 302 584 351 Tertia.Capelli
593 303 685 338 ratio.
693 303 771 337 Filia
783 299 942 336 Pharaonis
954 303 1056 350 prima

302 355 364 391 fuit
377 355 534 389 Solomonis
543 365 625 388 uxor
634 365 733 400 quam
745 352 837 386 duxit
849 353 921 400 post
938 355 1056 387 initum

303 418 439 454 regnum
451 430 461 446 ,
481 404 603 438 nullam
621 401 700 450 ergo
713 401 827 436 habuit
839 413 911 437 ante
925 404 1055 437 initum.

304 455 402 503 Resp.
436 468 460 489 1.
490 454 570 488 Non
595 463 723 486 tantum
751 453 890 500 gratuita
921 452 966 486 est
989 452 1054 485 haec

302 505 484 550 conjeffimra
493 529 501 542 ‚
521 501 576 537 sed
588 503 685 536 etiam
696 502 866 548 Scripturis
875 502 1052 539 contraria,

300 568 338 589 ex
358 554 475 602 quibus
494 549 660 586 necessaria
680 549 912 598 consequentia
925 550 1055 595 colligi-

299 615 350 638 tur
363 599 595 636 Rhehoboamum
614 611 728 635 natum
749 611 823 634 ante
834 609 974 632 mortem
988 601 1054 632 Da-

300 653 398 693 mdis,
426 664 493 700 quo
511 663 616 685 autem
635 663 722 683 anno
741 648 870 694 fingulae
880 660 919 681 ex
931 644 1054 695 septin-

298 704 406 750 gentis
427 702 584 736 Solomonis
595 697 749 733 uxoribus
765 707 871 743 nuptae
886 696 964 733 sint,
982 698 1052 744 quis

298 752 363 786 fine
377 755 566 792 temeritate,
579 743 742 793 Scriptura
753 744 880 788 fiiente;
894 746 1050 781 determi—

298 801 389 835 nabit
405 805 418 835 ?

344 852 479 895 Qarta.
491 843 677 881 Rhehoboam
688 843 941 889 dicitutjuvenis
954 846 988 877 &
1001 844 1053 877 in·

293 897 366 934 fans
378 902 451 932 cum
465 908 595 944 regnare
611 896 714 941 coepit
726 893 852 928 Chron.
868 904 962 928 10.v.
973 894 1003 926 8.
1018 897 1050 928 &

296 959 428 990 ¹3-V-17·
445 947 540 993 Reip.
551 945 683 979 Salomon
690 944 786 977 etiam
797 943 892 977 initio
903 944 992 989 regni
1004 942 1048 976 di-

293 997 363 1029 ctus
375 995 419 1029 est
430 1009 508 1042 puer
519 995 564 1028 ob
582 1005 711 1040 parvam
723 994 757 1026 in
769 992 985 1040 gubernando
997 1005 1050 1026 ex-

294 1046 486 1091 perientiam
496 1068 507 1081 ‚
528 1056 603 1078 eum
616 1054 726 1076 tamen
741 1041 853 1075 David
867 1043 964 1076 etiam
975 1051 1048 1075 tum

294 1095 452 1141 temporis
482 1093 648 1140 iniignivir
674 1092 735 1126 viri
758 1091 910 1138 sapientis
934 1091 1051 1125 titulo.-

293 1154 475 1190 utcuuque‚
493 1143 586 1177 dictis
603 1142 683 1176 locis
696 1139 777 1175 nihil
796 1141 860 1175 tale
872 1140 913 1175 de
929 1138 1049 1174 Rheba-

291 1193 390 1227 boamo
402 1190 592 1226 affirmatur.

341 1244 470 1277 Ultima
481 1240 590 1287 Capella*
601 1241 693 1275 ratio.
719 1240 800 1273 Non
811 1238 906 1272 duxit
916 1237 1048 1272 Salomon

292 1303 430 1326 matrem
446 1287 642 1324 Rhehoboanu
668 1288 903 1323 Ammonitidem
916 1314 925 1328 ,
950 1288 1047 1335 prius-

290 1352 388 1387 quam
409 1341 442 1374 in
463 1341 636 1374 mulierum
656 1349 879 1372 extranearum
900 1350 1046 1372 amorem

288 1390 418 1424 divertit
428 1392 496 1434 ejus
509 1388 591 1423 cora
605 1391 679 1423 Deo
693 1411 702 1423 ‚
719 1387 784 1421 hoc
801 1397 909 1421 autem
922 1386 1043 1421 faffum

291 1451 360 1473 non
374 1438 417 1473 est
430 1450 504 1472 aute
515 1438 680 1473 decimum
696 1437 851 1472 octavum
863 1437 912 1470 vel
926 1434 1043 1484 vigefi-
1089 1461 1091 1465 ψ

291 1501 386 1524 mum
400 1489 656 1536 Regniannum-
683 1485 780 1533 Resp.
800 1498 830 1520 1.
859 1484 1044 1533 Qodnul-

287 1539 352 1572 lam
364 1549 552 1573 ,extraneam
569 1538 725 1572 amaverit
742 1534 878 1570 Salomon
896 1547 971 1570 ante
989 1548 1045 1570 an-

287 1599 370 1621 num
383 1589 477 1634 regni
495 1586 540 1622 sui
559 1587 726 1622 decimum
736 1587 894 1622 ofitavum
904 1584 1043 1620 affirma,-

286 1646 338 1671 tur
348 1639 455 1684 gratis.
484 1636 613 1671 Deinde
631 1634 723 1684 quod
739 1636 804 1670 ulla
820 1645 1042 1670 extranearum
1056 1661 1057 1664 η

287 1690 358 1731 ejus
370 1696 516 1720 mentem
536 1685 553 1720 ὲ
569 1686 692 1721 sincero
705 1686 770 1719 Dei
789 1686 879 1719 cultu
895 1686 1042 1720 averterit

285 1749 374 1770 anno
389 1735 479 1782 regni
491 1735 622 1770 decimo
633 1736 751 1769 octavo
762 1759 772 1775 ‚
784 1733 915 1769 videtur
929 1746 1042 1770 contra

286 1787 481 1831 Scripturam
492 1809 501 1824 ‚
521 1798 591 1833 quae
609 1784 672 1819 hoc
683 1783 810 1818 fastum
823 1786 897 1818 vult
908 1786 940 1819 in
955 1784 1040 1819 Solo-

285 1835 375 1867 monis
387 1833 548 1868 senectute
566 1858 575 1873 ‚
603 1835 696 1881 regni
708 1843 815 1868 autem
835 1846 938 1868 annus
952 1835 1042 1869 deci-

285 1890 357 1917 mus
368 1884 501 1917 octavus
513 1884 623 1929 procul
636 1881 765 1917 abfuit&
777 1881 877 1917 senio.
906 1894 931 1924 3.
942 1886 1041 1919 Anno

284 1934 374 1978 regni
392 1931 548 1980 vigesimo
576 1943 690 1979 quarto
712 1933 859 1979 apparuit
877 1933 905 1966 ei
921 1934 1041 1968 Domi-

285 1993 347 2015 nus
365 1982 525 2020 secundo,
554 1979 631 2014 cum
648 1983 742 2015 omni
760 1979 817 2016 suae
832 1980 1040 2017 aedificationi

284 2029 385 2064 finem
400 2028 619 2077 imposuisset,
645 2032 736 2078 quod
757 2032 873 2065 accidit
884 2031 956 2079 post
971 2031 1042 2067 fini-

283 2091 355 2113 tum
379 2082 540 2126 templum
564 2081 650 2127 regni
675 2093 723 2114 11.
749 2084 781 2114 &
796 2091 984 2116 caeterarum
1002 2095 1042 2117 ae—

284 2129 375 2163 diurn
398 2128 586 2163 structuram
605 2154 615 2169 ‚
636 2129 758 2177 quibus
780 2130 852 2177 post
878 2133 1038 2178 templum

283 2176 445 2211 tredecim
468 2179 543 2212 anni
563 2178 720 2225 insumpti
742 2177 814 2212 sunt
835 2192 844 2213 :
877 2179 918 2214 εὸ
939 2180 1039 2228 usque

282 2238 364 2274 ergo
376 2239 444 2260 non
457 2227 562 2272 potuit
571 2226 685 2261 ducere
698 2224 893 2262 Rhehoboami
902 2241 1037 2264 matrem

282 2275 461 2309 secundum
483 2275 629 2323 Capellam
641 2300 651 2314 ,
680 2277 724 2309 ita
739 2287 773 2309 ut
782 2277 1039 2323 regniSolomemis

283 2324 531 2372 quadragesimo
549 2338 585 2359 ac
603 2326 724 2359 ultimo
738 2322 955 2361 Rhehoboamm
970 2341 1038 2362 non

281 2377 423 2420 potuerit
442 2373 583 2408 habuisse
602 2373 690 2422 supra}
708 2374 895 2421 quindecim
915 2390 1037 2418 annos,

281 2424 373 2469 quod
390 2425 464 2472 quis
491 2434 602 2471 praeter
620 2423 763 2471 Capellam
787 2422 945 2467 affirmet,
970 2427 1036 2473 ipse

280 2485 349 2508 non
363 2473 458 2513 dicit,
472 2485 530 2507 nec
543 2486 606 2522 ego
619 2475 710 2508 novi.

328 2524 439 2556 Locus
457 2524 593 2568 quintus
618 2536 635 2557 2
660 2523 853 2557 Chron.1·2.
869 2537 899 2559 v.
921 2537 963 2569 13.
990 2525 1034 2560 est

280 2571 512 2605 omnino-idem
526 2584 601 2606 cum
620 2572 798 2617 superiore,
820 2586 880 2608 nec
900 2575 970 2608 aliis
984 2576 1033 2609 in-

281 2620 372 2669 diget
390 2620 550 2655 vindiciis.
584 2623 664 2656 Loci
681 2621 714 2655 bi
735 2623 879 2670 quinque
894 2625 1033 2669 primarii

282 2668 355 2704 suut
368 2683 450 2718 quos
461 2682 499 2703 ex
515 2669 689 2717 largissimss
700 2669 751 2703 snei
762 2682 848 2715 penu
858 2671 967 2717 selegit
975 2679 1033 2706 Ca-

275 2719 382 2760 pallus,
410 2719 432 2754 s1
451 2730 516 2753 tam
529 2717 631 2753 facilis
648 2719 687 2752 ad
702 2718 778 2753 istos
794 2717 957 2766 responsio
969 2720 1012 2754 est
1023 2747 1032 2759 ,

279 2769 316 2801 de
334 2771 455 2803 caeteris
471 2766 627 2802 omnibus
639 2778 712 2801 utut
723 2768 880 2814 plurimis,
900 2782 968 2804 non
986 2769 1031 2804 est

280 2819 363 2852 aliud
376 2817 734 2862 faciendumjudicium.

445 2928 747 2966 QuAEsTro
791 2929 860 2957 111.

375 3007 449 3055 Qud
457 3008 597 3058 referendi
595 3010 657 3051 fint
667 3008 936 3056 anniftrvitutum?

368 3106 510 3155 Uaeritur
531 3105 642 3143 tertio.
679 3105 750 3154 Qi
771 3120 842 3142 vera
862 3107 918 3143 effe
930 3107 1032 3157 potest

370 3157 493 3188 immina
511 3157 650 3201 Epochae
666 3170 828 3192 annorum
851 3158 931 3203 480.
956 3171 1032 3194 cum

1103 305 1208 340 decim
1221 305 1300 340 ibid.
1318 317 1370 351 14.
1383 308 1482 345 tertiae
1497 318 1571 340 ante
1586 305 1734 342 Deboram
1745 311 1854 358 vigin-

1103 356 1128 387 ti
1140 355 1211 402 Jud.
1222 368 1258 401 4.
1272 369 1300 390 v.
1313 368 1340 401 3.
1355 368 1472 403 quarta:
1483 368 1557 390 ante
1568 355 1725 391 Gideonem
1735 357 1854 406 septem

1102 401 1175 448 Jud.
1187 408 1219 437 6.
1231 417 1261 437 v.
1275 417 1288 436 1
1298 431 1307 442 ,
1332 406 1453 452 quintae
1470 417 1545 440 ante
1558 403 1707 453 Iephthem
1718 409 1857 444 octode-

1105 453 1168 486 cim
1181 452 1288 500 Judic.
1312 466 1363 489 10.
1386 467 1416 488 v.
1432 457 1462 488 8.
1481 455 1577 490 sextae
1598 467 1672 489 ante
1693 458 1857 504 Samſsmem

1102 503 1317 549 quadraginta
1333 503 1436 550 Judic.
1461 516 1516 550 14.
1544 506 1716 541 Hiornucs
1735 507 1791 541 sibi
1807 509 1858 542 ina

1104 552 1208 585 vicem
1227 551 1327 586 additi
1347 552 1529 588 conficiunt
1553 564 1688 589 centum
1705 559 1736 590 δι
1754 557 1859 591 unde-

1101 601 1164 634 cim
1176 599 1268 648 supra
1289 600 1446 636 summam
1462 603 1656 646 praedictam.
1681 605 1778 652 Resp.
1793 608 1854 641 Se-

1102 650 1246 684 cundum
1265 663 1427 697 receptam
1440 662 1507 687 tam
1525 664 1675 688 veterum
1687 653 1784 701 quaim
1803 668 1856 690 re-

1100 702 1242 734 centium
1257 700 1552 747 &Theologorum
1565 706 1598 736 &
1612 703 1855 753 Chronologo7

1098 749 1460 791 riunsententimi,anni
1472 752 1661 787 servitutum
1674 754 1856 789 includun-
1879 757 1881 760 '

1098 810 1150 833 tur
1162 802 1197 834 &
1211 799 1406 834 exorbentur
1425 804 1459 836 in
1475 804 1564 836 annis
1577 801 1782 850 sequentium
1794 805 1855 853 Ju-

1097 848 1218 886 dicum,
1230 850 1317 882 nulla
1333 848 1393 882 ali&
1403 853 1533 886 ratione.
1544 849 1655 886 salvari
1668 852 1773 899 potest
1787 855 1853 888 cla-

1099 909 1130 930 ra
1146 899 1178 930 &
1197 897 1334 942 expressa
1355 911 1457 944 quota.
1468 900 1543 935 iibri
1564 902 1681 947 prioris
1699 903 1830 951 Regum
1842 926 1852 939 ‚

1097 945 1375 993 quemadmodum
1405 948 1563 990 Genes.7.
1582 962 1613 984 ν.
1635 962 1688 984 11.
1709 953 1852 999 quadra-

1097 997 1190 1043 ginta
1208 995 1275 1028 dies
1295 997 1397 1040 pluvii
1418 1008 1673 1033 annumerantur
1691 1005 1722 1035 δι
1745 1003 1853 1036 inclu-

1097 1047 1217 1078 duntur
1243 1043 1353 1078 diebus
1379 1057 1512 1079 centum
1540 1047 1778 1096 quinquaginta
1805 1050 1854 1085 se-

1097 1092 1275 1140 quentibus
1287 1091 1365 1128 vers.
1379 1105 1431 1139 25.
1446 1096 1515 1137 Qui
1526 1095 1578 1129 hic
1590 1096 1731 1131 maxime
1740 1099 1852 1136 adver-

1096 1142 1221 1182 santur,
1247 1144 1411 1190 vulgarem
1428 1143 1587 1178 calculum
1599 1145 1772 1182 admittere
1790 1160 1851 1182 co-

1095 1193 1264 1241 gunturin
1278 1192 1390 1238 quint&
1409 1197 1440 1227 &
1461 1193 1543 1227 sexta
1559 1195 1710 1229 servitute
1724 1220 1734 1232 ,
1758 1197 1850 1243 quod

1095 1254 1204 1277 autem
1224 1245 1306 1276 ratio
1320 1255 1373 1289 par
1386 1243 1422 1276 sit
1432 1243 1462 1277 in
1473 1254 1614 1291 quatuor
1625 1242 1760 1293 reliquis
1776 1258 1849 1292 per-

1096 1292 1308 1339 pendentibus
1335 1292 1474 1340 singulas
1499 1318 1509 1331 ‚
1546 1291 1622 1327 satis
1635 1295 1695 1327 crit
1712 1294 1848 1329 manife-

1097 1341 1191 1376 stum.

1265 1439 1574 1478 QUAEsTro
1617 1441 1714 1469 ιν.Δ

1095 1529 1248 1579 Qmodo
1255 1539 1348 1563 aetates
1359 1528 1502 1567 Rachab,
1510 1531 1608 1571 Boaz,
1619 1517 1718 1566 0.de
1730 1528 1768 1565 ὠ
1778 1529 1846 1579 Jes-

1197 1581 1232 1616 se.
1239 1576 1391 1615 exhaurire
1393 1580 1542 1629 potuerint
1552 1594 1645 1619 cymas
1657 1582 1702 1628 48
1708 1593 1743 1616 ο.

1098 1678 1316 1761 QUaeritur
1339 1677 1467 1727 quarto.
1495 1678 1566 1726 Qi
1586 1678 1643 1715 fiat
1663 1689 1698 1714 ut
1709 1689 1759 1715 tot
1770 1682 1846 1717 anni
1865 1683 1966 1722 Rqahab

1178 1740 1390 1764 numerentur
1401 1728 1441 1763 ab
1452 1729 1559 1764 exodo
1570 1730 1608 1765 ad
1629 1741 1780 1778 quartum
1791 1736 1846 1766 So·
1862 1729 1977 1796 {⁶3:223

1919 1787 1945 1805 x
1979 1784 1989 1790 .,

1867 1819 1898 1837 no
1910 1814 1954 1844 5⁶·

1091 1775 1230 1817 lomonis,
1253 1777 1329 1812 cum
1351 1778 1504 1815 totumid
1516 1789 1647 1827 ternpus
1667 1783 1848 1829 generatio-

1093 1827 1189 1861 nibus
1223 1828 1327 1863 tribus
1355 1838 1413 1861 aut
1449 1839 1589 1875 quatuor
1623 1832 1846 1877 compleatur:

1093 1878 1177 1911 Nam
1196 1878 1302 1924 primo
1321 1875 1468 1912 transitus
1479 1877 1596 1912 salmon
1609 1879 1700 1913 duxit
1717 1883 1749 1914 in
1762 1893 1847 1915 uxo-

1093 1940 1158 1961 rem
1170 1927 1455 1962 Hierichuntinam
1470 1925 1597 1964 Rachab‚
1607 1941 1643 1962 ex
1655 1927 1717 1976 quz'i
1727 1931 1844 1977 genuit

1093 1980 1178 2013 Boaz
1191 2001 1200 2016 ,
1222 1981 1306 2014 Boaz.
1321 1990 1359 2011 ex
1372 1976 1557 2011 Moabitide
1569 1974 1651 2011 Ruth
1664 1972 1844 2023 procreavit

1092 2024 1180 2060 Obed
1187 2040 1196 2066 3
1216 2040 1253 2061 ex
1264 2039 1330 2074 quo
1351 2026 1461 2060 David
1477 2040 1487 2060 .-
1521 2025 1543 2060 fi
1562 2024 1578 2060 ὲ
1597 2026 1845 2076 quadringentis

1090 2076 1263 2123 ostoginta
1271 2075 1426 2111 subducas
1435 2075 1648 2123 quadraginta
1655 2088 1761 2111 annos
1771 2089 1846 2113 ante

1089 2125 1255 2160 transitum
1267 2130 1299 2161 &
1316 2126 1447 2172 nuptias
1458 2121 1595 2162 Rachab,
1620 2127 1700 2159 item
1718 2125 1847 2173 septua-

1089 2176 1182 2222 ginta
1191 2187 1273 2222 quos
1286 2176 1368 2208 vixit
1380 2174 1504 2213 David,
1523 2177 1555 2207 δέ
1567 2185 1705 2222 quatuor
1716 2177 1842 2221 primos

1089 2226 1182 2270 regni
1192 2221 1428 2263 Solomonis,hoc
1439 2221 1604 2262 est,annos
1616 2233 1750 2258 centum
1763 2238 1844 2272 quas-

1089 2272 1289 2307 tuordecim:
1315 2270 1528 2306 remanebunt
1546 2271 1584 2307 de
1600 2271 1722 2308 summ&
1738 2276 1841 2320 priori

1089 2321 1182 2365 hujus
1193 2320 1335 2368 Epochae
1342 2332 1523 2356 tercentum
1535 2320 1702 2370 sexaginta
1710 2322 1762 2357 sex
1772 2349 1782 2362 ,
1794 2323 1843 2358 di-

1089 2370 1269 2406 stribuendi
1280 2373 1364 2406 inter
1375 2367 1505 2411 Rachah
1517 2375 1613 2411 Boua,
1623 2370 1712 2406 obed
1718 2375 1787 2416 &Is
1796 2373 1847 2407 ai:

1086 2433 1189 2468 neque
1205 2421 1239 2455 in
1250 2433 1364 2456 eorum
1376 2431 1480 2455 totam
1493 2421 1608 2460 vitam,
1630 2419 1680 2456 sed
1690 2432 1841 2468 tempora

1086 2470 1205 2518 quibus
1223 2471 1340 2506 liberos
1360 2468 1583 2517 procrezirunt.
1608 2469 1705 2516 Resp.
1734 2474 1839 2505 Vexat

1085 2520 1150 2555 haec
1168 2519 1354 2554 distributio
1376 2516 1630 2555 accuratissimos
1647 2519 1839 2554 Chronolo-
1881 2547 1888 2556 ,

1083 2581 1202 2618 gotum
1217 2583 1225 2603 :
1249 2571 1382 2617 quidam
1394 2596 1403 2609 ‚
1423 2580 1458 2602 ut
1475 2566 1676 2602 difficultates
1689 2569 1834 2608 evitent,

1084 2618 1154 2667 post
1175 2622 1321 2661 Lyranum
1342 2622 1376 2651 &
1395 2615 1540 2650 Rabbinos
1559 2627 1620 2650 tres
1641 2620 1726 2653 Boaz
1743 2629 1837 2651 com*

1083 2666 1311 2706 miniscuntur,
1341 2664 1394 2700 sed
1416 2678 1492 2700 cum
1515 2665 1602 2700 nulla
1622 2666 1710 2701 verbi
1732 2666 1834 2701 divini

1083 2713 1199 2750 umbrfi
1218 2715 1285 2750 haec
1304 2716 1483 2763 triplicatio·
1498 2716 1623 2749 nitatur
1635 2738 1645 2755 ,
1659 2717 1803 2762 rejicitur
1817 2715 1835 2749 εὶ

1083 2763 1252 2813 plerisque.

1083 2831 1087 2834 ·
1132 2815 1206 2860 Qi
1234 2812 1293 2848 alia
1312 2813 1436 2847 ratione
1464 2812 1590 2848 nodum
1601 2812 1752 2858 expedire
1773 2825 1832 2846 co-

1083 2874 1200 2897 nantur
1212 2887 1222 2899 ,
1241 2860 1432 2909 supponunt
1451 2863 1568 2897 Raclmb
1582 2861 1680 2908 qudm
1692 2860 1760 2894 fieri
1772 2875 1835 2908 po,-

1082 2915 1144 2947 tuit
1154 2911 1279 2945 mature
1290 2911 1430 2959 nupfiffe
1442 2938 1451 2950 ‚
1470 2915 1504 2945 &
1516 2910 1617 2956 quiun-
1634 2909 1702 2944 fieri
1722 2913 1833 2958 potuit

1081 2961 1173 2996 tarde
1196 2962 1362 3007 peperisse.
1397 2963 1433 2993 ln
1452 2960 1699 3006 expugnatione
1719 2964 1831 2996 Hieric-

1080 3013 1189 3046 chumis
1207 3011 1323 3044 mulier
1342 3007 1475 3044 seorsim
1497 3009 1514 3041 τὶ
1531 3009 1721 3055 parentibus
1739 3010 1832 3044 habi-
1859 3034 1862 3040 ψ
1904 3036 1908 3039 -

1082 3071 1153 3093 tans
1166 3063 1199 3093 δέ
1212 3058 1354 3092 advenas
1371 3057 1422 3093 suzi
1439 3057 1546 3091 domo
1564 3060 1724 3105 recipiens
1736 3068 1753 3100 ,·
1769 3060 1830 3093 ha·-

1081 3105 1180 3144 buiffe
1196 3110 1322 3142 videtur
1331 3120 1435 3142 annos
1447 3105 1620 3141 minimum
1631 3108 1780 3149 sedecim,
1793 3112 1829 3143 δε

1078 3170 1256 3206 antequam
1268 3158 1471 3192 caeremoniae
1484 3170 1614 3194 omnes,
1626 3158 1746 3204 quibus
1760 3160 1830 3192 Ca-

285 3213 395 3247 praeter
406 3204 678 3251 coslegamusscx
689 3207 876 3250 servitutes,
896 3220 1032 3257 quarum
1081 3207 1220 3243 nanitidi
1246 3209 1279 3242 in
1311 3206 1428 3242 Israelis
1446 3205 1828 3243 stemmatranseundum

1753 3255 1830 3298 fuit,
