2048 3343
136 1122 167 1147 Β
178 1119 249 1147 Hiero
256 1134 264 1141 ·

137 1162 212 1199 nymi.

134 3215 234 3243 Ycrtimn
242 3214 259 3244 ἢ

302 150 375 188 193
649 139 966 177 OPERIS

288 268 354 315 pelli
364 278 398 300 ac
409 265 551 301 Visaltoni
561 263 674 298 testem
685 261 842 309 Eusebium,
855 274 895 294 ne
905 258 1044 295 verbum

293 315 431 361 quidem
453 310 602 359 proferte
622 313 718 360 quod
737 312 880 359 ipsorum
902 307 982 344 thesi
995 307 1043 343 fa-

292 376 377 400 veat.
404 364 465 397 Sed
477 362 591 398 demus
611 362 753 408 Eusebium
772 373 809 393 ea
821 358 1046 407 prolocutum,

292 425 363 461 quae
380 414 413 446 in
425 411 577 459 corrupti}
598 408 747 444 versione
769 409 881 444 Latin&
899 419 1051 448 veterum·

294 461 499 509 quarundam
510 460 694 496 editionum
704 462 868 507 leguntur,
878 470 949 493 non
961 459 1046 491 mul-

294 523 364 545 tum
403 521 516 545 tamen
548 509 622 544 inde
660 513 822 546 VValtonus
854 507 1045 542 lucrabitur.

296 561 386 594 Nam
409 559 518 607 primo
545 558 625 593 nihil
649 557 714 606 ipse
734 559 860 604 Eusebius
882 553 1047 589 affirmat,

294 609 424 644 tantum
437 611 501 650 ait,
516 606 694 643 affirmatur
705 633 712 645 ,
739 607 794 640 sed
811 604 827 638 a
844 603 964 649 quibus
976 612 1045 636 non

297 659 389 693 dicit.
426 659 535 704 Qod
558 658 602 691 ait
619 655 770 691 affirmari
791 653 834 686 est
853 655 1046 698 geminum,

296 708 439 754 primum
451 733 459 748 ,
471 709 586 754 Esdram
600 704 786 738 memoriter
798 698 978 736 condidisti:
991 711 1046 734 to-

298 768 364 791 tam
376 759 574 804 Scripturam
596 756 671 787 Vet.
682 751 884 786 Testamenti
899 764 907 785 ι
932 750 1045 797 poste-

295 809 384 846 rius,
412 801 622 840 commutasse
648 813 724 835 eum
751 799 861 834 literas
879 798 1046 851 Judaicas.

295 855 395 889 Nulla
414 858 516 898 major
527 851 706 886 austeritas
723 849 782 885 effe
793 849 944 896 potestin
959 847 1045 881 afhr-

294 914 384 936 mato
395 902 564 949 posteriori
574 899 672 948 quam
685 900 799 948 priori.
822 898 898 945 Jam
908 897 985 932 vero
996 895 1044 930 af—

294 950 462 985 firmatum
477 952 565 998 prius
578 948 647 998 ipso
672 949 785 997 Capella
799 948 879 982 teile
890 947 935 981 est
945 945 1045 982 falsis⁹

292 1000 371 1035 fima
381 999 513 1043 fabula,
532 1012 569 1036 ex
590 1011 647 1041 14.
669 997 772 1034 Esdrae
786 996 1042 1045 Apocryphide-

293 1049 436 1098 sumpta.
553 1080 556 1082 .

343 1098 456 1147 Qod
478 1098 515 1133 ad
532 1099 754 1146 Hieronymum,
777 1095 888 1132 fateor
911 1108 988 1130 eum
1010 1096 1043 1129 in

293 1147 462 1184 contraria
483 1147 578 1183 nobis
603 1148 663 1182 effe
683 1146 854 1182 sententia.
898 1146 965 1182 Sed
992 1148 1044 1188 ajo

292 1198 400 1247 primo
425 1211 541 1246 parum
567 1195 629 1231 esse
653 1198 858 1232 auetoritatis
882 1197 917 1229 in
945 1197 1044 1243 patris

293 1251 388 1283 unius
400 1246 612 1292 cujuscunque
623 1245 779 1281 sententiss
789 1272 798 1287 ‚
819 1245 841 1279 fi
855 1259 916 1291 pro
930 1245 966 1282 ea
976 1242 1042 1292 ipse

291 1296 376 1331 solus
389 1297 458 1336 stet,
472 1300 506 1331 δε
521 1294 605 1330 nullst
614 1298 738 1330 ratione
749 1294 837 1329 suam
849 1294 1042 1330 sententiam

290 1347 482 1381 statuminet
493 1371 502 1386 ‚
516 1345 569 1379 hic
586 1344 664 1379 veto
681 1345 740 1379 stat
752 1347 933 1396 Hieronymus
945 1343 1044 1380 solus.

292 1397 397 1443 Qod
407 1395 448 1429 ad
460 1397 563 1430 sedam
573 1397 629 1442 qui
639 1407 713 1430 eum
726 1393 885 1441 sequitur,
898 1407 965 1429 tam
979 1402 1042 1430 Ca-

286 1448 373 1493 pellm
383 1457 484 1491 quam
504 1447 686 1485 VValtonus,
707 1444 955 1492 nihilponderis
966 1455 1042 1478 eum

290 1497 458 1538 Hieronymo
494 1495 611 1529 addere
645 1492 856 1542 profitentur.
893 1493 1044 1529 Affirmat

289 1546 476 1593 Hieronymus
491 1568 501 1583 ‚
533 1550 644 1580 Ezram
670 1545 749 1578 alias
769 1542 878 1591 literas
896 1541 1043 1592 reperisse

288 1590 409 1640 quibus
423 1592 530 1638 Judaei
552 1590 660 1639 postea
677 1591 720 1626 usi
734 1591 807 1626 sunt
819 1616 829 1630 ,
854 1596 886 1627 &
906 1594 940 1628 in
957 1594 1043 1628 anti-

288 1643 362 1689 quis
376 1641 475 1676 literis
486 1640 706 1676 Hebraeorum
722 1668 731 1682 ,
764 1641 886 1688 quibus
901 1643 1043 1678 Samari-

288 1692 355 1724 tani
377 1689 476 1726 hodie
500 1702 661 1732 utuntur,
687 1692 836 1725 ultimam
855 1689 1044 1727 thancrucis

289 1739 538 1775 similitudinem
552 1740 681 1776 habere.
711 1740 820 1784 Quod
838 1740 892 1775 hic
903 1744 1040 1787 Hierony·²

290 1801 352 1824 mus
363 1789 444 1824 dicit
455 1789 514 1825 effe
531 1801 658 1825 certum
672 1814 681 1830 ‚
700 1789 785 1825 nulli}
794 1803 902 1836 neque
913 1793 1041 1826 ratione

291 1850 400 1884 neque
417 1841 611 1874 auctoritate
624 1839 756 1888 probat.
795 1840 900 1880 Quod
928 1852 996 1875 tam
1013 1843 1041 1875 ei

291 1887 391 1933 quam
412 1889 520 1933 Eusebio
545 1891 706 1924 centurias
741 1900 890 1923 errorum
916 1890 1043 1938 Scaliger

290 1936 694 1973 &waltonianaesentcmiae
706 1939 876 1985 primarius
886 1951 1043 1986 patronus

291 1987 325 2019 in
337 1985 398 2020 suis
411 1992 498 2020 notis
509 1987 552 2020 ad
566 1987 767 2022 Chronicon
786 1986 924 2022 ascribat
937 2015 947 2031 ‚
973 1989 1043 2023 satis

291 2037 386 2069 novit
406 2043 430 2071 V
436 2037 571 2072 Valtonus
587 2053 597 2076 ς
620 2035 672 2071 hic
689 2035 768 2071 vero
794 2048 859 2072 tam
879 2041 1043 2075 VValtonus

291 2084 389 2131 quam
404 2087 530 2132 capellus
550 2085 689 2132 duplicis
708 2088 829 2121 erroris
850 2099 927 2121 eum
947 2101 1042 2123 coar-

293 2145 415 2180 guent,
443 2145 559 2169 neuter
570 2137 658 2168 enim
672 2135 741 2170 vult
756 2135 798 2169 ab
810 2144 884 2173 Ezra
892 2141 1043 2172 inventas

292 2192 348 2215 aut
359 2192 503 2229 repertas
511 2195 565 2217 eas
576 2183 684 2218 literas
696 2208 705 2224 ,
724 2184 845 2230 quibus
857 2186 958 2221 hodie
972 2189 1042 2221 He-

290 2230 531 2272 braeiutuntur,
551 2230 687 2265 sedistas
706 2244 845 2279 uterque
866 2235 1043 2279 profitetur

291 2279 485 2314 Chaldaicas
497 2304 506 2320 ,
530 2291 600 2327 quae
610 2281 741 2326 aliquot
757 2293 922 2315 annorum
941 2282 1043 2315 milli-

291 2325 353 2362 bus
365 2340 498 2374 repertae
510 2327 663 2363 suntant'e
681 2339 796 2362 natum
808 2329 922 2377 Esdram
937 2354 947 2368 ,
962 2330 1043 2376 ejus-

290 2389 355 2422 que
368 2376 512 2412 diebusa
523 2377 827 2426 vulgoJudaeorum
840 2391 908 2413 tam
919 2406 927 2418 ,
944 2379 1042 2426 quam

290 2426 441 2471 linguam
469 2425 708 2461 Chaldaeorum
739 2427 846 2474 probe
875 2432 1039 2477 cognitas.

289 2475 423 2509 Deinde
440 2475 547 2510 multo
564 2475 761 2511 falfiffimum
775 2478 820 2511 est
832 2503 842 2518 ,
867 2477 887 2512 fi
900 2481 1042 2526 Scaligero

289 2525 475 2561 credimus,
501 2526 535 2558 in
548 2527 650 2560 literis
660 2527 871 2561 samaritanis
890 2529 1041 2562 ultimam

292 2572 412 2608 habere
431 2573 528 2609 ullam
541 2573 784 2609 similitudinem
803 2578 927 2617 crucis,
953 2577 1042 2612 reete:

290 2621 355 2656 hoc
380 2620 565 2658 affirmafl'et
586 2627 768 2674 Hieronymus
789 2625 829 2660 de
851 2625 1043 2673 Alphabeto

293 2672 499 2720 AEthiopico,
513 2685 614 2718 prout
633 2674 666 2705 in
683 2676 839 2714 VValtoni,
854 2678 884 2708 δι
898 2675 1040 2709 aliorum

292 2722 375 2767 typis
399 2721 668 2769 Alphabetotum
697 2722 920 2756 Orientalium
941 2735 1042 2771 appa-

292 2780 359 2808 ret,
384 2769 438 2805 sed
459 2773 498 2806 de
516 2772 720 2805 Samaritano
741 2771 785 2804 est
802 2772 891 2806 valde
904 2769 1017 2806 falsum
1032 2797 1041 2813 ‚

293 2828 329 2850 ut
355 2819 465 2863 postea
492 2819 675 2868 apparebit.
722 2821 880 2868 Denique
905 2822 1038 2856 unicum

294 2867 564 2915 Hieronymianae
592 2869 756 2904 senteutiae
781 2870 1038 2905 fundamentum

291 2914 401 2961 Eusebio
415 2931 544 2953 remoto
557 2945 565 2958 ,
585 2917 636 2953 vel
646 2920 743 2953 etiam
758 2919 864 2963 Eusebio
875 2919 975 2954 stante
988 2919 1039 2954 fa.

291 2974 376 2999 tetur
394 2968 522 3015 capellus
537 2970 617 3015 poni
636 2969 670 3000 in
690 2968 882 3002 testimonio
903 2969 1038 3015 Judaeo-

292 3023 363 3046 rum
380 3028 387 3047 :
418 3017 465 3050 his
485 3016 564 3051 vero
582 3028 616 3052 ut
627 3017 821 3051 hominibus
833 3017 1038 3053 mendaciffi-

292 3061 351 3113 rpis
376 3075 511 3098 omnem
546 3065 649 3102 fidem
677 3066 818 3101 maxime
843 3069 875 3100 in
903 3068 1038 3114 praesen-

290 3118 314 3141 ti
341 3121 533 3155 argumento
567 3115 754 3163 negandum
789 3120 919 3164 capellus
951 3116 1037 3151 affir-

294 3169 325 3190 ni
334 3168 376 3193 at.

338 3205 563 3245 Nihilominus
576 3221 686 3249 tamen
696 3227 734 3250 ex
752 3217 864 3262 capello
878 3221 900 3253 V
906 3216 1038 3252 Valtonus

1030 134 1509 174 Hrs’ronrcr

294 219 339 252 Ex
349 214 433 249 hisce
452 223 541 262 patet
559 213 703 260 primum
725 215 759 247 δε
775 211 968 260 primarium
983 216 1045 243 Ca-
1062 220 1068 250 ι
1093 219 1153 255 pro
1165 209 1264 242 tertio
1279 207 1340 243 suae
1352 207 1519 245 sententiae
1529 209 1767 256 fundamento,
1797 213 1848 249 af-
1865 213 1991 254 Rabbinis.

1092 258 1156 293 fert
1173 259 1329 304 antiquos
1342 262 1375 293 &
1387 271 1534 303 recentes
1546 261 1738 306 Rabbinos,
1750 266 1849 299 nimi-

1094 320 1167 341 rum
1180 307 1289 342 Rabbi
1303 310 1440 356 Chasda,
1456 308 1568 344 Rabbi
1585 314 1639 355 lose
1651 335 1660 348 ‚
1678 314 1789 348 Rabbi
1799 323 1848 351 10-

1092 356 1154 402 seph
1174 358 1238 391 albo
1261 361 1295 391 ὃ(
1320 358 1411 392 alios.
1445 359 1542 407 Resp.
1581 360 1718 399 Nullum
1741 375 1849 411 neque

1098 408 1261 441 VValtonus
1272 417 1379 452 neque
1395 412 1523 455 capellus
1534 408 1626 445 affert
1638 411 1849 454 Rabbinum,

1099 452 1157 486 uisi
1169 466 1269 500 quem
1280 458 1441 502 Buxtorfius
1451 458 1526 505 ipsis
1542 461 1576 492 in
1589 472 1661 494 man
1668 473 1703 494 us
1717 460 1826 508 posuit
1836 488 1845 501 ‚

1098 505 1132 537 δε
1150 503 1193 537 ad
1216 515 1358 549 quorum
1380 506 1570 542 testimonia
1595 508 1711 544 solidas
1736 511 1846 545 attulit

1095 551 1339 599 responsiones,
1355 556 1490 602 quasilli
1501 556 1697 596 diffimulant
1708 583 1718 600 ,
1733 558 1846 595 saltem

1095 602 1236 635 intactas
1248 603 1442 638 transiliunt.

1145 650 1254 694 Quod
1272 651 1311 685 ad
1324 654 1468 699 primum
1480 653 1594 689 Rabbi
1608 656 1754 704 Chasdam
1770 683 1778 696 ‚
1806 670 1846 691 ο-
1861 663 1944 703 Rabbi

1095 699 1210 734 stendit
1232 702 1394 747 Buxtorfius
1412 715 1486 737 eum
1506 716 1567 751 pto
1589 706 1753 742 contraria
1764 707 1846 743 state
1864 705 1971 742 Chasda,

1095 748 1254 784 sententia
1264 775 1274 792 ,
1292 763 1332 784 eo
1344 751 1439 798 quod
1451 752 1567 788 doceat
1581 756 1616 789 in
1628 755 1749 792 tabulis
1767 757 1848 791 Mo-

1095 798 1186 833 saicis
1198 799 1312 846 scripta
1321 799 1338 835 a
1348 803 1424 836 Deo
1436 808 1556 839 Mem&
1566 809 1688 842 Samech
1698 808 1732 840 in
1745 805 1850 854 figura

1096 846 1201 880 clausis
1216 861 1224 880 :
1257 849 1290 881 in
1312 851 1475 897 Scriptura
1501 864 1612 887 autem
1640 855 1826 891 Samariticfi
1835 881 1848 898 ‚

1096 908 1206 942 neque
1217 902 1294 931 Mem
1304 909 1412 944 neque
1422 905 1543 937 samech
1551 902 1688 950 figuram
1698 918 1847 952 unquam

1096 945 1280 979 habuerunt
1292 947 1430 981 clausam
1445 960 1453 984 ε
1478 951 1590 996 itaque
1600 966 1636 987 ex
1647 953 1744 1000 hujus
1753 954 1849 989 Rab-

1097 994 1164 1028 bini
1179 1006 1310 1037 mente,
1340 997 1421 1044 legis
1441 996 1558 1033 tabulae
1578 1012 1646 1036 non
1667 1015 1846 1049 potuerunt

1096 1043 1299 1078 scribiliteris
1312 1046 1541 1089 Samaritanis‚
1567 1062 1622 1084 cui·
1641 1052 1684 1086 ad
1703 1052 1757 1086 ista
1767 1052 1846 1088 'tarn

1097 1097 1226 1140 capellus
1234 1092 1330 1140 quam
1347 1099 1512 1132 VValtonus
1527 1101 1714 1136 mutisunt?
1741 1103 1847 1137 Dein-

1095 1143 1135 1178 de
1151 1145 1230 1178 dicit
1241 1146 1401 1190 Buxtorfius
1411 1144 1602 1182 sententiam
1614 1151 1736 1198 Chasdae
1750 1151 1846 1186 ascri-

1094 1204 1184 1239 ptam
1205 1192 1368 1228 destrucre
1388 1192 1526 1242 seipsam
1540 1224 1550 1240 ,
1582 1211 1696 1247 ‘neque
1723 1200 1811 1249 posse
1828 1201 1847 1235 ὲ

1093 1254 1262 1290 quoquam
1277 1242 1412 1279 defendi
1430 1270 1440 1286 ,
1469 1248 1625 1282 nimirum
1653 1249 1764 1284 datam
1783 1253 1845 1298 Ju-

1093 1292 1169 1326 daeis
1189 1293 1391 1339 Scripturam
1412 1294 1619 1342 Ass'yriacam,
1634 1302 1668 1332 &
1680 1300 1844 1348 Linguam

1094 1343 1279 1377 Aramaeam
1292 1342 1412 1378 diebus
1429 1352 1506 1382 Ezrae
1517 1370 1525 1383 ,
1543 1346 1748 1395 ele6lamque
1760 1348 1853 1398 aJu-'

1093 1391 1169 1426 daeis
1186 1393 1350 1439 Linguam
1369 1395 1525 1429 Sauc'ltam
1540 1420 1557 1436 .‚
1594 1409 1627 1431 ac
1644 1400 1844 1445 Scripturam

1094 1439 1288 1486 Assyriacam
1299 1467 1309 1483 ,
1324 1446 1359 1476 &
1371 1443 1519 1478 relicatam
1533 1445 1678 1481 Cuthaeis
1691 1449 1845 1497 Scriptu-

1091 1502 1158 1524 ram
1183 1489 1361 1525 Hebraeam
1399 1496 1433 1526 δε
1459 1495 1624 1542 Linguam
1646 1497 1846 1534 Aramaeam.

1090 1541 1211 1575 Nullus
1230 1543 1245 1583 (
1256 1541 1534 1588 iuquitantorfius
1542 1546 1556 1585 )
1576 1555 1723 1591 unquam
1738 1546 1847 1582 voluit

1090 1589 1240 1624 felicita-“m
1268 1589 1416 1625 Cuthaeis
1446 1593 1609 1640 Linguam
1644 1596 1823 1629 Atamaeam
1837 1620 1850 1633 ‚

1091 1636 1168 1673 cum
1186 1637 1242 1684 ipfi
1255 1637 1378 1687 semper
1388 1640 1494 1688 legem
1505 1642 1684 1688 scripserint
1695 1643 1850 1691 ipfiffima

1091 1687 1221 1736 Lingua
1254 1688 1405 1724 Hebraea.
1443 1686 1639 1738 Respondet
1680 1696 1846 1730 Waleonus

1089 1738 1205 1779 diebus
1223 1743 1299 1775 Ezrae
1318 1741 1445 1773 multos
1465 1739 1660 1787 Judaeorum
1679 1754 1746 1777 non
1767 1755 1847 1778 tan-

1091 1787 1276 1823 tumlitetis
1290 1786 1498 1830 Chaldaicis,
1524 1789 1579 1826 scd
1595 1792 1718 1840 Lingua
1737 1792 1848 1828 Chal-

1092 1836 1182 1873 daicz'i
1197 1835 1412 1884 scripsissesua
1422 1838 1546 1881 nimia,
1572 1853 1714 1888 quorum
1726 1845 1846 1878 omnia.

1090 1887 1284 1935 exemplaria
1303 1893 1393 1924 13er
1414 1887 1570 1924 abolevit.
1596 1890 1745 1938 Replica.
1774 1894 1844 1926 Ni-

1091 1936 1136 1972 hil
1149 1936 1215 1971 haec
1231 1935 1401 1984 responsio
1419 1937 1460 1972 ad
1477 1950 1545 1972 rem
1560 1962 1570 1978 ‚
1593 1950 1670 1973 nam
1682 1941 1845 1987 Buxtorfius

1093 1998 1164 2021 non
1176 1987 1217 2020 de
1228 1985 1365 2032 Judaeis‚
1391 1985 1446 2021 sed
1459 1987 1500 2022 de
1511 1990 1718 2023 Samaritanis
1731 1991 1847 2036 loqui·

1092 2048 1164 2077 tur,
1179 2039 1236 2083 qui
1247 2034 1352 2082 legem
1365 2048 1432 2072 non
1447 2036 1625 2072 Chaldaicfi
1634 2038 1774 2084 Lingu3‚
1789 2037 1845 2073 sed

1092 2084 1232 2121 Hebraez‘i
1253 2085 1448 2132 descriptam
1473 2084 1648 2122 habebant.
1683 2086 1846 2122 Praeterea.

1090 2135 1185 2183 quod
1206 2133 1298 2169 affert
1325 2137 1489 2172 VValtonus
1519 2136 1561 2170 de
1585 2136 1698 2171 Bibliis
1723 2134 1844 2169 diebus

1091 2193 1172 2223 Ezrae
1184 2184 1409 2232 apudJudaeos
1427 2183 1539 2229 lingua
1553 2183 1846 2218 Chaldaic5.1ner2

1092 2235 1136 2268 est
1163 2232 1230 2266 fine
1253 2232 1348 2265 omni
1381 2231 1600 2265 fundamento
1631 2234 1845 2277 conjec‘kura,

1091 2282 1164 2328 quis
1172 2281 1258 2313 enirn
1271 2290 1347 2313 ante
1356 2278 1560 2327 paraphrases
1572 2279 1770 2316 Chaldaicas
1781 2282 1846 2315 ho-

1091 2331 1142 2365 die
1154 2338 1299 2363 extantes
1311 2340 1459 2374 unquam
1476 2327 1649 2365 somniavit
1659 2332 1698 2367 de
1709 2329 1778 2366 aliis
1790 2333 1849 2365 Bi-

1094 2378 1166 2413 bliis
1180 2376 1380 2411 Chaldaicis.

1140 2425 1247 2472 Quod
1270 2425 1311 2460 ad
1331 2424 1508 2462 secundum
1530 2431 1683 2464 VValtom'
1710 2430 1840 2466 Rabbi·
1863 2442 1943 2485 bei
1953 2444 1992 2474 10.

1093 2489 1174 2510 num
1189 2474 1303 2510 Rabbi
1313 2476 1414 2522 Ioshen
1425 2479 1458 2511 in
1470 2479 1621 2514 Talmud
1633 2479 1841 2526 Babylonico
1857 2485 1895 2521 se.

1093 2526 1191 2560 titulo
1209 2524 1381 2560 Sanedrim
1403 2539 1476 2573 cap.
1497 2541 1528 2564 2.
1553 2526 1769 2563 affirmantem
1787 2542 1844 2576 per

1092 2581 1201 2612 Ezram
1217 2585 1378 2609 mutatam
1397 2577 1600 2622 Scripturam
1617 2578 1698 2624 legis
1711 2579 1743 2611 in
1756 2578 1845 2625 Ass'y-

1091 2627 1211 2660 riacam
1223 2648 1233 2662 ‚
1259 2636 1329 2671 quae
1345 2636 1417 2658 cum
1431 2624 1506 2672 ipsis
1516 2624 1661 2674 aseendit
1678 2639 1714 2660 cx
1727 2627 1840 2663 Babel.

1093 2670 1189 2720 Resp'.
1228 2674 1378 2706 Noverat
1402 2672 1474 2707 satis
1498 2677 1677 2720 lfiKaItonus
1702 2678 1843 2722 Buxtorfiz'

1091 2722 1302 2769 exceptiones
1314 2732 1428 2756 contra
1438 2722 1749 2767 hoc-testimonium:
1762 2728 1842 2771 quin

1089 2782 1231 2805 conatus
1247 2771 1291 2805 cst
1311 2784 1363 2806 eas
1381 2772 1496 2806 tollere
1513 2776 1543 2807 ἓχ
1562 2775 1651 2807 Dicit
1677 2774 1839 2817 Buxtorfius

1089 2821 1106 2854 ἐ
1126 2819 1303 2855 Talmudis
1323 2819 1402 2855 loco
1418 2821 1669 2868 disputationem
1681 2821 1740 2856 esse
1757 2824 1841 2857 inter

1089 2871 1261 2904 Douores
1286 2869 1446 2903 Misnicos
1457 2871 1498 2904 de
1516 2871 1713 2915 antiquitate
1729 2870 1842 2906 litera‹

1089 2932 1162 2953 rum
1185 2919 1445 2958 Hebraicarum,
1463 2922 1498 2952 &
1517 2920 1625 2965 primo
1644 2918 1838 2955 sententiam

1089 2968 1195 3001 dicere
1206 2965 1316 3002 Rab‘bi
1327 2969 1427 3013 loshen
1439 2979 1501 3013 pro
1517 2969 1661 3002 novitate
1672 2970 1837 3007 literarum

1089 3014 1326 3051 Hebraicarum
1340 3040 1349 3053 ‚
1376 3013 1467 3061 quafi
1479 3014 1519 3049 ab
1529 3020 1838 3059 Ezrainventarum.

1088 3070 1123 3100 <Sc
1141 3066 1339 3111 antiquitate
1359 3063 1523 3098 literatum
1540 3068 1814 3102 Samaritanorum
1827 3094 1839 3108 ,

1087 3113 1177 3160 quafi
1197 3116 1230 3147 in
1249 3114 1287 3146 iis
1307 3112 1387 3158 legis
1405 3114 1523 3148 tabulae
1548 3119 1690 3162 primum
1710 3117 1835 3164 scripta:

1085 3161 1225 3198 fuissent.
1258 3164 1386 3196 Contra
1405 3162 1490 3197 hunc
1507 3165 1706 3200 inducuntur
1722 3165 1833 3200 Rabbi

1085 3213 1358 3254 ieimdaSanetus,
1388 3211 1501 3248 Rabbi
1520 3216 1650 3256 Simeon,
1673 3218 1707 3249 &
1726 3214 1832 3249 Rabbi

1752 3263 1834 3297 Elea-
