2048 3343
124 2815 217 2841 Contra

125 2854 222 2891 Brigltt-

127 2904 240 2923 mannum

125 2945 250 2973 argumen-

291 119 369 157 266
637 109 1046 152 optumati

286 200 361 222 ante
387 183 534 233 Christum
563 192 681 216 natum
714 184 882 218 Romanis
914 180 1046 217 subditae

284 238 419 276 fuci-nn,
433 237 506 283 quis
519 235 735 279 antiquorum
748 233 883 268 testetur
894 231 1014 266 nescio.

335 287 492 333 Denique
503 296 539 317 ex
554 281 699 317 versibus
710 296 768 330 44.
782 286 816 316 ὃς
826 293 867 327 45
877 308 885 316 .
904 282 970 315 haec
982 279 1044 316 ob-

282 336 426 380 jicimus.
472 330 599 367 Primo.
625 333 696 366 Rex
709 334 747 367 de
760 345 828 378 quo
839 333 946 366 Daniel
970 356 980 372 ,
1006 331 1045 364 ab

285 388 432 431 AEgypto
443 381 570 418 avulsus
589 381 634 415 est
653 394 711 428 per
724 381 870 416 adversos
886 394 923 415 ex
937 381 1044 427 Aqui-

286 435 365 469 lone
378 437 411 468 &
425 433 564 466 Oriente
578 443 729 466 rumores
746 443 755 468 ε
785 434 907 466 Verum
923 430 989 463 hoc
1000 428 1044 462 est

285 483 329 516 de
344 484 479 517 Antiocho
492 493 560 515 non
574 482 702 517 Romanis
717 505 727 522 ‚
749 482 866 515 ultima
879 482 962 515 enim
977 482 1045 524 ejus

285 531 457 578 expeditio
472 531 544 578 post
557 530 681 565 tertiam
701 532 829 577 AEgypti
842 528 1044 563 invasionem

284 578 349 615 fuit
361 592 478 615 contra
492 582 648 615 Artaxiam
669 581 833 615 Armenium
854 580 887 610 in
901 576 1045 621 Aquilo-

285 642 342 671 ne,
355 634 387 664 &
401 631 592 664 orientales
603 626 725 663 Persas.
746 626 895 660 Romani
910 625 1044 669 quidem

285 680 320 712 in
333 682 423 725 Crassi
436 679 526 714 clade
537 690 660 725 magno
672 677 688 710 ἐι
698 676 823 708 Parthis
833 673 960 708 damno
973 673 1044 708 sunt

285 727 416 770 affecti,
435 729 490 763 sed
504 728 585 762 nihil
605 727 701 771 hujus
721 722 820 758 cladis
839 724 961 757 nuncio
975 734 1044 758 tur-

285 777 352 811 bati
365 803 374 818 ,
393 771 562 812 necetiam
581 785 652 808 tum
665 774 828 821 temporis
841 771 1059 808 hostilemin-

285 829 461 874 AEgypturn
477 825 596 872 pedem
609 822 797 857 intulerant.

333 874 500 910 Secundo.
519 875 591 908 Rex
604 872 645 907 de
657 884 724 920 quo
734 871 780 906 ibi
791 869 1044 912 Daniel‚sinistris

283 924 346 960 illis
367 923 559 958 rumoribus
586 932 784 956 commotus
811 932 935 969 magno
964 932 1041 954 cum

283 976 413 1022 impetu
433 975 608 1008 Orientem
627 975 662 1006 &
681 968 1041 1018 Aquiloneminvafit3

281 1025 390 1070 Atqui
417 1023 566 1058 Romani
594 1019 681 1055 nulla
704 1032 822 1054 contra
844 1019 987 1054 Parthos
1008 1020 1043 1053 in

283 1075 374 1118 Crassi
395 1073 577 1107 vindictam
596 1082 687 1104 arma
707 1080 975 1105 moveruntante
987 1081 1042 1103 na-

281 1133 353 1156 tum
376 1120 555 1156 Christum;
591 1122 708 1154 Antonii
727 1121 761 1153 in
775 1121 971 1153 Arineniim
984 1131 1040 1152 ex—

281 1169 447 1205 cursiones
474 1169 528 1205 sud
544 1169 662 1218 sponte
681 1168 773 1203 nullo
797 1169 1042 1203 Senatiisman-

280 1221 359 1254 dato
374 1219 524 1267 susceptae
542 1244 551 1257 ,
576 1223 611 1253 δε
629 1230 753 1266 magno
772 1230 847 1251 cum
860 1217 920 1252 suo
933 1216 1039 1252 socio-

279 1282 422 1312 rumque
433 1269 559 1305 damno
567 1268 813 1315 pera&ae‚parvi
822 1265 955 1302 fuerunt
967 1280 1041 1305 mo-

282 1331 396 1354 menti⁰

332 1366 457 1404 Tertio.
486 1369 559 1403 Rex
572 1367 614 1404 de
625 1367 750 1415 quoibi
767 1368 883 1405 Daniel,
895 1368 1042 1404 tentoria

281 1416 339 1453 sua
350 1417 421 1453 fixit
432 1420 464 1452 in
477 1418 651 1454 montibus
662 1421 815 1465 rudae‚jam
827 1418 904 1453 vero
918 1420 1040 1452 Antio-

282 1467 363 1502 chus
384 1467 465 1503 illud
484 1468 628 1514 praestitit
641 1493 651 1508 ‚
672 1481 743 1502 non
756 1478 867 1502 autem
880 1469 1042 1503 Romani.

281 1516 379 1551 Dum
399 1519 552 1552 Antiochus
573 1530 647 1551 cum
670 1517 810 1552 dimidio
823 1516 1041 1552 suiexercitsts

281 1568 342 1600 iret
355 1568 388 1600 in
401 1565 552 1604 Perliam,
564 1565 762 1601 Praefeelturn
774 1565 865 1600 suum
879 1568 978 1615 Syriae
986 1575 1042 1611 Ly-

276 1618 350 1662 fiam
365 1628 441 1650 cum
461 1615 531 1650 filio
550 1623 686 1663 Eupatore
709 1619 744 1650 &
763 1617 866 1650 altero
877 1616 1039 1652 exercitfis

281 1666 425 1701 dimidio
439 1667 568 1714 ingenti
587 1666 729 1700 militum
748 1677 888 1700 numero
910 1666 1037 1700 misitin

279 1715 438 1764 Judaeam.
475 1714 625 1764 Lffiasshic
637 1717 769 1750 antiochi
788 1717 875 1763 regia
885 1716 1039 1749 taberna-

280 1768 354 1800 cula
372 1764 440 1799 fixit
469 1766 667 1799 Emmaunte
678 1766 711 1800 in
726 1765 898 1799 montibus
916 1764 1039 1813 Judaeae

279 1826 351 1848 non
371 1815 491 1861 procul
506 1814 768 1862 Hierosolymis,
786 1815 870 1848 inter
883 1813 954 1848 duo
967 1827 1037 1848 ma-

279 1865 326 1897 ria
338 1864 621 1898 Mediterraneum
644 1868 678 1899 &
698 1864 875 1899 Mortuum
888 1889 896 1902 ‚
918 1862 1038 1898 utlibri

280 1914 506 1948 Mrzccabaormn
516 1917 550 1947 &
563 1915 685 1959 Iosephus
696 1914 862 1947 testantur.
892 1912 954 1946 Ista
965 1914 1038 1948 Ro—

279 1964 386 1996 manis
396 1974 464 1996 non
474 1963 568 1996 aliter
581 1961 732 1996 attribuit
748 1965 886 1998 calvinus
905 1988 913 2002 ,
938 1963 1037 2008 quam

280 2011 450 2046 afferendo
475 2024 588 2046 corum
609 2013 814 2046 Dominium
841 2016 876 2046 δε
895 2014 1039 2046 tentoria
1059 2035 1061 2039 ν

278 2059 368 2094 fixad
381 2061 461 2094 mari
474 2061 602 2094 Euxino
615 2058 716 2108 usque
728 2061 768 2095 ad
782 2060 947 2096 Perlicum
961 2087 970 2102 ‚
983 2065 1039 2096 AE-

278 2112 466 2156 gyptiacum
486 2114 520 2145 δε
542 2110 696 2144 Rubrum
709 2136 716 2144 .
754 2114 876 2145 Verum
891 2110 954 2145 hoc
968 2123 1038 2145 non

278 2159 325 2192 est
337 2158 437 2206 figere
449 2161 590 2193 tentoria
601 2161 634 2192 in
647 2172 760 2194 monte
774 2160 904 2194 decoris
915 2160 1040 2198 saneto,

278 2207 333 2241 seu
346 2209 378 2240 in
392 2207 594 2252 Judaeainter
607 2209 673 2242 duo
686 2211 796 2243 maria.

330 2258 494 2303 Denique.
526 2257 597 2290 Rex
609 2256 650 2290 de
661 2257 787 2302 quoibi
801 2259 909 2290 Daniel
924 2282 932 2294 ‚
955 2258 1036 2290 dum

282 2315 432 2352 pergeret
444 2304 551 2339 versus
566 2305 771 2351 Aquilonem
796 2308 829 2338 ὃς
843 2306 1035 2343 Orientem,

279 2354 486 2400 haberetque
507 2355 604 2387 etiam
626 2352 749 2388 interea
760 2352 1037 2399 temporisinJu-

280 2405 348 2438 daea
361 2403 537 2436 exercitum
549 2404 693 2450 regalem
707 2428 716 2442 ‚
730 2403 839 2437 divina
852 2414 951 2435 manu
964 2414 1037 2448 per-

279 2451 384 2487 culsus
395 2454 438 2486 ita
448 2450 521 2491 fuit,
534 2449 905 2487 utinnllfieihominum
916 2453 947 2484 vi
959 2452 1035 2498 opi-

279 2505 375 2537 tulari
399 2501 547 2540 valente,
566 2499 852 2536 misereinterierit
880 2515 888 2535 :
915 2500 981 2535 hoc
994 2500 1035 2534 de

278 2554 417 2586 „Antiocho
428 2562 539 2585 verum
553 2562 671 2584 omnes
681 2550 862 2591 norunt,de
872 2550 1036 2584 Romanis

279 2600 357 2636 vero
377 2599 498 2635 nullus.
534 2599 647 2634 Obvia
659 2600 726 2634 haec
740 2599 811 2633 sunt
824 2623 833 2636 ,
852 2604 885 2634 &
905 2610 956 2634 tot
978 2599 1037 2632 alia

282 2662 397 2685 contra
410 2652 567 2685 Calvinum
578 2646 773 2696 argumenta
782 2674 792 2689 ,
808 2660 844 2682 nt
854 2661 976 2695 paucos
986 2648 1036 2682 hic

282 2699 335 2735 ille
352 2724 361 2737 ‚
386 2699 409 2734 sl
427 2698 531 2736 ullos,
552 2697 614 2731 suae
633 2698 799 2732 sententia:
817 2696 1034 2743 sequacesha—

284 2748 370 2786 beat.

329 2799 479 2842 Sequitur
489 2798 589 2832 tertio
599 2799 678 2832 loco
687 2798 920 2843 Briglmnanmis,
932 2805 1037 2830 §miz-

283 2847 370 2891 {51²2ko
383 2847 432 2882 hic
447 2847 647 2893 Coryphaeus
659 2872 669 2887 ,
692 2845 790 2892 aquo
802 2848 906 2879 caeten'
920 2848 1039 2893 prima-

283 2898 326 2930 ria
339 2898 390 2930 sua
401 2908 594 2944 argumenta
604 2908 721 2931 contra
734 2907 950 2929 communem
967 2894 1040 2929 sen-

283 2948 415 2980 tentiam
431 2957 634 2982 mutuantur:
647 2947 713 2979 Hic
726 2943 859 2978 versusa
870 2944 1039 2992 trigesimo

284 2993 370 3028 sexto
391 2996 433 3029 ad
454 2993 741 3043 quadragefimum
763 3006 838 3028 cum
850 2996 1036 3029 Calvinoin-

287 3055 479 3089 terpretatur
491 3045 532 3079 de
542 3051 674 3080 Romam}
685 3069 693 3085 ‚
715 3043 769 3078 sed
782 3042 871 3078 sensu
881 3042 977 3091 longe
991 3045 1038 3076 di-

281 3091 372 3126 verso
385 3104 517 3138 tamque
530 3095 664 3129 detorto
679 3098 712 3129 δε
725 3092 929 3140 singulati‚ut
941 3091 1037 3140 ipsius

277 3138 422 3186 discipuli
435 3141 591 3177 lia-&tenus
605 3157 676 3178 eum
692 3155 762 3177 non
774 3144 966 3189 sequantur,
981 3156 1035 3176 ve·

278 3190 352 3226 rum
363 3189 382 3224 εὶ
395 3187 486 3226 versu
499 3192 754 3241 quadragesimo
777 3192 821 3227 ad
841 3191 947 3227 finem
962 3194 1033 3228 Cal-

1078 119 1479 160 ISTORr-CI

1070 180 1188 216 ‘vinum
1200 179 1318 215 deserit
1331 205 1339 221 ,
1355 185 1390 216 &
1403 194 1460 229 per
1471 183 1597 231 Regem
1611 184 1714 222 Austri
1732 186 1848 222 intelli·

1088 231 1135 277 git
1148 238 1300 265 Saracenos
1311 256 1320 271 ,
1342 235 1375 265 δε
1390 244 1448 278 per
1467 233 1594 279 Regem
1605 237 1847 282 Septentrionis

1089 288 1193 315 Ttircas
1204 306 1213 320 ‚
1234 292 1322 326 quos
1333 279 1481 326 ziJndaeis
1494 282 1629 316 tandem
1642 286 1674 317 in
1687 288 1848 320 tet—raca-

1089 341 1170 363 naan
1183 329 1330 364 deletum
1348 331 1387 363 iri
1399 333 1613 378 pronunciare
1630 331 1682 367 hic
1697 338 1844 370 Danielem

1088 377 1276 413 arbitratur.

1138 428 1269 460 Contra
1288 427 1531 475 Brightmanmnn
1550 429 1703 478 pleraque
1715 431 1844 468 faciunt

1088 487 1159 520 quae
1172 486 1290 509 contra
1311 480 1466 514 Calvinum
1478 479 1648 515 attulimus
1668 498 1680 526 3
1707 483 1758 517 sed
1777 482 1846 516 baet:

1088 522 1219 571 insuper
1238 537 1355 560 contra
1375 540 1450 562 enm
1470 528 1642 576 singularia
1668 530 1845 569 afferimus.

1090 574 1189 609 Versu
1209 579 1263 620 36.
1293 576 1419 622 Regem
1435 577 1465 611 se
1478 577 1673 613 exaltantem
1694 580 1789 627 supra
1805 594 1847 615 0-

1088 634 1181 658 mnes
1203 624 1297 658 Deos
1319 625 1553 673 interpretatur
1573 628 1613 662 de
1631 629 1798 664 Romanis
1812 630 1845 665 se

1087 672 1309 708 exaltantibus
1329 674 1422 722 supra
1441 676 1550 723 Reges
1569 680 1604 711 &
1619 677 1844 726 Magistratus.

1090 723 1320 757 Concedimus
1341 725 1542 771 Scripturam
1561 725 1739 774 aliquando
1753 729 1847 763 Deos

1090 770 1132 806 de
1145 771 1586 822 Magistratibus‘intelligere
1609 804 1620 819 ,
1645 776 1698 811 sed
1718 789 1849 824 nequa-

1088 832 1188 866 quam
1207 822 1273 856 hoe
1294 825 1372 857 loco
1389 849 1400 864 ‚
1425 823 1489 871 ipse
1509 826 1599 858 enim
1620 829 1847 873 Brightniannus

1087 870 1177 916 quod
1191 870 1222 903 in
1235 883 1277 904 eo
1290 873 1380 906 versu
1394 872 1538 919 sequitur
1549 874 1590 908 de
1605 876 1681 909 Deo
1693 877 1847 911 Deorum

1088 920 1294 966 interpretati
1306 922 1435 968 cogitur
1448 923 1486 956 de
1499 923 1573 956 Deo
1586 924 1709 959 coelesti
1725 939 1733 959 :
1756 927 1846 974 Ergo

1088 969 1130 1004 de
1149 968 1269 1003 eodem
1285 972 1398 1004 &non
1422 970 1460 1005 de
1479 971 1683 1007 terrestribus
1704 976 1775 1008 Diis
1793 978 1848 1010 lo-

1088 1029 1234 1065 quuntur
1252 1018 1351 1054 verba
1376 1020 1572 1054 immediate
1599 1022 1846 1060 antecedentia.

1087 1066 1242 1103 Praeterea
1254 1067 1363 1103 uonse
1376 1080 1445 1103 tum
1458 1072 1614 1117 temporis
1625 1082 1685 1105 nec
1695 1084 1846 1118 unquam

1088 1119 1233 1153 Romani
1254 1117 1456 1153 extollebant
1474 1119 1570 1167 supra
1594 1132 1712 1155 omnes
1733 1123 1848 1172 Reges

1088 1168 1220 1206 mundi,
1237 1166 1288 1202 sed
1302 1166 1431 1202 tantum
1448 1168 1541 1216 supra
1554 1169 1679 1217 aliquot
1691 1172 1816 1206 vicinos
1828 1172 1847 1207 ἶι

1062 1225 1064 1241 ¹1
1086 1216 1116 1252 se
1135 1215 1286 1251 subatstos
1300 1242 1309 1258 ‚
1329 1219 1386 1264 qui
1406 1218 1446 1252 ad
1459 1218 1604 1265 reliquos
1619 1231 1709 1254 terrae
1722 1221 1847 1270 Reges,

1086 1264 1281 1314 quibuscum
1295 1267 1376 1303 nibil
1394 1280 1541 1315 unquam
1553 1270 1719 1304 Romanis
1736 1283 1845 1319 nego-

1087 1314 1397 1365 tii‚paucifnetnnt.r

1135 1365 1269 1401 Versum
1297 1381 1335 1415 37
1363 1368 1844 1420 interpretatur'Briglitmanmio

1085 1416 1125 1450 de
1144 1415 1404 1463 imperatoribus
1428 1420 1603 1458 Romanis,
1617 1419 1845 1454 evertentibus

1087 1477 1204 1500 omnes
1224 1467 1316 1500 Deos
1336 1464 1391 1501 scu
1411 1467 1615 1515 magistratus
1626 1469 1748 1515 patrios
1767 1494 1777 1507 ,
1807 1474 1844 1504 δε

1085 1514 1325 1561 negligentibus
1347 1526 1465 1549 contra
1485 1514 1612 1550 suarum
1633 1529 1773 1550 uxorum
1786 1518 1846 1552 de-

1084 1563 1237 1598 siderium
1259 1567 1393 1612 Imperii
1409 1565 1633 1599 haereditatem
1652 1564 1714 1599 suis
1733 1565 1845 1601 liberis

1083 1614 1293 1659 relinquere.⁴
1314 1614 1463 1648 Audaces
1479 1614 1569 1649 hasce
1587 1616 1750 1649 novitates
1771 1617 1847 1662 quis

1085 1667 1298 1710 concoquet?
1312 1664 1383 1698 Cur
1394 1675 1512 1697 contra
1524 1666 1683 1699 Calvinum
1695 1663 1713 1697 εἰ
1723 1667 1846 1699 Senatu

1084 1714 1247 1747 Romano
1260 1712 1301 1747 ad
1320 1714 1538 1760 Imperatores
1550 1712 1711 1758 desultat3
1722 1714 1846 1749 deinde

1083 1760 1210 1797 tantum
1223 1760 1402 1797 abfuerunt
1415 1764 1638 1810 Imperatores
1657 1762 1673 1797 a
1691 1775 1846 1799 contem„

1083 1824 1140 1859 ptu
1153 1812 1333 1859 priscorum
1349 1813 1651 1859 Magistratunmfflt
1662 1812 1720 1860 ipsi
1730 1815 1847 1848 Die‘la-

1084 1873 1212 1902 torum,
1228 1860 1426 1902 Consulum,
1442 1860 1846 1901 Pontificum‚Tribnno-

1084 1924 1155 1945 rum
1167 1910 1271 1958 plebis
1284 1935 1294 1948 ‚
1308 1915 1342 1946 &
1357 1911 1497 1946 aliorum
1509 1912 1716 1945 summorum
1730 1913 1843 1958 Magi-

1085 1961 1245 1995 stratuum
1265 1958 1341 1995 cnm
1364 1964 1501 1995 nomina
1520 1971 1589 1994 tum
1616 1973 1666 1995 res
1694 1972 1845 1995 exercere

1085 2009 1196 2044 multis
1207 2010 1322 2045 seculis
1333 2010 1479 2045 studiose
1497 2023 1562 2057 prae
1581 2009 1610 2043 se
1622 2007 1742 2044 ferrent
1763 2023 1770 2043 ε
1792 2011 1845 2042 in-

1083 2060 1218 2095 feriores
1239 2071 1350 2095 autem
1366 2061 1572 2108 Magistratus
1585 2057 1709 2106 absque
1721 2058 1846 2093 invidic‘i

1086 2114 1120 2144 &
1138 2111 1207 2145 ullo
1233 2110 1483 2156 impedimento
1513 2107 1706 2144 muneribus
1726 2109 1787 2140 suis
1805 2116 1842 2140 ut

1083 2159 1164 2193 olim
1178 2158 1234 2193 sub
1248 2162 1380 2199 Senatu,
1393 2162 1436 2193 ita
1452 2159 1496 2193 ad
1507 2159 1604 2193 seram
1617 2157 1841 2203 posteritatem

1081 2207 1140 2242 sub
1153 2209 1415 2255 Imperatoribus
1426 2205 1651 2254 fungebantur
1672 2217 1679 2238 :
1709 2207 1742 2238 δε
1760 2202 1842 2238 vero

1082 2268 1199 2288 omnes
1225 2258 1446 2300 Imperatores
1481 2266 1579 2287 moru
1605 2255 1742 2300 proprio
1771 2266 1841 2288 non

1082 2300 1191 2336 minus
1203 2315 1300 2349 quam
1314 2315 1453 2337 uxorum
1468 2302 1527 2336 suis
1537 2302 1611 2336 filiis
1623 2327 1631 2340 ‚
1649 2301 1723 2335 cum
1737 2302 1844 2336 habe-

1081 2363 1169 2391 rent,
1186 2356 1216 2385 &
1229 2351 1304 2385 filiis
1316 2351 1541 2385 deficientibus
1562 2376 1570 2390 ,
1596 2349 1660 2384 suis
1678 2353 1841 2398 proximis

1079 2401 1200 2448 agnatis
1216 2402 1349 2448 Imperii
1370 2399 1531 2449 sceptrum
1548 2402 1732 2448 relinquere
1745 2403 1841 2449 cupi-

1081 2449 1207 2485 dissime
1223 2449 1422 2486 nitebantur.

1128 2499 1264 2534 Versum
1282 2501 1336 2545 38.
1350 2503 1384 2534 δε
1398 2513 1452 2547 39.
1468 2499 1748 2547 interpretaturde
1757 2505 1839 2534 Pom-

1076 2552 1141 2596 pejo
1161 2551 1218 2596 qui
1239 2551 1271 2583 in
1287 2549 1413 2595 templo
1427 2548 1841 2595 Hierosolymitanoobtu-

1080 2598 1117 2632 lit
1140 2598 1300 2634 sacrificia
1318 2623 1328 2638 ‚
1352 2602 1385 2631 in
1405 2601 1520 2645 primis
1536 2599 1577 2632 de
1599 2597 1707 2643 Caesare
1720 2598 1840 2645 Augusto

1080 2649 1136 2694 qui
1157 2649 1297 2682 Clientis
1331 2648 1377 2681 sui
1406 2649 1520 2682 Herodis
1545 2645 1644 2695 opera
1672 2650 1838 2694 ternplum

1082 2696 1423 2744 Hierosolymitanum
1438 2698 1588 2731 maximis
1601 2697 1735 2744 opibus,
1747 2708 1837 2733 auro,

1081 2757 1220 2793 argento
1234 2771 1244 2785 ‚
1266 2750 1301 2780 &
1320 2748 1461 2793 gemmis
1479 2747 1673 2780 adornavit.
1714 2749 1838 2780 Verum

1081 2794 1253 2830 enimvero
1265 2820 1274 2835 ,
1294 2808 1375 2830 num
1392 2797 1464 2843 quis
1483 2809 1628 2842 unquam
1645 2794 1836 2843 mortalium

1081 2847 1221 2879 velante
1240 2842 1289 2880 vel
1309 2846 1383 2891 post
1396 2848 1633 2891 Briglitmaimum
1645 2843 1838 2885 hujulmodi

1082 2905 1279 2928 commenta
1299 2895 1493 2928 somniavit?
1532 2891 1631 2926 Certe
1658 2893 1727 2924 vult
1754 2892 1839 2926 Pro·

1082 2944 1179 2989 pheta
1192 2945 1321 2988 Regem
1334 2944 1375 2977 de
1387 2955 1456 2990 quo
1468 2942 1536 2988 agit
1547 2939 1709 2988 agnovisse
1724 2942 1837 2975 Deum

1081 2992 1172 3027 illum
1185 3002 1373 3025 extraneum
1383 3016 1392 3031 ‚
1414 3001 1558 3036 eumque
1570 2991 1630 3023 suis
1645 2990 1766 3036 opibus
1778 3004 1842 3025 co-

1080 3040 1169 3075 luisse
1182 3052 1250 3075 non
1261 3039 1392 3073 alienis:
1417 3040 1569 3085 nunquid
1583 3050 1690 3073 autem
1707 3041 1838 3084 Augustus

1082 3093 1172 3137 Caesi'zr
1184 3115 1193 3130 ,
1208 3090 1327 3123 nedum
1350 3093 1498 3135 Pompeyus
1518 3091 1628 3122 Deum
1649 3088 1766 3122 Israelis
1777 3102 1839 3122 un-

1079 3152 1181 3187 quam
1195 3138 1358 3186 agnovit?
1386 3137 1445 3172 Vel
1458 3141 1489 3172 in
1503 3142 1570 3183 ejus
1584 3138 1709 3171 cultum
1724 3148 1838 3172 terun-

1078 3190 1167 3225 cium
1179 3201 1217 3223 ex
1228 3186 1285 3223 suo
1298 3187 1489 3235 impendit?
1517 3191 1630 3237 Apage
1643 3199 1740 3234 nugas
1754 3191 1761 3220 1
1775 3186 1835 3219 ista

1765 3245 1794 3267 [a
1801 3246 1832 3268 ss]
