2048 3343
481 112 547 142 ET
608 104 1256 144 ennonotocrcx

1314 106 1432 148 LIB.
1462 107 1492 148 I.
1662 115 1742 158 239

243 176 405 213 Secundo.
433 179 554 212 Decem
566 191 684 213 cornua
694 178 806 212 Bestiae
823 187 940 225 quartae
991 189 1092 218 num,
1105 177 1336 225 interpretatur
1351 192 1419 214 non
1437 192 1565 217 tantum
1578 180 1653 217 cum
1671 192 1744 219 Por-

192 239 260 262 non
273 229 342 262 vult
354 239 428 261 cum
450 229 623 274 Hieronymo
635 232 665 262 δι
678 229 810 261 veritate
820 227 941 260 intelli-

189 289 266 323 gere
288 277 326 311 dc
347 277 474 325 Regnis
495 280 527 312 in
539 275 755 325 quibusdefiit
765 275 940 321 Imperium

190 326 385 360 Romanum
398 351 407 362 ‚
429 325 482 360 sed
502 338 575 360 cum
598 323 748 369 Pmphyrio
766 322 942 358 Christiani

189 377 337 410 nominis
358 373 470 414 hoste,
495 375 533 408 de
551 373 831 421 deccm‘Regibus
850 374 944 417 Syriae

191 428 224 458 δε
237 427 367 473 AEgypti
381 436 391 457 ε
417 428 447 458 δε
462 425 537 458 licet
548 420 732 470 Porphyrium
751 423 779 457 se
788 421 943 469 profitea-

191 483 246 508 tur
258 473 340 521 sequi
351 497 360 513 ‚
380 474 461 507 alios
475 484 585 508 tamen
596 472 692 520 quam
708 469 945 519 Porphyriusipse

193 523 302 571 Reges
314 521 490 570 confingit.
514 523 664 557 Ponebat
682 521 847 570 Porphyrius
864 523 947 556 inter

193 584 314 606 cornua
325 573 506 606 Ptolemaeun
518 569 704 606 Philometora
713 577 745 607 &
758 572 947 607 eArtaxiam:

192 621 253 656 hos
265 625 424 671 expungit
434 623 561 661 Grotius,
572 620 623 657 sed
632 625 713 657 alios
723 622 808 670 quasi
820 621 946 669 Judaeo-

193 684 265 706 rum
283 672 498 719 persecutores
512 673 856 713 enumerarmimirum
873 673 946 704 Pto-

191 720 298 755 lemos
307 724 470 770 quinque5
500 721 588 770 Lagi,
600 724 759 767 Eupatora,
771 724 946 772 Euergeten,

192 767 378 818 Philopatorae
388 797 396 812 ‚
420 768 598 818 Epiphanem
609 794 619 809 ‚
647 770 776 804 Seleucus
787 770 886 809 duos,
913 773 946 804 δι

191 819 368 859 Οιᾶιηὶτιιηις
384 820 568 856 Antiochum
578 822 675 855 etiam
689 824 850 872 Magnum.
869 820 945 854 Ma-

190 881 252 916 gna
272 870 461 919 aliquorum*
474 884 512 904 ex
526 869 591 903 istis
604 871 635 902 in
647 869 772 914 judaeos
790 868 878 903 fuere
888 868 946 903 be-

190 917 305 953 neficia
321 942 329 955 ‚
344 919 429 954 certe
443 920 569 952 nullum
582 918 704 966 insigne
717 918 820 968 prope.
831 917 876 952 ob
886 930 943 952 eo-

190 981 262 1002 rum
273 981 440 1016 quoquam
456 967 653 1002 maleficium
666 966 740 1003 fuit.

239 1017 369 1053 Tertio.
393 1019 604 1065 TresReges
623 1016 639 1051 ὲ
663 1028 759 1050 cornu
772 1027 871 1063 parvo
887 1014 942 1050 de-

188 1064 325 1101 struetos
344 1072 376 1102 &
395 1068 574 1102 eradicatos
590 1067 822 1112 interpretatur
836 1063 941 1099 Seleu-

189 1128 253 1149 cum
269 1115 446 1163 Philopaturae
459 1140 468 1154 ‚
483 1111 768 1166 eAntiothi·Magni
778 1115 942 1161 primoge-

188 1168 306 1205 nitum,
316 1165 442 1213 ejusque
456 1164 559 1198 filium
575 1167 762 1199 Demetrium
775 1167 889 1201 sotera,
902 1176 938 1198 ac

187 1217 301 1248 Ptolem
325 1229 378 1248 um*
395 1212 578 1259 Philopatora
603 1225 716 1248 contra
741 1212 878 1248 llistoriae
903 1211 940 1246 fi·

187 1262 272 1298 dem.
306 1263 442 1297 Bellavit
461 1264 596 1307 quidem
607 1276 682 1297 eum
699 1262 852 1297 Ptolemaeo
868 1259 942 1297 Phi·

186 1310 309 1360 lopatore
323 1310 489 1347 Antiochus
502 1311 667 1360 Epiphanes
677 1337 687 1351 ,
703 1312 751 1347 sed
771 1325 939 1361 nunquam

186 1375 262 1396 eum
284 1364 414 1410 AEgypti
427 1361 506 1397 solio
521 1364 569 1396 vel
582 1363 688 1397 voluit
700 1364 749 1397 vel
766 1363 866 1396 valuit
882 1363 942 1407 eji-

185 1424 277 1451 cere,
304 1413 423 1446 nedum
446 1424 482 1446 ut
503 1425 576 1446 eum
597 1414 820 1460 extirpaverit.
847 1414 938 1447 Cum

182 1459 279 1495 fratre
288 1461 343 1495 suo
354 1466 476 1503 majore
495 1461 610 1495 Seleuco
621 1462 717 1509 usque
728 1461 766 1495 ad
779 1465 845 1505 ejus
855 1474 940 1496 mor-

184 1518 251 1544 tem
274 1512 307 1544 in
329 1510 414 1544 bona
440 1510 499 1544 fuit
520 1512 618 1557 gratiz'i
641 1525 649 1545 :
689 1523 765 1545 cum
790 1514 943 1545 Demetrio

185 1561 282 1593 etiam
305 1562 444 1606 patruele
466 1562 556 1593 nulla
583 1573 727 1608 unquam
748 1561 777 1594 ei
798 1561 835 1594 lis
856 1559 940 1595 fuit:

184 1620 338 1643 mortuus
351 1609 393 1643 cst
408 1609 542 1643 Seleucus
553 1622 724 1657 antequam
739 1609 859 1644 adeum
871 1613 942 1646 Ro-

184 1658 236 1691 mfi
248 1657 345 1692 frater
362 1655 531 1693 Antiochus
550 1657 711 1707 Epiphanes
732 1659 861 1693 acccffit
873 1685 883 1700 ‚
908 1663 941 1695 δε

186 1708 304 1743 Romoe
317 1706 471 1743 remansit
482 1710 650 1743 Demetrius
667 1707 756 1743 obses
769 1708 852 1743 ultra
863 1709 939 1757 Epi-

179 1755 279 1805 phanis
294 1770 445 1792 mortem.

236 1807 380 1854 Qiarto.
409 1806 530 1842 Verum
547 1806 578 1841 id
589 1806 677 1854 quod
688 1807 722 1841 in
735 1805 830 1840 Grotii
847 1817 943 1840 com·

184 1858 345 1890 mentatio
360 1854 483 1890 summe
494 1857 636 1904 displicet
647 1856 694 1891 est
705 1882 714 1897 ‚
728 1855 820 1904 quod
833 1853 940 1890 claris-

183 1904 300 1940 fimum
325 1905 464 1939 ‘Danielis
486 1907 710 1940 testimonium
736 1907 774 1940 de
798 1907 940 1940 trinitate

183 1954 368 1989 divinarum
390 1955 595 2001 personarum
609 1980 617 1996 ‚
647 1956 688 1989 de
709 1957 889 1990 Divinitate
902 1966 938 1988 ac

183 2002 293 2038 officio
320 2005 501 2038 Mediatoris
537 2004 765 2053 perversissime
801 2014 940 2039 enervet.

185 2054 361 2088 Christiani
375 2067 493 2088 omnes
515 2057 707 2102 Interpretes
719 2056 847 2101 antiqui
858 2079 866 2094 ‚
879 2066 942 2088 no-

181 2104 236 2142 vi;
264 2105 436 2151 antiquum
457 2105 600 2141 dierum,
627 2108 661 2139 &
674 2103 778 2139 filium
797 2104 942 2139 hominis

184 2152 223 2186 ad
243 2155 415 2201 antiquum
434 2154 556 2188 dierum
575 2154 795 2192 accedentem,
815 2152 942 2187 intelli-

185 2214 266 2249 gunt
280 2203 319 2236 de
331 2214 452 2237 aeterno
466 2206 556 2237 Patre
568 2216 602 2237 ac
615 2202 685 2237 filio
701 2204 772 2251 Jesu
788 2202 938 2236 Christo:

186 2251 239 2284 sed
259 2255 372 2284 Grotius
392 2265 445 2298 per
471 2255 643 2300 antiquum
669 2251 795 2286 dierum
818 2252 941 2285 nullam

187 2301 355 2345 personam
368 2325 377 2338 ,
397 2307 426 2334 ὅ(
440 2301 570 2335 tantum
581 2301 664 2335 bene
679 2302 770 2335 costa
782 2302 846 2334 Dei
857 2313 941 2334 con-

188 2347 254 2381 filia
274 2352 331 2390 (·ut
345 2350 491 2394 loquitur
503 2353 515 2390 )
529 2351 702 2396 intelligit;
725 2353 760 2382 &
772 2362 825 2390 per
836 2347 941 2382 filium

189 2395 334 2429 hominis
348 2397 556 2430 scelestiffime
577 2403 606 2432 &
624 2396 842 2432 absurdissime
859 2397 942 2431 nihil

189 2445 274 2478 aliud
294 2443 391 2492 qu‘am
423 2447 578 2492 populum
604 2448 792 2481 Romanum
805 2470 816 2486 ,
843 2458 941 2494 quem

189 2495 261 2529 vult
273 2494 335 2528 dici
348 2492 450 2527 filium
463 2495 607 2529 hominis
618 2521 625 2533 ,
645 2508 786 2542 eumque
805 2498 944 2528 venien-

190 2555 258 2578 tem
272 2545 303 2577 in
321 2543 484 2584 nubibu53
512 2547 586 2592 quia
601 2546 742 2592 populus
758 2543 815 2579 iste
826 2556 863 2578 ex
877 2545 942 2591 pri-

189 2595 270 2627 vatis
283 2592 453 2627 consistens
463 2593 526 2628 sine
539 2594 688 2642 Regibus
698 2591 824 2629 summa
834 2594 942 2628 celeri-

190 2653 259 2677 tate
269 2644 381 2676 omnia
394 2643 597 2689 corripiebat.

238 2693 360 2726 Haecne
370 2692 670 2739 Gnoraipietas‚ultra
683 2692 818 2726 socinum
831 2690 941 2737 Jesum

191 2740 385 2776 Christum&
403 2741 532 2775 Danielis
546 2742 743 2776 Monarchiis
754 2741 943 2776 excludere?

188 2790 310 2825 Haecne
320 2791 460 2825 eruditio
474 2792 765 2825 RomanosRerum
778 2791 947 2831 dominos,

193 2839 268 2873 licet
287 2842 539 2888 Imperatoribus
560 2845 593 2875 &
611 2840 758 2888 Regibus
773 2837 922 2886 spoliatos
937 2863 945 2875 ‚

194 2889 229 2921 in
241 2888 389 2924 homines
402 2894 543 2938 privatos
553 2891 718 2937 redigere?
731 2890 840 2923 Hicne
851 2888 946 2923 Grotii

196 2934 302 2971 sensus
320 2945 505 2974 communis
526 2942 683 2988 populum
696 2941 882 2973 Romanum
901 2937 943 2972 li-

196 2997 244 3019 cet
255 2999 293 3019 ex
309 2990 436 3033 privatis
447 2990 667 3024 consulentem
680 3015 689 3031 ‚
712 2992 745 3023 in
763 2988 867 3023 filium
880 2988 944 3022 ho-

197 3037 295 3069 minis
313 3049 474 3085 unamque
486 3037 916 3086 perlonamtransformare?

247 3085 389 3129 Quoto.
416 3089 492 3122 Hoc
510 3091 606 3123 etiam
634 3089 730 3123 habet
758 3092 870 3122 Grotius
887 3087 946 3121 sibi

200 3137 360 3181 peculiare
372 3160 381 3175 ‚
401 3139 573 3183 Imperium
592 3140 743 3185 quintum
759 3138 945 3173 F1l1ihomi-

200 3186 250 3220 nis
265 3188 298 3220 &
314 3186 510 3222 Sanffitorum
524 3188 590 3223 Dei
606 3186 776 3225 universale
797 3201 833 3224 ac
854 3198 947 3223 aetet-

986 229 1084 276 phyrio
1097 228 1254 276 Regnum
1266 228 1528 265 Maccabaeorum
1543 257 1553 273 ‚
1577 233 1629 267 sed
1640 236 1741 268 etiam

988 275 1140 322 Regnum
1154 280 1405 311 Romanorum:
1432 280 1610 326 idque‘tam
1625 282 1743 317 Ethni-

990 335 1107 357 corum
1130 324 1229 371 quam
1259 325 1522 362 Christianorum
1558 343 1614 365 aut
1641 331 1740 378 quam

992 372 1336 409 Antichristianorum.
1350 375 1614 413 Christianorum
1627 393 1740 416 autem

992 423 1112 469 Regna
1130 423 1288 471 intelligit
1297 424 1404 459 solum
1419 429 1581 461 mundana
1592 453 1600 467 ,
1611 430 1740 465 excluso

995 471 1163 506 Christi&
1182 474 1377 508 Sanctorum
1397 475 1565 522 Spirituali
1583 481 1676 511 omni
1689 480 1741 512 vel

995 523 1028 554 in
1050 522 1152 555 Coelo
1172 525 1223 558 vel
1240 524 1273 556 iu
1288 525 1380 558 terris
1393 526 1547 572 imperio.
1577 526 1678 561 Certe
1690 526 1743 561 h'ic

994 571 1039 604 est
1055 569 1267 618 profanarum
1284 572 1524 611 absurditatum
1543 575 1742 611 verissimum

994 621 1219 668 cornucopiae.

1042 669 1237 717 constantinus
1249 671 1421 718 L’empereur
1439 671 1630 708 Rabbinum
1643 671 1737 708 suum
1759 690 1898 719 simularie

992 720 1172 754 lacchiadem
1194 719 1278 754 male
1305 719 1357 755 hic
1383 723 1516 771 corrigit
1537 736 1545 756 :
1579 725 1740 759 lacchiades
1760 714 1870 770 L'e‘inpe.

990 779 1141 814 quartam
1161 770 1300 803 Bestiam
1330 771 1496 818 prioribus
1518 772 1740 808 robustiorem
1759 776 1834 804 reuri.

993 819 1185 852 Romanum
1203 821 1383 865 Imperium
1410 821 1497 856 reste
1516 820 1744 870 intelligebat,

989 867 1084 913 quod
1103 866 1169 900 fine
1190 870 1320 901 ratione
1341 870 1629 916 L'empereurrejicit
1651 888 1663 916 3
1687 872 1744 909 sed

991 915 1078 948 hunc
1089 927 1235 949 errorem
1251 917 1280 949 ei
1297 928 1373 951 cum
1385 920 1456 952 aliis
1467 932 1685 957 communem
1695 920 1746 958 fa-

987 962 1082 998 cilius
1100 962 1398 1006 condonfissemus,
1423 967 1481 1001 nisi
1509 970 1599 1006 alios.
1612 972 1744 1019 insuper

988 1011 1047 1047 fibi
1059 1014 1236 1062 peculiares
1248 1015 1490 1051 accumulasset.
1514 1019 1600 1051 Nam
1615 1021 1741 1065 primo,

987 1062 1103 1096 decem
1122 1075 1245 1098 cornua
1263 1075 1387 1110 quartae
1412 1065 1520 1100 bestiae
1545 1069 1680 1115 exponit
1704 1071 1743 1104 de

987 1111 1061 1157 solis
1071 1114 1219 1160 Regibus
1229 1115 1326 1159 Sytiae
1338 1117 1372 1149 &
1385 1116 1544 1150 Seleucidis.

1033 1162 1181 1199 Deinde,
1193 1173 1228 1196 ut
1240 1164 1414 1197 numerum
1428 1165 1595 1200 denarium
1607 1167 1742 1214 Regum

986 1211 1080 1257 Syriae
1097 1209 1266 1259 suppleat,
1301 1214 1387 1247 inter
1408 1216 1566 1249 Seleucida
1593 1228 1744 1252 numerat

989 1263 1164 1296 Ptolemaeum
1177 1273 1243 1295 tam
1257 1264 1440 1309 Philopatora
1456 1264 1557 1310 quam
1569 1272 1720 1313 Euergeten
1734 1284 1744 1307 ς

988 1307 1028 1344 eo
1040 1309 1129 1357 quod
1143 1309 1174 1344 hi
1195 1312 1350 1345 victorias
1369 1314 1496 1359 aliquot
1510 1317 1624 1349 contra
1644 1318 1746 1350 Antio-

987 1362 1072 1394 chum
1086 1365 1227 1407 Magnum
1239 1362 1454 1408 impetrantes
1472 1363 1663 1410 aliquandiu
1684 1367 1747 1411 Sy-

989 1410 1041 1443 riae
1051 1409 1280 1457 impetrzirunt.
1307 1412 1371 1445 Sed
1385 1411 1493 1446 multo
1508 1412 1631 1447 rectius
1644 1416 1746 1448 Antio-

989 1460 1072 1493 chum
1090 1471 1156 1493 tam
1178 1467 1320 1508 Magnum
1340 1460 1437 1507 quam
1467 1464 1639 1510 Epiphanem
1658 1463 1746 1497 inter

989 1505 1113 1556 Lagidae'
1134 1511 1267 1558 AEgypti
1302 1511 1415 1557 Reges
1440 1511 1657 1552 numerasset,
1684 1511 1745 1559 ipsi

988 1561 1075 1592 enim
1089 1570 1205 1592 contra
1217 1561 1371 1594 Ptolemaios
1382 1560 1490 1607 plures
1512 1561 1664 1595 victorias
1683 1560 1745 1594 ad-

988 1609 1056 1653 epti
1079 1606 1151 1641 sunt
1171 1608 1269 1652 quarn
1293 1621 1413 1642 contra
1434 1621 1493 1643 eos
1519 1612 1668 1651 Ptolemaei.
1702 1610 1746 1645 Et

989 1655 1068 1691 vero
1081 1657 1239 1692 Ptolemaem
1251 1661 1320 1705 Lagi
1332 1670 1369 1691 ac
1385 1660 1579 1704 Philadelphus
1590 1678 1601 1701 ,-
1623 1661 1747 1709 Antigo-

988 1719 1037 1740 mu
1048 1719 1184 1753 quoque
1195 1706 1328 1754 ejusque
1338 1706 1423 1741 filius
1442 1710 1608 1744 Demetrim
1621 1709 1747 1744 diutius

989 1757 1021 1788 in
1033 1753 1122 1802 Syria
1134 1756 1207 1802 post
1220 1758 1419 1792 Alexandrum
1429 1759 1634 1806 imperarunt
1648 1759 1748 1806 quam

989 1806 1038 1839 vel
1053 1807 1222 1840 Philometor
1232 1807 1282 1839 vel
1296 1813 1449 1853 Euergetes.

1035 1853 1165 1889 Tertio.
1194 1854 1242 1889 Ur
1262 1854 1435 1891 Antiochum
1453 1854 1626 1903 Epiphanem
1640 1870 1745 1892 cornu

987 1914 1123 1951 parvum
1149 1907 1183 1938 δε
1203 1904 1421 1938 undecimum
1450 1907 1483 1939 in
1504 1904 1604 1941 bestia
1630 1906 1746 1954 quarta

988 1952 1166 1987 constituat
1177 1978 1187 1994 ‚
1207 1953 1289 1988 facit
1302 1956 1500 1989 Alexandrum
1514 1962 1655 2003 Magnum
1675 1958 1746 2003 pri-

988 2015 1080 2035 mum
1092 2003 1181 2036 istius
1195 2001 1300 2036 bestiae
1313 2015 1427 2037 cornu.
1457 2007 1492 2037 In
1508 2003 1568 2038 hoc
1579 2005 1745 2051 singularis

988 2053 1032 2085 cst
1042 2054 1230 2100 L'empereur,
1240 2050 1367 2085 nullum
1380 2051 1504 2086 habens
1518 2065 1554 2086 ex
1565 2053 1673 2088 dodris
1685 2053 1744 2087 sibi

988 2103 1152 2145 σύμψηφον.
1184 2099 1348 2147 Propheta
1369 2102 1506 2147 quidem
1527 2103 1646 2136 Daniel
1670 2115 1743 2150 cap.

988 2153 1019 2186 8.
1040 2153 1074 2184 in
1095 2148 1185 2186 tertifi
1199 2149 1300 2183 bestia
1320 2151 1515 2186 Alexandrum
1535 2163 1609 2185 cum
1622 2148 1746 2186 succes-

988 2199 1120 2234 soribus
1136 2202 1328 2247 conjungit,
1349 2203 1383 2234 &
1406 2199 1493 2233 hunc
1511 2212 1580 2234 uno
1602 2199 1743 2247 illosque

988 2257 1135 2295 quatuor
1154 2249 1314 2281 cornibus
1332 2247 1503 2295 effigurat:
1532 2248 1586 2284 sed
1605 2263 1679 2284 eum
1699 2249 1742 2283 ab

987 2296 1063 2344 ipsis
1075 2296 1247 2332 clarissime
1260 2298 1426 2346 distinguit
1440 2324 1447 2337 ,
1466 2296 1509 2332 fic
1521 2310 1556 2333 ut
1566 2299 1629 2346 ipse
1645 2297 1744 2332 fuerit

989 2359 1095 2380 cornu
1107 2345 1303 2387 solitarium,
1331 2359 1418 2394 prius
1428 2346 1568 2380 fractum
1589 2348 1687 2392 quam
1704 2359 1743 2380 ex

988 2395 1063 2442 ipsis
1072 2396 1242 2442 quisquam
1262 2399 1441 2431 exoriretur
1452 2406 1473 2438 3*
1490 2394 1546 2441 ipsi
1560 2407 1670 2430 autem
1683 2407 1745 2429 co-

991 2445 1069 2479 dem
1089 2455 1245 2492 tempore
1265 2445 1339 2491 post
1362 2446 1520 2479 Alexandri
1542 2456 1687 2479 mortem
1708 2446 1742 2479 in

989 2493 1068 2527 hirci
1095 2496 1202 2539 capite
1229 2494 1453 2527 consisterent.
1493 2493 1604 2539 Qod
1630 2504 1742 2531 autem

990 2542 1152 2576 Alexander
1177 2554 1252 2575 cum
1277 2541 1426 2587 Regibus
1453 2540 1600 2576 Seleucidis
1624 2543 1741 2589 Syriae,

989 2593 1160 2625 Antiochum
1174 2591 1343 2637 Epiphanem
1354 2614 1362 2626 ‚
1371 2590 1484 2624 decem
1500 2602 1621 2624 cornua
1633 2588 1762 2628 bestiaef

988 2651 1112 2687 quartae
1123 2640 1317 2680 constituat,
1330 2640 1360 2674 id
1374 2639 1458 2673 solus
1469 2641 1646 2687 L'empereur
1655 2639 1742 2676 affir-

990 2701 1070 2730 mat,
1082 2689 1131 2723 sed
1145 2686 1285 2734 probare
1296 2701 1363 2722 non
1378 2700 1530 2723 conatur.

1036 2740 1192 2784 Denique
1208 2739 1293 2773 male
1303 2739 1496 2784 L'empereur,
1509 2749 1550 2773 ·ut
1559 2739 1739 2783 juniituea-

987 2798 1039 2821 tur
1052 2785 1260 2825 sententiam,
1273 2785 1443 2823 Antiochum
1454 2791 1624 2835 Epiphanem
1635 2802 1737 2825 unum

989 2849 1025 2870 cx
1047 2837 1162 2870 decem
1180 2837 1334 2873 cornibus
1355 2836 1505 2873 facientis
1523 2863 1532 2879 ,
1563 2840 1739 2887 Scriprurae

990 2886 1114 2919 sensum
1134 2898 1223 2920 novo
1243 2887 1301 2921 suo
1329 2898 1525 2932 comment-0
1543 2891 1741 2937 corrumpit.

991 2934 1136 2969 Danielis
1146 2948 1181 2983 7.
1201 2950 1299 2983 v.24.
1320 2949 1423 2971 cornu
1443 2949 1580 2982 parvum
1602 2950 1739 2974 vocatur

987 2987 1064 3019 aliud
1075 2984 1147 3031 post
1159 2985 1275 3020 decem
1290 2999 1423 3020 cornua.
1433 2990 1517 3028 Vox,
1529 2988 1636 3033 inquit
1648 2991 1738 3023 L'em·

987 3047 1084 3081 pereur
1103 3060 1112 3075 ‚
1144 3038 1225 3069 verti
1242 3037 1276 3069 dc
1287 3034 1357 3069 buit
1377 3048 1442 3068 non
1463 3039 1544 3071 aliud
1563 3037 1615 3072 sed
1632 3037 1738 3084 postrea

990 3096 1160 3124 mum,nam
1172 3085 1257 3132 apud
1271 3086 1397 3119 Arabas
1408 3085 1480 3121 *wa
1493 3099 1561 3132 quo
1574 3087 1738 3122 derivatur

992 3136 1118 3169 Danielis
1138 3142 1206 3178 ³⁸³0&
1228 3134 1383 3182 significat
1401 3136 1576 3183 postremum.
1616 3138 1737 3171 Frustra

992 3186 1162 3234 L'empereur
1170 3184 1207 3221 ad
1220 3185 1343 3220 Arabas
1355 3184 1406 3221 hic
1416 3185 1568 3233 confugit
1578 3211 1588 3229 ‚
1606 3199 1674 3219 non
1691 3185 1736 3239 est

1646 3244 1734 3267 enin]
