2048 3343
679 106 987 146 OPER1s

136 182 274 221 tisspam·
293 180 407 229 populi
419 205 428 220 ,
440 176 492 213 sed
504 190 566 226 prae
579 177 606 214 se
616 177 865 215 ferunttantiim
879 176 1037 213 dissuade-

140 233 247 251 ”·''s⁰”¹·
296 243 328 264 re
342 253 350 266 ,
369 242 408 264 ne
419 229 539 263 scilicet
549 227 571 262 sl
583 230 696 264 rediret
706 231 739 264 in
752 230 915 264 Graeciam
925 232 1038 267 Xerxes,

136 271 219 302 ‘'m''
297 277 537 313 munitionibus
547 277 611 313 istis
621 290 768 314 uteretur
778 289 812 313 ut
822 275 948 312 arcibus
957 282 1042 310 con-v

299 339 347 362 tra
359 325 629 374 Peloponnesum.
649 326 798 362 Consilia
811 327 1040 374 potentiorum

299 376 513 412 Athenienses
524 388 591 410 non
603 376 665 410 ausi
679 378 849 424 repudiare
859 401 869 416 ,
888 374 1043 422 Themisto-

297 428 367 462 clem
393 425 501 460 sinunt
526 425 588 460 suis
613 424 737 460 artibus
758 427 803 460 uti
835 443 845 468 ς
877 425 967 460 vadit
991 423 1044 457 ille

297 477 448 522 Spartam
462 477 599 522 legatus,
609 474 782 522 pollicetur
793 474 927 520 quando
938 471 978 505 fic
991 472 1042 503 vi-

299 525 415 560 deatur
431 527 597 571 Spartanis
608 549 619 565 ,
635 536 706 558 non
718 524 799 558 ulti-a
810 520 991 569 processum
1004 519 1042 552 iri

298 576 331 608 in
345 573 501 608 strueturz‘i
513 585 680 608 murorum
695 587 702 612 ς
720 574 851 606 interim
861 580 972 603 tamen
987 566 1040 601 diu

299 624 472 670 noCtuque
484 633 572 658 totus
585 621 727 670 populus
743 618 921 654 ardebatin
932 628 1040 664 opere.

298 672 509 719 Accipientes
520 669 665 720 Spartani
676 668 760 703 facta
770 665 955 714 Themistoclis
964 677 1041 700 con-

297 724 394 756 traria
412 723 508 756 dietis
527 745 537 760 ‚
564 718 766 752 conveniunt
785 718 903 751 iterum
921 717 1040 755 virum,

295 782 427 804 narrant
439 769 550 803 audita
562 781 570 801 ε
582 767 633 800 ille
646 777 825 813 pernegare
836 777 910 799 vera
920 790 930 805 ,
949 775 1042 797 orare

294 822 505 853 mitterentur
518 815 699 863 inspetstum
710 815 768 848 viri
784 811 849 849 fide
860 814 964 860 digni,
978 824 1041 846 cae-

294 866 400 902 terum
414 878 487 900 ante
500 865 635 900 istorum
648 863 885 912 speculatorum
897 861 1041 898 reditum

296 918 391 964 operi
402 914 485 963 pene
497 913 681 961 Colophon
692 913 736 947 est
752 911 1042 961 impositus,legati

296 977 409 1000 tamen
423 965 540 999 dantur
551 966 584 998 in
594 963 771 997 custodiam
785 988 796 1004 ‚
818 962 924 998 donec
937 960 1040 997 salvus

296 1015 435 1050 domum
447 1011 575 1047 redisset
584 1012 786 1059 Themistoclen
974 1039 978 1043 .

345 1065 453 1110 Pergit
465 1064 512 1097 vir
521 1064 669 1110 optimus
680 1061 844 1096 consulere
855 1059 1046 1108 patriae,po-

298 1112 392 1147 stulat
404 1113 421 1146 τὶ
430 1111 556 1160 populo
567 1110 761 1159 potestatem
773 1110 851 1159 perfi
858 1110 963 1144 ciendi
973 1120 1044 1155 quae

299 1165 459 1211 cogitaret
476 1164 587 1196 animo
605 1187 615 1201 ‚
640 1160 802 1194 utiliffima
822 1159 961 1206 quidem
981 1157 1045 1196 illa,

294 1211 350 1246 sed
366 1211 385 1245 fi
398 1211 649 1259 propalarentur
659 1207 870 1258 impossibilia
879 1206 1048 1248 fastmmi-

297 1262 361 1294 rari
379 1261 522 1308 populus
533 1260 592 1294 viri
611 1258 771 1293 solertiam
787 1287 796 1299 ‚
817 1256 934 1303 jubere
953 1268 1047 1291 com-

299 1311 470 1345 municare
481 1320 629 1343 mentem
642 1311 802 1356 Xanthippo
813 1312 847 1342 &
857 1306 984 1348 Aristidi,
999 1304 1047 1340 isti

300 1358 324 1393 si
335 1359 514 1406 probarent
540 1357 709 1393 habiturus
735 1360 869 1406 plenam
905 1354 1044 1403 potesta-

301 1419 371 1443 tem
398 1423 406 1442 z
435 1409 632 1443 renunciant
647 1409 693 1442 illi
713 1410 777 1443 talc
789 1405 976 1451 Themistoclis
987 1402 1048 1438 esse

299 1458 486 1492 institutum
497 1485 504 1498 ‚
516 1455 613 1505 quale
624 1456 760 1502 ipsemet
772 1456 972 1504 praedicaret,
982 1453 1046 1487 ho-

300 1506 573 1548 nestum‚utile‚&
584 1506 733 1554 poffibile
744 1505 844 1542 fmstu.
861 1504 916 1539 Ne
926 1502 966 1538 fic
976 1503 1045 1550 qui—

302 1555 382 1590 dem
393 1555 535 1591 audebat
547 1558 690 1603 populus
699 1557 733 1588 in
744 1554 803 1589 viri
815 1565 930 1588 manus
941 1550 1044 1587 facul-

302 1615 385 1643 tates
404 1604 557 1641 conferre
573 1629 583 1642 ‚
607 1616 760 1640 metuens
776 1601 901 1651 nequid
915 1603 949 1636 in
960 1599 1048 1636 urbis

300 1652 488 1689 libertatem
498 1652 584 1688 tanti
595 1655 642 1688 vit
651 1654 773 1702 ingenii
783 1653 956 1688 moliretur
968 1654 1028 1697 :⁴ju

301 1704 383 1738 bent
394 1716 474 1752 ergo
487 1703 631 1752 proferre
640 1705 673 1737 in
690 1701 860 1751 publicum
870 1700 924 1735 sua
936 1698 1048 1734 confi-

301 1755 346 1789 lia
356 1780 365 1793 ,
380 1754 433 1788 ille
445 1756 588 1801 recusare
600 1776 612 1794 ‚
629 1750 755 1787 senatui
765 1750 886 1793 saltem
905 1748 1048 1798 probate

304 1803 462 1850 cupiunt,
487 1803 517 1837 id
529 1801 603 1837 cum
614 1799 944 1850 praestitiss'etabunde
961 1824 972 1840 ‚
996 1797 1049 1832 fa·

301 1853 394 1886 ciunt
407 1851 569 1898 quicquid
585 1852 714 1886 luberet
731 1875 742 1890 ‚
764 1847 888 1898 agendi
906 1848 1049 1896 potesta-

303 1912 385 1935 tem.
419 1903 539 1935 Statim
561 1902 616 1935 ille
631 1898 785 1935 adhibere
806 1898 940 1933 cunAEtas
959 1895 1049 1945 urbi?

304 1961 424 1997 operas
444 1948 484 1983 ad
501 1947 766 1983 construendum
794 1950 875 1983 Piraei
892 1958 1049 1995 portum:

302 2000 395 2034 locus
411 1997 465 2032 hic
479 2009 548 2033 erat
571 1999 720 2032 maximae
745 1997 940 2045 accipiendae
961 1994 1046 2031 claffi

302 2049 445 2084 idoneus
459 2070 467 2084 ‚
483 2046 606 2096 absque
618 2060 686 2096 quo
697 2046 810 2082 frustra
826 2047 934 2080 omnis
946 2045 1050 2080 Athe-

302 2095 465 2130 niensium
485 2097 523 2131 ad
549 2099 648 2130 maris
668 2097 855 2131 dominium
872 2093 1048 2142 aspiratio,

303 2143 398 2191 quod
409 2143 431 2177 si
444 2143 602 2180 rescissent
614 2148 765 2191 Spartani
776 2143 961 2182 confilium,
973 2146 1051 2178 totis

303 2194 422 2242 procul
439 2194 543 2228 dubio
560 2193 684 2229 viribus
701 2192 967 2228 incubuifl‘entne
979 2206 1049 2238 per-

302 2242 454 2277 ficeretur
471 2258 482 2283 5
505 2240 559 2277 scd
574 2243 750 2289 inopinata
765 2242 948 2288 Themistoclia
959 2241 1048 2275 festi-

303 2293 477 2329 natio,tam
490 2292 524 2324 in
533 2301 634 2338 portu
644 2293 832 2338 Piraeiquam'
840 2291 872 2323 in
882 2288 1049 2322 moenibus

305 2342 648 2380 Athenarum‚0mnes
657 2339 796 2374 hostium
807 2339 980 2374 antevertit
991 2350 1050 2372 co-

306 2400 416 2425 natus.
449 2388 562 2424 Stabat
586 2388 768 2436 aliquando
794 2389 827 2422 in
855 2388 1049 2434 propinquo

305 2439 448 2474 Athenis
465 2449 565 2486 portu
577 2440 737 2486 Spartana
747 2437 849 2472 claffis
861 2463 870 2477 ,
890 2435 1051 2485 significat

304 2487 640 2536 populoThemistocles,
650 2487 672 2521 fi
683 2501 738 2534 per
749 2485 836 2536 ipsos
845 2485 953 2526 liceat,
963 2486 1051 2533 poiie

301 2537 336 2572 se
347 2537 420 2571 urbi
431 2532 633 2572 utiliffimum
643 2534 950 2584 praestare(habebat
961 2536 1051 2568 enim

302 2587 337 2620 in
347 2589 460 2620 animo
470 2586 546 2620 dare
556 2582 894 2633 flammisSpartanam
906 2580 1050 2626 classem)

301 2635 433 2681 jubetur
443 2634 557 2676 Aristidi
566 2632 619 2668 sua
630 2635 772 2682 probare
783 2631 919 2667 consilia
928 2659 936 2671 ,
950 2633 1049 2677 Aristi-

302 2687 350 2719 des
371 2685 541 2720 renunciat
559 2683 634 2716 urbi
654 2680 710 2717 esse
720 2680 800 2716 utile
809 2680 905 2728 quod
916 2682 1050 2728 cogita-

306 2745 355 2768 ret
367 2733 557 2781 Themistocles
573 2757 584 2772 ‚
611 2731 668 2767 sed
683 2730 839 2776 injustum
850 2756 858 2768 ‚
877 2728 1051 2776 propterea

308 2794 398 2817 vetat
415 2782 555 2831 populus
571 2779 709 2816 faetum.
744 2779 845 2814 Certe
865 2777 1050 2824 Themistoclis

305 2833 408 2867 virtus
431 2831 561 2866 navales
579 2831 687 2878 patriae
705 2831 815 2876 copias
834 2826 874 2862 εὸ
887 2829 1051 2875 magnitu-

306 2880 392 2915 dinis
411 2881 558 2929 provexit
584 2905 595 2921 ‚
620 2889 656 2913 ut
666 2877 741 2926 ipfis
751 2880 896 2926 Spartani
908 2874 1048 2911 necessa-

304 2932 389 2965 rium
401 2940 555 2978 putarent
564 2928 679 2976 sponte
692 2928 809 2962 cedere
822 2928 917 2960 mari.

358 2981 421 3015 Sed
438 2980 560 3026 ecquid
580 2981 627 3014 vir
643 2978 801 3013 maximus
813 2975 827 3010 Ξ
840 2974 966 3010 civibus
976 2974 1050 3008 tulit

310 3025 393 3061 bene
403 3031 596 3062 meritorum
608 3028 758 3075 praemii?
776 3028 809 3059 in
821 3026 988 3071 ejectione
1000 3026 1050 3058 Pi-

303 3074 513 3120 fiftratidarum
526 3074 701 3111 ostracismi
714 3078 777 3111 lata
788 3075 837 3109 lex
846 3076 890 3108 est
904 3102 912 3114 ‚
931 3071 995 3120 qua
1011 3071 1050 3105 li-

293 118 372 146 120

152 2983 267 3019 Ingratus

151 3021 250 3058 populas

152 3062 285 3096 ostracnsmo

154 3102 271 3135 Themisto
277 3117 286 3121 -

156 3143 215 3168 ‘hm
224 3143 292 3180 pellit
313 3134 399 3158 ceret
411 3124 440 3156 in
456 3124 585 3158 exilium
600 3126 639 3160 ad
653 3125 917 3173 quinquennium
932 3121 1067 3168 pellere·

154 3181 290 3214 inexilium.
310 3172 374 3210 fine
391 3173 485 3207 omni
498 3172 587 3220 culpa
598 3197 609 3215 ,
628 3173 845 3221 cujtiscunque
870 3183 1000 3208 nomen
1017 3171 1053 3219 in

1047 104 1520 145 H1s1-0thx

1096 188 1262 213 conventu
1278 176 1414 226 publico
1439 177 1490 213 sex
1511 177 1611 214 millia
1621 179 1747 215 'civium
1773 181 1838 217 suis
1881 194 1884 195 ⁷
1961 201 1970 227 i

1095 227 1182 261 testis
1204 227 1310 275 (quas
1329 230 1438 271 dqpmcae
1450 228 1642 271 vocabant)
1662 230 1838 277 inscripsis-
1968 230 1970 237 '

1093 276 1163 320 sent
1182 290 1190 311 ι
1212 277 1363 312 testulato
1383 278 1450 311 hoc
1467 279 1563 311 exilio
1576 281 1699 324 primus
1713 282 1837 323 ejcehis

1094 324 1137 358 est
1147 327 1355 371 Themistocles,
1372 326 1494 373 absque
1513 329 1608 361 omni
1619 327 1715 361 ullius
1727 329 1835 362 crimi-

1092 373 1140 406 nis
1151 386 1302 419 praetextu
1312 399 1322 415 ,
1337 374 1387 411 scd
1400 376 1577 411 velinvidifi
1588 375 1637 410 vel
1649 387 1738 410 metu
1758 401 1768 417 ‚
1794 389 1837 412 ne

1095 424 1277 467 praeeximia
1292 425 1554 460 virtusinvadcte
1573 425 1752 472 aliquando
1764 424 1836 465 sua-

1094 468 1176 504 sisset
1187 473 1290 506 virum
1302 474 1334 507 in
1347 476 1500 508 concives
1511 476 1701 521 imperium.
1739 473 1837 508 Affli-

1093 520 1183 554 stum
1204 522 1268 562 jam
1286 523 1493 569 Themistoclem
1515 523 1761 557 Lacedaemonii
1774 524 1838 557 sta-

1093 569 1151 602 tim
1171 581 1250 604 eunt
1269 571 1436 616 perditum
1452 595 1462 611 ‚
1492 583 1659 605 memores
1678 584 1836 618 quantum

1094 619 1187 652 unius
1196 619 1296 653 virtus
1306 619 1402 654 rebus
1414 620 1475 654 suis
1486 618 1620 655 dedisset
1631 622 1757 662 damni,
1767 633 1839 656 me-

1093 677 1221 702 tuentes
1243 680 1283 702 ne
1301 669 1464 703 restitutus
1485 671 1594 716 patriae
1610 670 1670 704 suis
1690 669 1836 706 consiliis

1093 714 1181 764 ipsos
1197 715 1327 763 prorsus
1340 729 1516 758 everteret,
1535 719 1653 763 jubent
1663 731 1743 767 ergo
1756 732 1836 754 cau-

1091 764 1156 799 sam
1168 765 1274 801 dicere
1286 779 1394 802 coram
1406 770 1576 802 communi
1586 780 1648 802 con
1655 769 1732 803 cilio
1742 769 1836 816 quod

1092 815 1205 864 Spartae
1224 816 1354 849 sedebat
1370 841 1378 852 ,
1404 817 1541 863 proditae
1562 817 1664 851 Persis
1676 819 1784 865 patriae
1800 822 1836 854 &

1092 864 1332 896 communicati
1343 876 1418 897 cum
1432 862 1574 911 Pausanici
1585 865 1722 901 consilii.
1739 871 1839 915 Spar-

1093 922 1161 944 tam
1173 913 1220 945 vir
1230 911 1270 946 ab
1282 913 1376 945 omni
1388 925 1486 959 purus
1496 913 1611 949 scelere
1623 942 1630 955 ,
1646 915 1705 949 sibi
1717 918 1837 964 capita·

1092 962 1157 995 lem
1170 959 1296 995 hostem
1307 961 1446 995 horrens
1457 963 1663 1003 accedere,ad
1675 964 1839 1000 Moloffo-

1094 1021 1164 1044 rum
1178 1008 1326 1058 confugit
1346 1011 1476 1058 Regem
1494 1027 1505 1055 3
1531 1010 1709 1058 sequuntur
1728 1014 1839 1062 Sparte'i

1095 1061 1194 1106 legati
1205 1061 1259 1107 qui
1269 1059 1473 1107 proditorem
1485 1060 1600 1106 jubent
1615 1063 1736 1096 Graecis
1748 1062 1838 1100 dedi.

1095 1107 1447 1156 SpartanosMoloffus
1457 1121 1616 1150 metuens,
1631 1115 1665 1145 &
1677 1111 1840 1146 innocen-

1096 1170 1163 1192 tem
1181 1159 1350 1194 miseratus
1370 1184 1380 1200 ,
1405 1159 1611 1204 Themistoclem
1627 1172 1742 1194 monet
1754 1160 1841 1195 ciam

1096 1206 1228 1256 fugere,
1252 1209 1339 1257 regia
1351 1210 1435 1255 prius
1446 1209 1637 1243 instructum
1651 1209 1789 1258 pecunia
1797 1210 1842 1245 ad

1097 1259 1183 1291 viam
1195 1258 1267 1292 satis
1279 1257 1427 1304 copiose.

1147 1307 1297 1343 Pervenit
1308 1308 1360 1342 ille
1370 1306 1451 1355 post
1464 1310 1584 1343 multos
1594 1308 1723 1344 labores
1738 1314 1771 1345 &
1784 1324 1840 1358 pe·
1861 1309 1933 1349 Fugst
1946 1307 1982 1339 “d

1098 1356 1200 1392 ricula
1217 1357 1256 1391 ad
1277 1356 1415 1391 divitem
1428 1358 1460 1390 in
1476 1358 1576 1405 Lydia
1588 1361 1735 1405 Pythium,
1747 1361 1839 1394 suurn
1862 1353 1972 1397 ‘³¹⁸‘er

1099 1407 1179 1440 olim
1190 1404 1352 1454 hospitem
1363 1430 1371 1443 ‚
1381 1405 1399 1440 a
1410 1418 1478 1453 quo
1489 1408 1527 1441 ad
1539 1411 1663 1443 Xerxem
1677 1408 1844 1443 Ecbatana
1863 1391 1999 1461 leemrsto-

1099 1454 1278 1501 perdustus
1289 1455 1352 1496 est,
1370 1456 1403 1489 in
1414 1467 1504 1490 curru
1517 1455 1626 1490 clauso
1639 1457 1727 1504 quali
1740 1460 1844 1504 pellex
1864 1443 1874 1460 c
1887 1442 1919 1461 κ’

1099 1506 1196 1551 Regi,
1205 1516 1302 1550 quam
1313 1516 1413 1539 nemo
1423 1507 1456 1538 in
1468 1507 1516 1540 via
1527 1506 1665 1540 audebat
1679 1509 1844 1553 inipi-ere.

1102 1556 1241 1600 Accepit
1253 1555 1357 1588 virum
1369 1561 1476 1589 xerxes
1487 1554 1706 1602 perbenigne,
1729 1553 1844 1591 servo-

1097 1615 1171 1637 rum
1181 1614 1281 1650 atque
1294 1606 1440 1651 pecuniae
1460 1603 1577 1651 magna
1594 1603 1684 1650 copia
1694 1607 1846 1640 cumula-

1099 1653 1166 1692 vit,
1184 1664 1286 1687 uxore
1307 1651 1437 1699 insuper
1447 1652 1555 1688 nobili
1567 1652 1702 1687 donavit
1715 1679 1725 1694 ,
1743 1658 1776 1689 ὅ(
1788 1655 1847 1689 tri-

1100 1700 1160 1735 bus
1178 1703 1213 1734 in
1232 1702 1328 1735 Ionia
1337 1700 1525 1736 civitatibus
1542 1702 1657 1750 amplis
1670 1705 1703 1736 in
1716 1703 1845 1742 dotem,

1100 1750 1266 1799 Lampsaci,
1280 1751 1663 1798 cujusg‘generosiffimum
1683 1753 1794 1786 vinum
1807 1753 1849 1790 ad

1099 1810 1230 1848 porum,
1241 1800 1397 1847 Magnefid,
1406 1799 1462 1835 nbi
1470 1800 1764 1848 praestantissimum
1776 1800 1847 1836 fru-

1102 1860 1250 1884 mentum
1263 1851 1303 1884 ad
1318 1861 1435 1896 panem
1453 1875 1464 1891 ‚
1490 1853 1602 1886 Miunte
1614 1879 1624 1892 ‚
1641 1853 1674 1883 in
1687 1863 1750 1897 qua
1763 1851 1846 1897 sapi-

1102 1897 1220 1934 diffimi
1240 1896 1338 1944 pisces
1357 1901 1390 1932 in
1407 1897 1592 1933 obsonium¹
1627 1900 1721 1946 AEgre
1735 1910 1845 1935 tamen

1096 1949 1134 1981 hi
1143 1949 1225 1995 regis
1239 1947 1368 1982 favores
1379 1947 1501 1982 servare
1515 1949 1721 1996 Themistoclem
1733 1948 1847 1995 ἕρπε-

1101 1995 1182 2031 senti
1193 1998 1291 2031 exitio
1303 2011 1311 2030 ε
1325 1998 1427 2045 Regis
1438 1997 1541 2034 soror,
1552 2000 1641 2040 cujus
1652 2000 1774 2045 gemini
1787 1996 1848 2032 filii

1101 2049 1134 2080 in
1146 2059 1256 2095 pugna
1264 2042 1433 2082 Salamini&
1444 2044 1607 2092 periiss'eut
1620 2071 1629 2086 ‚
1646 2048 1777 2081 audiens
1787 2048 1850 2082 ad-

1101 2095 1259 2131 esseillius
1269 2095 1372 2132 cladis
1385 2097 1555 2131 auctorem
1569 2120 1578 2135 ,
1596 2096 1728 2129 advolat
1741 2099 1774 2128 in
1787 2107 1851 2129 au-

1100 2148 1166 2181 lam
1178 2145 1357 2193 plenissima
1367 2144 1522 2179 furiarum
1535 2158 1543 2178 :
1557 2154 1722 2183 convocat
1733 2143 1846 2177 infini-

1101 2206 1167 2227 tam
1181 2195 1294 2239 populi
1306 2204 1442 2225 manum
1455 2216 1466 2232 ‚
1486 2196 1577 2237 cujus
1595 2194 1694 2238 aliqui
1709 2194 1739 2225 in
1754 2192 1844 2227 bello

1101 2244 1217 2275 Graeco
1227 2239 1392 2274 necessarii
1411 2239 1635 2275 occubuissent
1650 2267 1660 2282 ‚
1679 2241 1845 2278 eircumfi-
1864 2253 1941 2293 AEgr&
1957 2254 1976 2284 ἦ

1099 2289 1186 2324 stunt
1199 2290 1328 2336 Regem
1341 2313 1351 2329 ‚
1370 2288 1519 2323 seditiose
1530 2289 1673 2324 clamant
1684 2316 1692 2328 ‚
1711 2293 1845 2326 dedere-
1863 2297 1988 2325 mulierum

1099 2350 1150 2373 tur
1161 2337 1441 2386 fibiThemiflocles,
1459 2351 1559 2386 quem
1581 2342 1690 2375 vivum
1707 2353 1843 2384 Janqam
1865 2337 1974 2385 P⁶'fi‘'‘{'

1100 2389 1296 2423 dilaniarent
1307 2404 1319 2434 3
1330 2389 1381 2422 vix
1391 2389 1546 2436 impetrat
1559 2396 1662 2424 Xerxes
1673 2401 1707 2424 ut
1718 2387 1843 2424 audire·
1863 2384 1962 2446 xm?
2030 2429 2031 2434 ¹

1100 2449 1152 2472 tur
1164 2462 1173 2478 ,
1192 2437 1339 2472 diCturus
1350 2437 1472 2472 causam
1488 2439 1525 2472 ad
1537 2449 1660 2474 certum
1680 2438 1768 2472 diem
1787 2451 1844 2472 co·
1864 2419 1994 2489 (Ιὲἶτὲζιῖζ

1099 2499 1168 2520 ram
1179 2484 1288 2520 senatu
1299 2486 1478 2522 Persarum:
1490 2499 1564 2521 cum
1577 2487 1751 2522 adveniffet
1763 2486 1846 2529 dies,
1862 2506 1913 2529 m,
1947 2467 1966 2499 p
1991 2487 1994 2489 ⁴
2029 2479 2032 2484 ,

1100 2535 1291 2582 Themistocles
1312 2540 1380 2582 jam
1400 2534 1560 2570 Persicum
1575 2537 1708 2571 edocitus
1718 2534 1845 2569 sermo-

1100 2597 1177 2619 nem
1188 2608 1196 2620 ,
1205 2586 1251 2618 ita
1262 2585 1428 2629 peroravit
1439 2595 1472 2618 ut
1482 2582 1572 2617 suam
1584 2585 1711 2619 causam
1723 2584 1846 2631 proba-

1099 2644 1147 2668 ret
1155 2633 1317 2676 judicibus
1327 2633 1427 2666 etiam
1443 2631 1556 2669 Persis.

1151 2680 1264 2715 Fidem
1274 2684 1361 2716 Xerxi
1369 2681 1457 2716 dedit
1467 2683 1658 2729 Themistocles
1666 2682 1706 2717 de
1717 2682 1842 2717 ducen-
1861 2686 1973 2714 Mavult

1100 2730 1146 2765 do
1159 2732 1191 2763 in
1203 2731 1365 2764 Graeciam
1378 2732 1520 2765 exercitu
1540 2756 1551 2773 ‚
1577 2730 1634 2766 sed
1653 2745 1724 2766 cum
1737 2731 1778 2766 ad
1793 2732 1841 2765 di·
1861 2728 1919 2773 ’ΨΜ
1932 2725 1999 2755 ΤῙἘ·
2020 2739 2023 2758 ῑ

1099 2780 1326 2827 cendumRegi
1336 2791 1455 2813 contra
1464 2782 1597 2827 patriam
1608 2779 1843 2814 sacramentum
1861 2769 1976 2815 msice&

1100 2827 1241 2866 venisset,
1253 2830 1336 2863 inter
1347 2827 1500 2864 sacrificia
1510 2827 1674 2875 sumptum
1687 2831 1717 2863 in
1730 2842 1845 2864 manns
1860 2818 1971 2886 {2223

1100 2879 1218 2912 taurini
1243 2877 1405 2925 sanguinis
1427 2878 1557 2911 calicem
1576 2877 1737 2919 exhausit,
1759 2881 1844 2913 &ab
1864 2890 1993 2928 „mser-4

1097 2926 1210 2960 haustu
1218 2937 1294 2959 mox
1304 2927 1630 2973 expiravit,eligensin
1641 2925 1849 2976 semetipsum
1866 2942 1898 2959 rc.

1100 2977 1210 3022 potius
1220 2976 1269 3007 vir
1280 2976 1427 3019 optimus
1438 2975 1571 3017 injurius
1583 2974 1654 3010 fieri
1668 3002 1675 3016 ‚
1688 2977 1785 3024 quam
1798 2979 1847 3013 vel

1100 3026 1133 3057 in
1145 3025 1288 3057 amicum
1303 3024 1501 3068 Regem‚vel
1514 3026 1546 3057 in
1559 3024 1713 3060 dilectam
1736 3051 1747 3067 ‚
1772 3035 1846 3061 utut

1101 3075 1275 3120 ingratam,
1287 3074 1440 3118 patriam.

1151 3121 1439 3167 Sanguinatiorum
1461 3132 1552 3156 mors
1577 3120 1661 3159 solet
1686 3121 1747 3156 esse
1774 3121 1845 3155 san-

1100 3172 1245 3221 guinaria
1272 3182 1280 3205 :
1307 3171 1406 3208 Xerxis
1418 3170 1719 3219 culpfiinfinitorum
1729 3171 1847 3205 homi-

1763 3231 1843 3254 num
