2048 3343
79 485 177 518 Magna
194 484 230 508 tu-

80 523 184 549 daeorum
195 526 232 549 A·

81 562 213 589 lexamsm

83 601 193 630 [amena.

69 2640 181 2678 Afinaeus

71 2690 165 2710 veneno
172 2702 182 2716 ,

75 3111 185 3139 Anilam

72 3152 155 3187 gladio
161 3159 204 3190 pe-

76 3199 122 3219 nt.

495 108 573 134 ET
633 95 1270 135 CHR0N0L0G101

249 166 369 217 j'eEtum
382 167 601 215 Euangelium.
633 168 822 204 Alexandriae
836 168 907 203 &in
920 167 1018 201 vicina

247 221 395 266 eAEgypto
408 230 518 265 magna
532 217 664 265 degebat
673 218 856 265 Judaeorum
869 215 957 250 turba
969 214 1018 249 su-

245 268 300 316 pra
316 267 417 300 decies
430 268 547 301 centies
561 267 644 301 mille
659 280 667 300 ε
693 269 837 314 ΨΕὲΪΡΙί
849 262 1016 299 Praefe&us

244 318 370 351 Flavzm
384 327 524 350 metucns
539 329 578 350 ne
591 316 726 361 populus
742 313 965 358 Alexandrinus
979 313 1016 346 de

244 378 337 414 prava
352 364 400 399 sua
413 364 678 399 administratione
694 366 765 412 Cajo
778 373 976 409 quereretur,
985 365 1015 397 &

244 415 283 450 ab
303 413 407 449 insano
425 415 565 460 Principe
579 413 748 459 perniciem
761 411 816 446 libi
838 410 925 447 facile
940 424 1015 459 pro-

245 473 379 500 curaret:
395 462 598 510 aquibuldain
607 459 759 510 persuasus
770 462 813 497 est
822 463 909 496 nullo
918 460 1013 509 ipsum

246 517 364 559 majore
374 511 531 547 beneficio
543 513 768 548 Alexandrinos
782 513 898 559 placare
911 510 1012 560 posse,

244 564 340 611 quam
358 562 497 597 vexando
511 563 637 609 Judaeos
662 576 670 596 ι
693 560 757 596 hoc
780 563 831 596 ille
854 561 1015 597 confilium

245 623 328 648 tanta
341 624 412 646 cum
425 611 571 646 industria
586 622 756 659 exequutus
763 611 806 646 est
815 637 824 652 ‚
846 623 879 646 ut
887 612 1016 660 plurima

243 662 428 711 Judaeorum
441 662 536 696 millia
548 660 662 709 absque
670 662 895 696 omnicrimine
907 661 1017 708 partim

248 713 265 747 a
288 711 341 745 suo
367 712 465 746 milite
480 736 489 750 ,
522 713 634 758 partim
652 710 670 745 a
694 712 806 745 Graeca
827 711 1017 745 Alexandriae

247 761 341 810 plebe
359 760 561 795 crudelissime
575 761 674 794 necari
690 762 894 806 permitteret.
932 758 1018 794 Cum

246 812 286 846 de
302 811 400 844 atroci
413 809 508 845 hacce
522 810 632 854 injuria
644 810 728 843 Philo
737 823 806 844 cum
815 810 880 844 aliis
889 809 1014 857 Judaeo-

246 861 430 908 rumh-gatis
447 862 518 905 Cajo
532 871 794 907 conquereretur,
809 862 927 909 Appion
941 860 1016 892 Ale-

243 909 411 946 xandrinus
425 909 795 956 libertorurncajiopera
808 910 848 944 ita
856 922 927 943 eum
936 921 1012 943 con-

245 971 291 995 tra
299 960 430 1007 Judaeos
443 959 582 994 accendit
604 959 619 1004 (
633 958 721 1007 quod
734 959 789 1005 ipsi
803 971 835 993 ut
847 971 922 993 vero
938 960 1013 992 Deo

242 1010 404 1044 noluerint
417 1006 583 1043 sacrificare
599 1010 613 1054 )
637 1020 670 1043 ut
683 1020 790 1055 parum
803 1006 956 1042 abfuerint
976 1008 1014 1042 ab

244 1059 360 1093 ultimo
368 1070 421 1104 per
429 1069 530 1093 totam
542 1059 723 1107 &Egyptum
737 1059 938 1097 exterminio,
966 1056 1014 1093 sed

242 1108 346 1143 divina
364 1105 482 1142 faetum
495 1107 540 1141 est
552 1107 746 1154 providentia
759 1117 791 1141 ut
804 1108 861 1141 alia
874 1108 912 1141 de
925 1109 1014 1142 causa

242 1159 389 1192 Flavium
398 1159 489 1202 Cajus
496 1157 663 1195 necaverit,
673 1159 705 1190 ἅ·
718 1168 849 1203 propera
855 1159 920 1201 ejus
928 1169 1013 1191 mors

237 1208 366 1255 Judaeos
385 1205 615 1240 Alexandrinos
633 1205 673 1240 ab
687 1206 887 1252 Imperatoris
906 1203 1012 1241 furore

242 1255 428 1290 liberaverit.

279 1305 368 1338 Tum
376 1305 815 1352 temporisJudaeorum'quam
823 1304 945 1351 plurimi
952 1303 1012 1340 Ba-

240 1353 404 1399 byloniam
412 1353 559 1388 colebant
571 1352 1011 1399 N:sibi,Ctefiphonte,Neer-

239 1404 303 1443 dae,
325 1401 449 1450 aliisque
457 1403 494 1436 ad
509 1403 700 1450 Euphratem
709 1401 852 1438 urbibus:
870 1418 905 1438 ex
920 1406 1009 1449 iisju-

238 1466 333 1488 venes
342 1455 406 1488 duo
413 1451 520 1487 fratres
529 1454 658 1498 Asinaeus
665 1456 696 1487 &
710 1453 841 1487 Anilaeus
849 1465 1011 1488 textrinam

239 1503 373 1537 Neerdae
388 1513 565 1536 exercentes
581 1502 597 1536 ιὶ
617 1500 768 1549 magistro
781 1505 851 1536 artis
865 1502 944 1538 male
958 1503 1010 1538 ha-

239 1550 300 1585 biti
307 1551 458 1598 correptis
466 1551 556 1584 armis
565 1551 596 1584 in
604 1551 716 1584 vicinia
725 1552 1011 1597 egeruntlatrones3

240 1602 279 1636 ad
293 1613 348 1636 eos
361 1611 443 1635 tanta
457 1613 533 1635 mox
547 1600 699 1635 confluxit
713 1600 862 1635 colluvies
872 1626 881 1641 ,
897 1613 928 1636 ut
941 1603 1011 1649 justi

237 1660 306 1685 tum
320 1650 471 1686 exercitiis
479 1650 571 1685 duces
580 1663 651 1685 cum
663 1648 819 1683 Artabani
827 1651 1013 1687 Parthorum·

239 1701 341 1749 Regis
361 1698 518 1736 Praefeetis
532 1700 697 1748 aliquoties
716 1699 854 1735 victores
873 1701 1010 1737 decerta-

238 1752 301 1785 rint
320 1766 329 1786 z
355 1750 428 1785 hinc
442 1750 480 1785 ad
500 1749 677 1785 eAmbam'
697 1762 783 1785 aures
798 1763 909 1786 eorum
931 1749 1010 1787 fama

235 1801 398 1848 pervenire
416 1815 426 1842 ς
459 1804 491 1836 &
519 1798 657 1848 ipsorum
678 1800 885 1835 videndorum
906 1801 1008 1837 studio

235 1851 308 1885 Rex
332 1849 460 1898 flagrare
472 1874 480 1887 ‚
509 1850 563 1897 ipfi
584 1849 659 1884 vero
679 1850 769 1898 ραξὶέι
796 1852 884 1899 regio
909 1853 1008 1887 verbo

235 1899 453 1935 incolumitate
471 1900 508 1934 ad
522 1899 619 1948 ipsum
645 1901 721 1934 itare
746 1913 754 1935 :
787 1902 858 1935 Rex
883 1903 1006 1946 juvenes

234 1951 341 1997 magni
356 1947 455 1985 facere
469 1974 479 1990 ,
505 1954 538 1985 &
552 1950 678 1998 egregie
693 1949 825 1986 donatos
838 1951 1005 1992 dimittere,

237 1998 385 2047 impolita
405 2002 478 2036 cura
491 2010 523 2034 ut
538 1999 733 2048 Babyloniam
753 1998 809 2035 suis
828 2002 919 2035 armis
933 2002 949 2036 a
962 2003 1002 2036 la-

1328 94 1465 135 LIB.
1524 87 1582 135 ῙῘ.
1791 111 1816 148 7

1057 165 1310 214 commigravere.
1351 169 1482 202 Seleucia
1499 168 1516 203 εὶ
1534 168 1655 202 Graecis
1677 166 1821 217 Syrisque

1057 215 1135 250 male
1151 217 1232 250 inter
1251 213 1280 250 se
1298 218 1508 252 concordibus
1528 217 1710 258 colebatur3
1735 231 1821 252 acce-

1055 265 1199 300 dentibus
1212 264 1249 299 ad
1263 267 1412 313 Syrorum
1424 278 1524 312 partes
1532 268 1620 301 novis
1633 267 1820 314 advenisJu-

1055 313 1124 348 daeis
1144 315 1250 349 Graeci
1265 312 1426 348 inferiores
1439 316 1560 350 evasere
1577 330 1585 350 ε
1613 315 1662 351 sed
1676 315 1776 350 statim
1791 315 1819 350 se

1053 363 1090 395 ad
1104 365 1197 408 Syros
1211 374 1428 399 converterunt
1442 362 1640 399 firmiffimam
1661 379 1695 400 ac
1707 378 1818 413 perpe-

1053 416 1138 445 tuam
1157 423 1264 458 pacem
1278 412 1444 448 offerentes
1457 436 1466 449 ‚
1488 414 1587 447 modo
1603 413 1704 449 secum
1717 417 1748 449 in
1758 416 1817 462 Ju-

1053 461 1190 495 daeorum
1204 463 1374 509 perniciem
1395 463 1508 497 vellent
1521 462 1692 509 conspirare
1715 479 1723 499 :
1753 468 1816 498 Ac·
1833 477 1929 511 Magna
1941 481 1984 504 Ja-

1053 519 1140 558 cepta
1160 512 1204 547 est
1219 512 1360 546 conditio
1378 535 1388 550 ‚
1414 512 1503 558 Syri,
1523 511 1693 559 Graecique
1713 514 1742 547 in
1757 515 1814 560 Ju-
1832 516 1937 543 davrum
1956 519 1984 544 ie-

1053 560 1136 594 daeos
1144 561 1315 597 involantes
1329 561 1413 608 supra
1425 561 1628 609 quinquagies
1636 562 1719 595 mille
1732 561 1814 597 ferro
1832 555 1969 591 Babylonia

1054 609 1244 646 deleverunt.
1293 614 1337 646 Ita
1362 624 1428 648 non
1455 609 1556 644 minus
1580 613 1611 644 in
1645 611 1816 659 Babylonia
1831 596 1906 623 cades.

1054 660 1146 707 quam
1167 664 1243 705 (Δρ
1251 671 1311 710 ypto
1325 660 1416 708 paulo
1436 659 1506 708 post
1521 659 1681 694 Christum
1694 661 1817 695 crucifi-

1054 722 1127 742 xum
1145 733 1156 749 ,
1189 705 1328 745 mssimnae
1355 711 1535 760 deaeorurn
1560 710 1660 744 clades
1683 708 1815 744 fuerunt.

1057 761 1115 793 Sed
1133 759 1198 795 haec
1217 760 1336 795 tantum
1361 761 1444 794 initia
1463 759 1617 794 malorum
1630 772 1698 808 quae
1717 760 1817 795 divina

1055 822 1160 843 manus
1176 810 1239 844 hoc
1252 811 1345 857 pasto
1360 809 1491 844 immisit.

1101 862 1191 905 Cajus
1205 861 1365 893 Vitellium
1379 872 1414 893 ex
1427 861 1514 907 Syria
1528 860 1698 896 revocavit,
1715 860 1813 895 virum
1834 873 1960 900 mmmm„

1051 905 1247 943 fortiffimum
1260 933 1270 948 ,
1297 913 1327 944 δι
1347 909 1378 941 in
1398 909 1483 942 bello
1498 911 1668 943 Armenico
1686 922 1719 943 ac
1738 912 1810 943 Par-
1829 912 1875 949 fica
1891 913 1982 949 servat

1050 956 1136 991 thico
1151 955 1272 992 felicem
1288 971 1296 991 :
1322 958 1386 991 haec
1395 960 1457 1001 ejus
1466 955 1729 997 fundicalamitas‚
1743 971 1814 993 nam
1830 954 1954 980 adulatio.

1051 1008 1162 1054 Cajusi
1177 1004 1310 1041 fortibus
1325 1007 1557 1041 Provinciarum
1567 1007 1719 1054 praefthis
1726 1008 1813 1042 valde

1049 1054 1103 1089 libi
1120 1056 1284 1092 metuebat.
1323 1056 1486 1091 Vitellium
1497 1080 1506 1092 ‚
1531 1067 1564 1090 ut
1577 1059 1613 1090 ad
1627 1055 1654 1090 se
1667 1057 1807 1097 venisset,

1048 1104 1150 1140 statuit
1163 1119 1271 1141 necare
1285 1119 1294 1146 3
1326 1105 1433 1140 verum
1452 1117 1484 1139 ut
1497 1107 1579 1139 venit
1593 1116 1655 1139 tam
1670 1105 1810 1154 singulari

1049 1156 1217 1192 modestia,
1233 1155 1403 1189 humilitate
1417 1155 1723 1191 &adulatione‚cum
1739 1159 1810 1198 Caso

1047 1203 1177 1238 versatus
1190 1205 1234 1239 est
1248 1229 1258 1245 ,
1285 1215 1316 1238 ut
1331 1207 1421 1251 Cajus
1440 1216 1505 1238 non
1518 1204 1697 1239 abstinuerit
1709 1200 1810 1238 modo

1048 1254 1063 1287 τὶ
1077 1252 1155 1288 saevis
1169 1256 1200 1288 in
1218 1267 1290 1288 eum
1303 1254 1470 1294 mandatis,
1497 1251 1645 1288 sedetiam
1659 1255 1738 1288 inter
1746 1255 1811 1301 pri-

1038 1305 1161 1337 ·marios
1174 1305 1293 1338 amicos
1302 1303 1445 1337 asciverit.
1468 1306 1502 1337 In
1509 1306 1595 1347 Syria
1607 1304 1736 1339 Vitellio
1745 1303 1812 1337 suc-

1033 1352 1129 1386 -ceslit
1140 1355 1305 1386 ‘Petronius
1323 1367 1333 1385 .·
1356 1354 1429 1387 dura
1442 1352 1514 1387 huic
1526 1348 1624 1398 'Casus
1638 1355 1668 1387 in
1683 1353 1810 1401 Judaeos

1048 1404 1184 1436 mandata
1206 1404 1288 1437 dedit
1301 1416 1310 1442 ;
1340 1402 1419 1447 juffit
1441 1403 1524 1436 enim
1538 1400 1621 1436 suam
1635 1403 1666 1436 in
1684 1403 1808 1449 templo

1047 1451 1335 1499 Hierosolymitano
1343 1452 1509 1499 imaginem
1519 1452 1704 1486 adorandam
1712 1451 1810 1486 statui:

1047 1503 1119 1535 dum
1141 1500 1265 1536 infinita
1278 1501 1460 1549 Judaeorum
1480 1501 1648 1535 multitudo
1662 1502 1698 1535 ad
1711 1505 1813 1535 Petro-

1046 1564 1131 1584 mam
1146 1549 1290 1586 Caesareae
1306 1549 1433 1586 venisset
1447 1552 1643 1598 deprecatum
1663 1551 1813 1584 intolera-

1044 1601 1109 1639 bile
1121 1600 1184 1635 hoc
1193 1600 1247 1635 fibi
1257 1599 1348 1635 scelus
1358 1624 1366 1636 ,
1392 1603 1546 1634 Petronii-5
1555 1597 1811 1648 Judaeorum'rni-

1046 1648 1140 1685 sertus
1153 1675 1163 1690 ,
1191 1652 1340 1698 quantum
1360 1651 1483 1696 potuit,
1510 1650 1727 1685 mandatorum
1741 1651 1810 1698 Caji

1045 1699 1161 1735 distulit
1176 1701 1405 1735 executionem.
1538 1707 1542 1710 ”

1092 1752 1127 1783 In
1140 1749 1274 1783 florente
1282 1760 1354 1784 tunc
1362 1749 1440 1797 apud
1449 1750 1563 1796 Cajum
1572 1748 1629 1785 fuit
1636 1750 1733 1798 gratia
1742 1750 1811 1785 He-
1826 1761 1933 1790 Herodes
1939 1767 1980 1792 Aa

1044 1799 1137 1835 rodes
1151 1801 1287 1847 Agrippa
1303 1813 1311 1834 z
1338 1799 1391 1833 hic
1403 1800 1530 1834 Herodis
1541 1803 1698 1849 Magni&
1711 1802 1808 1834 Mar·
1823 1805 1909 1851 grippa
1924 1806 1979 1832 Rex

1043 1862 1160 1883 camaes
1172 1862 1269 1896 nepos
1284 1861 1319 1883 ex
1334 1848 1400 1883 filio
1418 1849 1605 1894 yloertstobulo
1620 1874 1632 1889 ,
1653 1861 1746 1898 quem
1758 1861 1809 1897 pa·
1826 1844 1918 1877 aeajo

1044 1912 1088 1934 ter
1101 1912 1172 1934 cum
1188 1896 1278 1933 fratre
1298 1899 1475 1932 Alexandro
1489 1898 1664 1936 necaverat,
1683 1899 1811 1934 maximi
1826 1891 1935 1911 creatus.

1042 1949 1259 1994 animijuvenis
1273 1972 1282 1988 ,
1310 1947 1397 1982 sedin
1405 1949 1489 1982 tenui
1499 1948 1668 1985 admodum
1685 1947 1812 1984 fortuna

1043 2000 1154 2033 Komae
1170 2011 1244 2046 puer
1258 2000 1289 2031 in
1303 1996 1430 2032 Caesaris
1443 1997 1509 2031 aulc'i
1523 1998 1667 2032 educatus
1681 1996 1757 2033 fuit:
1770 2011 1807 2035 e-

235 2050 375 2083 trocinio
388 2060 559 2084 tutarentur
578 2063 587 2084 :
622 2048 654 2083 hi
660 2062 697 2084 nc
710 2049 764 2096 ipsi
779 2051 830 2084 diu
845 2051 958 2097 opibus
972 2056 1002 2086 &
1040 2051 1086 2093 jus
1102 2060 1198 2082 mater
1205 2051 1344 2081 Berenice
1353 2049 1486 2079 Antonia
1494 2050 1709 2082 Germanici&
1718 2049 1810 2081 Clau-

233 2096 315 2133 fama
333 2097 447 2132 florere
466 2112 476 2139 ;
507 2099 610 2134 donec
627 2100 758 2133 Anilaus
781 2101 886 2134 uxoris
911 2102 1002 2135 vicini

230 2145 374 2183 Praefceti
389 2160 496 2182 amore
513 2142 644 2196 flagrans
662 2148 717 2195 ipfi
731 2150 847 2185 bellum
861 2163 1003 2185 moveret

233 2201 266 2232 &
285 2198 317 2231 in
340 2198 456 2245 proelio
476 2199 635 2232 occideret
652 2222 662 2237 ‚
689 2198 846 2247 occisique
870 2213 1002 2234 uxorem

231 2247 364 2282 domum
378 2246 458 2282 suam
471 2247 638 2282 deduceret
658 2260 667 2281 z
693 2247 804 2281 mulier
818 2247 925 2282 illasua
934 2248 995 2294 pul-

232 2296 408 2330 chritudine
425 2298 467 2330 ita
479 2298 628 2330 Anilaum
643 2296 833 2331 dementavit
844 2321 855 2336 ,
875 2308 908 2331 ut
921 2298 1000 2344 apud

233 2343 332 2391 ipsum
352 2357 416 2378 nou
432 2355 550 2379 tantum
571 2345 678 2379 omnia
697 2345 752 2377 alia
765 2347 904 2391 potuerit
919 2371 930 2385 ,
951 2345 1000 2380 sed

235 2393 327 2428 etiam
347 2393 429 2426 idola
448 2392 496 2427 sua
515 2392 652 2428 Parthica
672 2392 797 2440 publice
810 2394 916 2427 coltre
930 2407 1000 2440 per-

234 2441 320 2476 miffa
335 2441 378 2477 lit.
409 2443 710 2489 OmnestumJudaei
722 2439 856 2476 fremere
870 2443 902 2477 in
917 2446 999 2476 Ani-

234 2493 333 2528 laeum,
351 2492 554 2539 eAfinaeusque
566 2489 658 2525 frater
672 2491 725 2537 ipsi
740 2490 818 2526 serio
835 2490 955 2527 suadere
969 2505 1002 2527 ut

233 2554 366 2576 uxorem
384 2543 414 2575 in
429 2542 605 2575 Idolo'atria
620 2542 808 2588 pertinacem
832 2543 1001 2576 remitteret

233 2592 270 2626 ad
285 2589 374 2632 suos3
397 2591 433 2626 d:
447 2590 503 2625 hac
519 2590 628 2625 Afinaei
648 2602 753 2625 mente
766 2591 782 2624 a
797 2592 907 2626 marito
927 2605 1000 2626 mo-

233 2641 295 2676 nita
305 2641 470 2687 pravissima
483 2640 763 2679 mulier,Asmaeum
773 2654 894 2675 veneno
907 2641 1001 2676 sustu-

232 2691 276 2725 lit.
293 2690 424 2724 istorum
437 2688 581 2724 scelerum
590 2692 640 2725 vin
648 2691 724 2725 iifih
733 2704 795 2724 non
804 2691 855 2724 diu
865 2693 998 2725 tardavit.

232 2740 437 2776 fllithridates
451 2740 606 2773 Artabani
619 2754 713 2787 gener
726 2742 908 2788 Babyloniae
922 2746 1000 2776 {³1¹ae-

233 2788 334 2826 fectus
344 2792 452 2823 Amlaeo
461 2790 575 2824 bellum
585 2793 738 2827 movet‚in
747 2792 862 2837 proelio
871 2791 999 2826 Parthos

233 2839 498 2887 Judaeifu-struur,
516 2844 547 2874 &
563 2840 783 2872 Mithridatem
791 2852 939 2887 ceperunt
954 2843 998 2874 vi-

234 2902 308 2923 vum
323 2905 330 2924 :
357 2891 639 2925 MtlyrtAEzti'vitaiii
647 2890 860 2924 aclibertatem
872 2892 999 2923 Andanis

235 2938 358 2985 largitus
374 2940 417 2975 est
432 2966 441 2980 ,
463 2939 511 2975 sed
527 2941 670 2976 reducem
689 2939 909 2975 Mithridatem
922 2954 1000 2973 uxor

236 2987 391 3022 Artabani
404 2989 464 3024 filia
476 3002 524 3024 tot
536 2990 684 3025 conviciis
693 2992 824 3036 accepit.
839 3004 870 3025 ut
883 2989 999 3025 necesse

236 3036 376 3072 habuerit
390 3040 505 3074 bellum
512 3043 659 3074 contras!
670 3041 999 3089 titieumredintegrare,

241 3086 293 3121 ubi
314 3088 440 3134 Judaeos
459 3088 580 3123 securos
600 3092 742 3125 invadens
764 3104 904 3139 magnam
927 3090 999 3124 stra-

1038 2099 1119 2132 a'u'm
1130 2099 1178 2131 «tri
1192 2095 1248 2131 fuit
1262 2095 1471 2143 perfamiliaris
1485 2108 1494 2135 ;
1522 2093 1593 2130 cum
1602 2096 1805 2132 domiomnia

1036 2148 1157 2193 juvenis
1170 2144 1353 2185 decoxisstt,
1375 2157 1553 2192 magnoque
1565 2146 1688 2192 insuper
1700 2160 1758 2182 aere
1771 2160 1806 2181 a-

1038 2199 1122 2231 lieno
1136 2207 1325 2242 premeretur
1338 2219 1348 2234 ‚
1372 2196 1403 2228 in
1411 2196 1532 2227 Italiam
1540 2195 1576 2230 ad
1587 2195 1741 2229 Tiberium
1752 2208 1808 2230 na-

1037 2248 1150 2293 vigavit
1164 2270 1172 2282 ‚
1197 2244 1364 2279 difficulter
1384 2244 1555 2278 admodum
1572 2245 1678 2292 parata
1694 2245 1732 2280 ad
1750 2246 1809 2280 iter

1035 2295 1176 2341 pecunia.
1218 2298 1247 2330 A
1269 2293 1387 2327 Tiberio
1404 2294 1435 2326 in
1451 2292 1545 2328 insula
1560 2293 1688 2342 Capreis
1707 2295 1806 2330 amic&

1034 2355 1176 2390 acceptus
1194 2343 1239 2378 est
1252 2367 1260 2380 ,
1286 2348 1318 2379 ὅ(
1334 2344 1472 2378 R-omam
1486 2342 1622 2377 dimissus
1630 2356 1701 2382 cum
1715 2357 1804 2378 man-

1035 2393 1110 2426 datis
1127 2404 1160 2426 ut
1180 2393 1287 2439 nepoti
1307 2391 1362 2425 suo
1382 2391 1500 2424 Tiberio
1526 2391 1715 2427 adhaereret:
1740 2391 1803 2439 ipse
1821 2435 1823 2438 ι

1035 2451 1139 2476 tamen
1155 2444 1268 2485 Caium
1279 2441 1375 2488 magis
1389 2441 1486 2474 coluit
1496 2464 1507 2480 ‚
1533 2453 1605 2475 curn
1625 2453 1690 2489 quo
1705 2443 1736 2475 in
1748 2455 1803 2476 ve-

1033 2492 1141 2525 hiculo
1156 2492 1321 2539 aliquando
1334 2490 1447 2525 delatus
1461 2491 1493 2525 in
1508 2502 1644 2538 campos,
1660 2491 1803 2527 audiente

1035 2541 1166 2589 Eutycho
1182 2540 1268 2573 servo
1289 2538 1343 2574 suo
1362 2540 1468 2587 auriga
1482 2540 1591 2573 Deum
1608 2552 1746 2586 precatus
1768 2554 1802 2576 e-

1037 2601 1080 2624 tat
1089 2601 1122 2623 ut
1131 2590 1248 2623 Tiberio
1261 2600 1395 2623 mortem
1404 2613 1413 2628 ,
1421 2601 1454 2623 ac
1461 2590 1544 2632 Cajo
1557 2589 1722 2636 imperium
1735 2604 1801 2625 ma-

1035 2648 1159 2675 turaret.
1199 2639 1312 2675 Postea
1336 2637 1408 2673 citm
1430 2638 1600 2686 Eutychum
1624 2639 1799 2685 postulfiffet

1035 2688 1129 2729 furti,
1153 2687 1297 2737 fugitivus
1315 2688 1366 2723 hic
1384 2688 1421 2722 ad
1440 2689 1574 2734 Capreas
1588 2689 1675 2724 evasit
1690 2703 1799 2740 magna

1036 2738 1064 2775 se
1077 2737 1158 2774 ferre
1172 2741 1318 2775 nuncians
1337 2762 1344 2774 ‚
1371 2750 1439 2786 quae
1463 2737 1578 2771 Tiberii
1597 2739 1730 2775 multum
1749 2743 1799 2775 in-

1035 2800 1145 2824 tererat
1164 2787 1247 2824 scire.
1281 2789 1418 2823 Tiberim
1432 2799 1648 2828 contemnere,
1674 2788 1723 2824 sed
1748 2793 1795 2824 A-

1036 2841 1143 2887 grippa
1157 2852 1212 2887 per
1233 2842 1400 2874 Antoniam
1419 2839 1505 2872 valde
1531 2851 1671 2886 premere
1685 2851 1718 2874 ut
1731 2842 1799 2874 Eu-

1033 2889 1135 2937 tychus
1153 2890 1308 2924 audiretur
1324 2904 1332 2924 ε
1366 2888 1437 2923 cuin
1457 2889 1578 2923 tandem
1601 2890 1745 2936 Agrippae
1763 2903 1798 2924 ac

1035 2943 1169 2973 Antonia
1188 2940 1419 2987 importunitate
1435 2939 1532 2972 victus
1552 2936 1687 2972 Tiberius
1702 2943 1797 2988 Euty-

1033 2990 1125 3023 chum
1146 2989 1315 3024 advocfiffer
1329 3014 1338 3029 ,
1366 2993 1397 3024 &
1417 2989 1455 3022 ab
1479 3001 1519 3022 eo
1538 2989 1684 3035 Agrippae
1705 2990 1797 3024 verba

1035 3038 1192 3085 accepiffct
1211 3064 1221 3079 ‚
1253 3039 1353 3075 statim
1378 3037 1455 3081 juslit
1476 3040 1644 3086 Agrippam
1668 3039 1700 3072 in
1723 3040 1797 3074 dura

1034 3090 1152 3124 vincul-1
1169 3091 1306 3133 conjici3
1334 3089 1407 3123 nihil
1422 3088 1577 3123 valuerunt
1593 3089 1739 3135 Agrippae
1755 3090 1796 3123 la*

237 3150 309 3184 gem
325 3138 419 3172 edidit
432 3163 441 3176 ‚
461 3141 578 3174 Anilaeo
592 3153 668 3175 iuter
682 3155 808 3177 caeteros
822 3140 926 3175 occrso
943 3165 952 3179 ,
986 3140 1001 3174 :i
1036 3150 1139 3173 menta
1157 3144 1188 3173 ὅ(
1209 3152 1314 3186 preces
1330 3163 1339 3178 ,
1371 3151 1472 3186 neque
1490 3149 1557 3174 tum
1576 3136 1641 3172 ausa
1660 3136 1717 3173 fuit
1737 3152 1794 3185 pro

238 3189 322 3224 cae-ie
340 3186 512 3236 superstites
524 3203 560 3226 ex
579 3202 644 3226 tota
658 3191 822 3240 Babylo-ata
837 3194 1001 3228 Seleuciam
1036 3190 1143 3226 vincio
1156 3191 1292 3226 Antonia
1302 3187 1472 3238 supplicare
1497 3203 1504 3224 :

1541 3187 1658 3224 tantum
1674 3191 1794 3223 Centu-

1678 3238 1800 3272 rionem
