2048 3343
5 297 136 349 iffi&

15 2837 17 2861 l

452 136 524 165 ET
584 127 1250 168 Canonoroctct

254 201 420 240 Secundo.
449 205 484 237 ln
506 200 654 238 confesso
671 202 716 237 cst
733 200 820 248 apud
832 199 956 251 doctos
1005 199 1090 235 hanc
1108 211 1175 235 tam
1199 205 1362 238 Waltonus
1380 206 1481 252 quixm
1503 209 1629 252 Capellus
1641 208 1753 242 multis

202 256 383 303 plurimum
394 251 454 287 effe
466 251 614 287 falsitatis
627 250 798 286 &fraudis
811 250 844 282 in
856 248 953 282 estos-
1002 247 1086 285 falsis
1105 251 1249 286 dioletiis
1266 250 1487 300 conspergunt
1497 281 1507 296 ‚
1527 255 1585 291 sed
1596 256 1683 290 „1111ss
1702 269 1753 292 η,

200 302 240 338 fis
255 304 402 337 nummis
415 328 425 344 ,
440 303 552 337 statuis
563 326 572 339 ‚
595 300 725 346 aliisque
735 298 956 332 subterraneis
1001 300 1091 333 tione
1101 299 1346 336 solidfitollunt.
1373 303 1513 338 Certum
1524 304 1566 340 est
1579 330 1590 346 ‚
1618 317 1679 339 nec
1689 318 1753 339 au-

50 224 140 250 Pmun
146 220 180 256 est·

43 261 106 301 fidei
112 263 139 307 isa

146 365 152 372 ·
199 354 443 388 monumentis.
470 347 903 395 VVaftrusficlidimidium‚
917 350 951 381 &

199 405 354 438 trientem
369 428 378 441 ‚
403 405 438 435 &
455 399 650 434 dodrantem
662 397 784 431 habere
801 396 832 431 se
842 395 951 443 profi-

197 464 287 489 tetur
310 451 412 487 literis
437 449 649 483 Samaritanis
671 445 767 481 cusos
783 472 793 488 ‚
824 448 952 481 Marinus

195 502 276 537 istos
289 511 408 534 omnes
427 497 565 532 fietitios
576 496 634 533 effe
653 495 814 537 affirmat3
834 496 951 543 quidni

196 551 286 585 idem
299 561 361 584 nos
375 545 579 582 affirmemus
595 547 635 581 de
652 545 732 580 siclo
749 548 887 594 scaligeri
899 551 951 578 'in-

196 611 291 647 tegro
304 598 435 640 ‚iisdem
448 598 566 637 literis,
581 595 695 631 iisdem
711 608 798 630 utnae
810 600 845 630 δε
856 596 952 642 virgae

195 648 310 697 figuris
332 645 488 695 impresso
509 652 520 681 ?
559 646 725 693 Equidem
762 645 884 680 dubito
910 655 951 676 an

194 701 301 734 ullum
313 698 415 732 hodie
434 698 467 731 in
479 698 572 731 terris
591 707 678 730 extet
689 704 949 729 monumentum

195 759 265 783 arte
275 745 402 783 factum
411 747 460 782 vel
470 758 507 781 ex
519 747 613 793 ligno
624 747 673 779 vel
685 743 809 792 lapide,
820 745 872 778 vel
882 754 952 776 me-

196 798 278 832 tallo
291 821 302 835 ‚
325 796 422 844 quod
441 795 512 830 dies
534 796 706 835 solomona,
733 795 853 827 nedum
873 793 953 826 ludi-

194 858 278 887 tum,
299 847 351 881 vel
370 846 448 893 lofim
468 847 620 893 attingat.
659 842 760 877 Certe
783 841 863 877 cum
885 838 951 881 Ski-

193 899 296 932 cardus
311 895 426 930 ficlum
439 895 529 930 suurn
545 904 737 942 argenteum
750 889 877 938 profert
888 915 898 931 ,
918 891 951 923 in

193 949 287 990 cujus
321 946 422 980 latere
463 945 564 979 literis
599 942 765 976 hodiernis
802 939 952 974 Hebraeis

192 996 358 1043 templum
371 1022 379 1034 ,
401 994 512 1028 &alio
525 995 626 1028 latere
648 1002 772 1025 nomen
793 987 951 1024 Solomonis

190 1045 368 1092 sculpitur,
392 1045 556 1079 Waltonus
565 1053 626 1088 pro
636 1039 718 1073 floro
731 1039 839 1082 rejicit
851 1049 950 1084 argu-

192 1104 324 1134 mente,
336 1091 492 1128 nonsatis
504 1116 513 1131 ,
525 1100 562 1124 ut
573 1089 704 1124 videtur
713 1112 723 1127 ‚
734 1085 882 1127 efficaci,
906 1087 951 1120 ait

191 1143 327 1192 Judaeos
336 1140 482 1176 secundo
494 1148 660 1186 praecepto
680 1139 802 1172 vetitos
812 1135 886 1170 ullis
902 1136 951 1169 uti

195 1191 406 1238 imaginibus,
417 1187 510 1223 ficlus
521 1198 631 1222 autem
644 1184 697 1221 ille
709 1186 840 1229 Skicardz
848 1184 950 1220 haber

191 1243 226 1276 in
238 1251 307 1274 uno
323 1238 424 1273 latere
432 1236 630 1285 insculptum
642 1238 774 1270 vultum
786 1237 951 1270 solomonis.

190 1289 308 1336 Siquis
320 1285 458 1335 replicet
474 1288 508 1320 in
527 1299 570 1321 eo
584 1284 698 1332 templi
718 1296 799 1334 typo
811 1310 821 1326 ,
846 1297 951 1332 quem

188 1337 256 1388 ipse
276 1339 443 1374 VValtonus
454 1335 553 1370 nobis
564 1334 695 1370 exhibet
709 1360 718 1376 ,
743 1333 858 1369 haberi
869 1336 952 1368 ima-

190 1390 282 1437 gines
301 1387 511 1435 Angelorum
532 1383 635 1433 figura
660 1383 806 1418 humana
824 1383 953 1432 integra

191 1442 228 1473 ἅτ
242 1435 405 1485 perfefizii,
430 1435 551 1469 additis
573 1433 705 1468 tantum
726 1433 783 1468 alis
806 1436 953 1468 maximo

189 1499 346 1527 numero,
361 1487 419 1532 qui
430 1496 566 1519 centum
577 1495 632 1519 aut
644 1482 734 1517 mille
746 1483 888 1519 fortaffis
899 1495 952 1518 ex-

193 1536 288 1572 cedat
308 1560 317 1575 ,
352 1537 506 1582 praevenir
534 1535 765 1578 objectionem
788 1535 954 1569 VValcouus

191 1583 415 1620 concedendo
425 1582 567 1625 fastum,
576 1583 628 1618 sed
638 1583 813 1631 allegando
825 1583 953 1631 dispen-

190 1635 356 1669 sationem
368 1632 527 1668 divinam.
563 1632 863 1668 Verumenimvero
889 1632 951 1668 dis-

190 1682 420 1734 pensationem
444 1683 534 1717 illam
547 1682 666 1717 debuit
682 1681 850 1730 probasse,
864 1680 952 1717 certe

192 1735 381 1782 periculum
404 1731 606 1768 Idololatriae
625 1735 730 1776 majus
745 1729 838 1766 fuiffe
862 1732 953 1767 vide-

192 1795 246 1818 tur
262 1785 295 1817 in
307 1793 361 1816 tot
373 1781 484 1828 figuris
503 1779 713 1830 Angelorum
724 1781 758 1815 in
777 1780 855 1815 loco
865 1780 951 1816 sacro

192 1833 336 1881 depictis
352 1857 362 1872 ,
397 1837 433 1865 ὅ(
450 1833 482 1865 in
498 1829 573 1879 ipfis
601 1830 760 1865 altaribus
775 1856 785 1872 ,
813 1830 951 1871 meniis,

191 1882 378 1929 templique
393 1881 496 1926 portis
513 1893 550 1914 ac
569 1881 668 1914 muris
685 1879 812 1929 ubique
831 1880 951 1916 inscul-

190 1932 258 1979 ptis
270 1955 280 1970 ,
297 1929 399 1977 quam
418 1931 451 1963 in
474 1929 539 1964 solci
552 1927 636 1964 facie
653 1929 798 1965 humani
811 1932 951 1966 monetis

190 1980 343 2028 profanis
359 1978 515 2027 impress'd.
543 1980 699 2015 Praeterea
712 1980 840 2015 nullum
854 1983 953 2016 VVal-

191 2040 274 2064 tonus
307 2028 518 2077 privilegium
546 2028 663 2078 allegat
682 2043 743 2076 pro
772 2029 837 2064 suis
854 2042 953 2065 num-

192 2080 255 2113 mis
282 2079 517 2118 samaritanis,
550 2080 605 2126 qui
628 2092 748 2113 omnes
775 2078 900 2113 habent
919 2080 953 2113 in

193 2139 341 2175 utroque
374 2127 476 2161 latere
501 2129 663 2175 imagines
677 2141 686 2161 ε
722 2128 811 2163 εει-τὲ
837 2126 954 2164 secun-

196 2178 277 2212 dum
293 2187 493 2226 praeceptum
508 2188 576 2211 tam
597 2176 743 2225 expresse
764 2190 852 2213 vetat
871 2181 954 2212 ima-

196 2229 309 2274 ginem
322 2239 428 2262 rerum
442 2239 720 2274 quarumcunque
731 2229 764 2260 in
775 2227 857 2262 terra
867 2251 876 2264 ‚
886 2240 952 2262 coe-

197 2276 248 2314 lo,
265 2275 418 2323 velaquis
429 2302 438 2314 ‚
464 2274 560 2323 quirin
573 2279 718 2324 partium
733 2278 870 2311 humani
881 2289 954 2311 cor-

198 2327 300 2372 poris.
326 2327 442 2359 Varios
453 2326 536 2359 alios
547 2326 642 2360 siclos
655 2338 722 2360 tam
742 2328 954 2361 Samaritanis

201 2373 300 2419 quarn
314 2374 460 2408 Hebraeis
478 2373 580 2407 literis
592 2374 762 2421 impreslos
788 2379 956 2411 VValtonus

204 2423 312 2466 rejicit
332 2431 369 2455 ut
395 2419 638 2468 supposititios,
664 2435 734 2457 non
755 2422 857 2458 debet
874 2437 956 2473 ergo

203 2473 272 2504 alus
281 2469 542 2516 succensere‚q'ui
554 2484 752 2519 argumento
764 2473 842 2508 huic
851 2473 868 2508 ἓι
880 2486 957 2507 mo-

202 2521 290 2555 netis
302 2531 380 2553 ante
396 2521 455 2553 tria
466 2532 631 2555 annorum
639 2521 740 2556 millia
751 2522 831 2556 cusis
844 2534 958 2569 parum

204 2581 321 2618 putant
332 2567 427 2603 ineffe
439 2568 582 2604 roboris.

254 2617 380 2653 Tertio.
408 2617 506 2665 Resp-
526 2621 616 2654 Cum
631 2620 778 2665 Buxtorfio
789 2618 958 2667 duplicem

204 2667 299 2705 fuisse
310 2667 431 2715 Judaeis
441 2669 584 2715 an‘thuis
596 2668 819 2704 charaeterem
832 2694 842 2707 ,
856 2682 959 2704 unum

52 2711 188 2748 ¹¹⁷”fmffi'
206 2730 303 2766 quem
326 2720 356 2751 in
377 2717 543 2765 Scripturfr
561 2718 708 2767 vulgari,
731 2718 902 2766 epistolis,
925 2723 960 2754 &

53 2759 175 2821 ἱῖἔζζέσ
208 2768 356 2802 monetis
367 2766 589 2814 usurpabant,
614 2769 753 2801 alterum
765 2792 775 2807 ‚
797 2781 896 2814 quem
909 2781 961 2803 re-

177 2814 184 2821 ⁰
206 2817 271 2851 -bus
304 2815 542 2850 sacratioribus⁴
568 2821 602 2851 &
635 2816 878 2850 solennioribus
913 2831 959 2852 re-

207 2865 398 2901 servabant:
424 2866 489 2899 hoc
509 2866 711 2914 descriptum
742 2864 834 2900 fuisse
861 2878 960 2900 manu

211 2915 276 2949 Dei
288 2915 494 2963 Decalogum
506 2941 514 2953 ,
530 2921 563 2950 δε
575 2917 731 2964 primaria
743 2913 874 2961 aliquot
883 2914 962 2964 legis

210 2967 247 2998 δε
274 2964 513 3011 Prophetarum
539 2964 735 3012 exemplaria
758 2978 766 3004 ;
791 2965 853 2999 isto
869 2990 881 3006 ,
907 2967 962 3013 qui

207 3017 276 3058 jetm
289 3015 494 3048 samaritanis
503 3015 549 3048 est
560 3017 715 3063 proprius
727 3041 736 3054 ‚
751 3014 883 3062 scriptas
894 3017 964 3061 plc-

212 3062 328 3108 rasque
347 3075 395 3097 tes
404 3064 540 3109 privatas
554 3089 563 3104 ‚
580 3069 616 3100 δε
629 3065 778 3113 publicas
792 3064 961 3111 vulgario-

215 3123 265 3145 tes
275 3137 284 3151 ‚
298 3109 377 3144 sicut
387 3113 575 3159 pleramque
587 3126 757 3150 monetam
771 3140 780 3154 ‚
807 3118 841 3148 δε
860 3115 963 3149 libro-

214 3173 292 3199 rum
308 3159 473 3194 sacrorum
487 3163 683 3211 exemplaria
700 3166 848 3211 vulgaria
860 3188 869 3200 .
895 3176 966 3211 quae

217 3209 322 3259 plebis
334 3209 480 3245 manibus
489 3211 685 3250 terebantur.
706 3213 964 3262 Responfionem

50 2631 158 2668 Duplex

50 2670 134 2698 Iudeis
140 2681 165 2696 ε·-

1307 132 1425 173 LIB.
1455 134 1482 172 Ῐ.
1674 106 1751 181 ν197

999 347 1079 381 dent
1090 361 1207 396 negare
1219 375 1229 390 ,
1254 349 1345 397 apud
1355 353 1531 399 AEgyptios
1542 356 1648 389 varios
1660 353 1751 389 fuiffe

996 397 1164 431 literarum
1187 398 1406 440 chamere-res,
1423 401 1507 434 alios
1518 401 1620 436 iactos
1632 429 1642 444 ,
1668 406 1751 440 alios

998 445 1264 494 hieroglyphicos
1278 474 1287 489 ,
1316 449 1399 483 alios
1424 451 1586 498 vulgares.
1623 455 1750 488 Annon

997 495 1164 530 hodierno
1179 497 1231 531 die
1252 497 1454 533 characteres
1473 501 1581 534 Graeci
1599 502 1729 547 alitiqui
1741 530 1752 544 ,

997 546 1117 597 quibus
1143 545 1249 582 Biblia
1283 547 1501 583 Alexandrina
1527 549 1750 584 Londincnfia

996 595 1190 643 perlcripta‚
1211 600 1245 631 &
1257 599 1431 642 antiquum
1449 601 1580 646 scaligeri
1597 601 1749 633 Ionicum

997 642 1213 691 alphabetum
1225 671 1232 683 ‚
1258 646 1385 681 rantum
1398 647 1556 682 differunt
1567 648 1583 683 ὲ
1594 647 1696 695 figura
1709 650 1750 683 li-

999 703 1143 727 terarum
1168 696 1354 730 Graecarum
1367 697 1509 732 hodiein
1522 697 1577 732 usu
1587 710 1664 732 com
1672 710 1749 732 mu-

997 743 1043 783 ni,
1057 741 1156 789 quzim
1167 745 1265 779 literae
1276 745 1448 782 hodiernae
1467 748 1641 782 Hebraicae
1661 746 1750 782 ἔδει·

999 795 1190 828 maritanis?
1214 799 1271 828 An
1283 807 1349 829 non
1363 796 1495 843 aequalis
1508 795 1551 831 est
1563 795 1750 831 differentia

997 843 1082 876 inter
1102 842 1289 878 hodiernos
1318 845 1503 880 Hebraicos
1524 846 1752 886 characteres,

998 895 1032 926 &
1043 892 1241 937 Scripturam
1254 894 1505 930 Rabbinorum?
1524 897 1597 942 Qi
1609 897 1661 929 He
1667 895 1754 930 brai-

996 939 1033 974 ςὲ
1052 940 1150 974 callet
1176 940 1286 974 multo
1305 941 1435 976 facilius
1455 948 1542 990 leget
1551 946 1752 979 Samaritana

996 1001 1094 1038 quarn
1115 987 1320 1027 Rabbinica.
1353 992 1507 1026 Praetetea
1523 1005 1677 1041 magnam
1697 1006 1755 1027 co-

997 1041 1085 1085 piam
1112 1040 1274 1084 Buxtorfius
1315 1039 1449 1074 adducit
1484 1040 1754 1077 doftiffimorurn

997 1098 1065 1122 tam
1086 1101 1124 1123 ex
1139 1088 1299 1122 Rabbinis
1309 1091 1451 1136 antiquis
1464 1091 1564 1137 quim
1585 1093 1754 1126 recentio-

996 1137 1107 1177 ribus,
1134 1139 1191 1185 qui
1214 1138 1383 1185 duplicem
1400 1139 1486 1173 hunc
1504 1139 1595 1188 apud
1615 1143 1756 1185 majores

997 1185 1073 1222 suos
1091 1185 1316 1221 characterem
1333 1187 1553 1235 profitentur,
1580 1189 1624 1224 ad
1635 1201 1755 1224 omnes

999 1236 1100 1272 facilis
1113 1236 1157 1269 est
1171 1239 1315 1273 VVaItoni
1328 1242 1361 1272 ὅ(
1372 1238 1480 1286 capelli
1489 1238 1654 1287 responsio
1666 1265 1676 1280 ‚
1695 1238 1757 1285 Ju-

999 1287 1092 1320 daeos
1104 1298 1222 1321 omnes
1230 1285 1292 1321 effe
1304 1290 1475 1323 mendaces
1487 1316 1496 1329 ‚
1505 1301 1623 1323 omnes
1633 1288 1758 1336 fingere

999 1349 1070 1382 quae
1082 1348 1254 1383 nunquam
1266 1336 1410 1372 fuerunt.
1435 1338 1516 1372 Sane
1528 1340 1680 1373 exactum
1694 1339 1759 1372 hoc

999 1386 1046 1420 est
1057 1390 1089 1420 &
1101 1398 1289 1420 accuratum
1301 1386 1522 1434 respondendi
1532 1400 1650 1434 genus,
1665 1387 1760 1435 quod

1001 1434 1078 1470 nulli
1091 1448 1238 1483 unquam
1252 1437 1354 1471 deerit
1365 1460 1375 1474 ,
1401 1438 1496 1484 pauci
1509 1448 1619 1472 tamen
1631 1436 1758 1472 cordati

1000 1498 1041 1520 eo
1055 1482 1282 1533 dignabuntur
1293 1488 1351 1521 uti.
1367 1490 1492 1523 Verum
1507 1487 1567 1521 hac
1579 1486 1621 1522 de
1632 1499 1666 1521 re
1676 1499 1758 1522 mox

1000 1534 1102 1583 plura.

1047 1583 1236 1620 Secundum
1262 1587 1406 1620 VValtoni
1428 1596 1661 1634 argumentum
1682 1583 1756 1619 est&
1775 1598 1912 1628 Secundum

999 1635 1193 1669 testimonio
1207 1635 1310 1680 Eusebii
1319 1637 1352 1668 in
1364 1633 1556 1675 Chronicis,
1566 1648 1604 1669 ac
1616 1638 1755 1685 Hierony·
1774 1642 1904 1669 VValtoni

999 1686 1041 1720 mi
1055 1685 1088 1719 in
1102 1682 1247 1730 Prologo
1259 1686 1297 1718 ad
1311 1686 1457 1730 priorem
1483 1687 1612 1734 Regum
1625 1684 1751 1732 episto·
1774 1691 1904 1729 argusgzen-

998 1734 1027 1770 13
1043 1738 1120 1769 106.
1147 1736 1182 1767 δε
1202 1735 1237 1767 in
1257 1733 1390 1774 Ezekz'elis
1403 1746 1529 1768 nonum
1542 1745 1755 1768 commenta-
1774 1731 1897 1770 „image-

999 1786 1059 1819 rio.
1087 1785 1140 1818 De
1160 1781 1248 1817 hisce
1271 1783 1412 1824 testibus⁴
1426 1783 1603 1833 magnifice
1626 1783 1753 1820 VValto-
1767 1766 1885 1842 ZZZ?

997 1847 1059 1869 nus.
1086 1835 1163 1867 Hos
1182 1833 1324 1878 (inquit)
1333 1833 1410 1868 dum
1423 1832 1525 1868 affero
1537 1859 1548 1874 ,
1564 1845 1683 1868 omnes
1695 1834 1756 1867 Pa·
1874 1826 1881 1833 ¹

998 1895 1063 1917 tres
1072 1880 1187 1923 affero,
1199 1885 1254 1928 qui
1265 1884 1446 1929 quicquam
1459 1883 1519 1918 hac
1530 1883 1572 1916 de
1581 1895 1613 1916 re
1623 1881 1760 1930 scripse-

998 1942 1087 1971 runt,
1104 1935 1139 1966 δε
1150 1934 1283 1978 Capellus
1292 1931 1544 1980 censetaequum
1558 1929 1632 1973 effe,
1643 1945 1680 1967 ut
1692 1931 1756 1966 ho-

999 1994 1073 2016 rum
1099 1980 1246 2016 duorum
1267 1980 1456 2016 testimonia
1473 1983 1675 2028 accipiantur
1694 1993 1756 2027 pro

1001 2031 1103 2065 totius
1113 2032 1219 2078 gentis
1227 2029 1375 2075 Judaicae
1388 2031 1594 2065 testimonio.

1050 2080 1151 2126 Resp.
1180 2092 1210 2113 1.
1236 2079 1284 2113 Ex
1303 2079 1437 2114 duobus
1460 2080 1587 2126 Eusebius
1605 2078 1651 2114 est
1662 2079 1756 2124 prior

1000 2134 1035 2165 ὃ(
1048 2132 1176 2177 potior,
1189 2141 1262 2163 nam
1273 2128 1394 2176 scripsit
1409 2131 1436 2163 is
1451 2128 1507 2163 sua
1519 2129 1689 2163 Chronica
1700 2139 1757 2161 an-

1002 2190 1034 2214 te
1044 2182 1257 2223 Hieronymum,
1268 2191 1340 2225 quae
1350 2182 1539 2226 Hieronymus
1550 2180 1583 2211 in
1594 2179 1756 2212 Latinum

1000 2231 1116 2270 vertit,
1128 2233 1162 2263 &
1174 2240 1213 2262 cx
1225 2230 1263 2261 iis
1273 2227 1376 2262 inulta
1387 2226 1547 2262 transtulit
1558 2231 1592 2261 in
1606 2227 1691 2261 varia
1703 2225 1757 2260 sua

999 2277 1128 2325 scripta.
1157 2277 1216 2311 Sed
1237 2277 1319 2311 dum
1338 2278 1444 2324 Eusebii
1465 2277 1635 2312 Chronica
1652 2279 1756 2311 volvo

1001 2331 1036 2361 &
1048 2327 1187 2362 revolvo
1199 2351 1208 2366 ,
1232 2338 1297 2361 tam
1311 2327 1478 2375 exemplar
1489 2329 1643 2361 Graecum
1655 2324 1759 2372 quzim

1001 2378 1158 2410 Latinum
1180 2375 1197 2410 a
1218 2379 1360 2424 scaligero
1371 2389 1410 2410 ex
1425 2377 1559 2422 optimis
1581 2373 1759 2408 manuscri-

1003 2427 1069 2472 ptis
1081 2438 1199 2473 magna
1211 2438 1284 2459 cum
1299 2425 1375 2458 cura
1389 2424 1517 2459 editum
1528 2448 1537 2460 ,
1563 2435 1604 2456 ne
1618 2423 1759 2456 verbum

1004 2476 1153 2509 invenire
1179 2476 1273 2522 potui
1301 2474 1396 2520 quod
1426 2475 1570 2511 VValtoni
1596 2471 1759 2506 sententia:

1005 2525 1252 2570 patrocinetur,
1276 2522 1371 2556 nolui
1390 2535 1502 2556 tamen
1518 2521 1570 2554 hic
1591 2521 1650 2553 viri
1668 2520 1760 2555 docti

1006 2571 1107 2605 fidem
1122 2568 1157 2604 in
1175 2570 1227 2604 sufi
1244 2572 1405 2604 citatione
1426 2582 1544 2605 vocare
1572 2571 1605 2602 in
1619 2568 1760 2604 dubium

1004 2621 1096 2664 (licet
1108 2620 1160 2655 ille
1171 2619 1238 2653 hoc
1249 2622 1328 2654 loco
1338 2619 1430 2655 valde
1439 2617 1611 2654 immerito
1626 2618 1761 2665 probis-

1008 2669 1090 2704 fimo
1103 2671 1174 2703 viro
1184 2671 1284 2703 loanni
1295 2670 1442 2715 Buxtorfio
1451 2671 1483 2702 in
1493 2668 1544 2703 sui
1554 2670 1666 2702 Fortem
1677 2669 1758 2703 cita-

1007 2720 1099 2753 tione
1110 2717 1213 2754 fidem
1224 2718 1374 2761 objiciat)
1385 2717 1521 2753 tandem
1533 2719 1605 2765 post
1618 2716 1757 2751 multam

1005 2767 1293 2814 investigationem
1305 2765 1602 2815 suspicorinveniffc
1614 2779 1665 2801 me
1679 2767 1761 2809 rapa?-

1009 2820 1045 2857 Gv
1056 2819 1186 2860 ψεῦθζῴι
1197 2841 1205 2853 ,
1231 2817 1332 2852 video
1354 2819 1487 2852 enimin
1500 2816 1628 2851 duabus
1637 2818 1761 2851 veteri-

1010 2867 1070 2900 bus
1080 2865 1275 2900 editionibus
1287 2869 1407 2901 Latinis
1418 2868 1558 2914 utrdque
1569 2865 1693 2902 ssafileae
1702 2865 1761 2900 ha-

1012 2914 1080 2949 beri
1099 2914 1241 2963 expresse
1261 2916 1359 2951 verba
1374 2919 1495 2957 citata,
1523 2915 1579 2951 sed
1596 2916 1761 2950 editiones

1012 2964 1060 2999 hae
1079 2977 1242 3013 corruptae
1260 2967 1333 3000 sunt
1347 2991 1356 3006 ‚
1381 2971 1414 3000 &
1427 2966 1514 3000 reete
1534 2963 1710 3011 &Scaligero
1725 2977 1764 2999 e-

1015 3015 1188 3056 mendarat,
1200 3017 1254 3062 qui
1271 3016 1435 3050 verbaista
1448 3028 1515 3049 non
1535 3014 1711 3056 omisisset,
1740 3013 1764 3047 si

1013 3066 1044 3098 in
1056 3065 1122 3098 ullo
1133 3065 1356 3112 manuscripto
1367 3068 1418 3100 vel
1431 3068 1548 3099 Graeco
1560 3091 1568 3105 ‚
1586 3067 1634 3100 vel
1643 3066 1765 3099 Latino

1014 3114 1127 3162 proba:
1148 3126 1234 3148 notae
1251 3113 1412 3161 reperisset
1424 3139 1434 3154 ‚
1459 3115 1609 3162 inprimis
1626 3112 1701 3148 etim
1721 3113 1765 3147 ad

1014 3176 1084 3198 eam
1098 3190 1107 3204 ,
1118 3176 1218 3210 quam
1230 3163 1294 3210 ipse
1307 3175 1417 3198 tuetur
1430 3164 1581 3208 animose
1594 3190 1604 3205 ‚
1631 3163 1764 3199 senten-

1015 3215 1095 3248 tiam
1131 3213 1393 3249 confirmandam
1424 3211 1531 3249 facere
1563 3214 1763 3252 viderentur.

1344 3266 1367 3297 B
1381 3263 1402 3297 b
1434 3277 1450 3311 3
1715 3260 1762 3294 Ex
