2048 3343
70 1742 83 1765 υ)

87 1732 96 1760 ι,

43 2873 87 2898 ,De
96 2868 170 2895 dimi-

414 75 498 101 ET
557 62 1226 101 Canonoroercr

1290 38 1467 100 Linsl.
1655 69 1728 102 181

191 139 332 178 dimidio
342 134 565 172 hebdomadae
574 133 825 184 septuagefimae,
839 138 940 180 &po-
984 135 1036 168 alii
1056 135 1198 169 vitilium,
1217 137 1250 167 δε
1269 134 1346 168 licet
1365 137 1492 170 medium
1518 146 1590 168 cum
1613 136 1732 170 dimidio

190 191 301 229 sterius
312 187 484 221 dimidium
497 198 533 220 cx
543 188 643 233 priori
654 182 798 219 dimidio
810 182 938 216 hebdo-
983 182 1154 216 multoties
1169 181 1392 216 coufuvzdamr
1408 209 1417 223 ,
1445 184 1507 218 hoc
1526 186 1601 218 ioco
1616 196 1731 218 tamen

189 239 291 274 madae
301 234 547 284 septuagesima:
559 237 788 283 primae,pr0ut
799 230 936 267 volebat

189 290 327 334 Scaliger.
819 330 824 334 ι
874 326 885 332 ,

235 337 282 370 Ex
294 336 361 370 hoc
372 335 500 369 videtur
515 331 641 367 factum
654 354 664 370 ,
677 341 711 365 ut
725 338 855 366 Petamus
867 330 933 363 ira-

187 398 252 420 tres
272 385 345 419 suos
366 381 505 428 Jesuitas
530 382 689 415 reveritus
714 378 933 414 adversarium

183 435 357 482 scaligerum
368 443 434 465 tarn
450 431 564 466 leviter
573 429 623 464 hic
641 429 836 477 perstringat
847 452 855 465 ‚
875 439 910 462 ut
923 453 932 468 ‚

183 485 260 521 licet
272 486 339 526 ejus
360 492 591 516 commentum
615 478 673 526 ipsi
695 491 764 513 non
789 480 935 525 placcat,

182 533 265 568 nolit
285 543 396 566 tamen
416 529 498 564 illud
518 529 592 564 ullis
612 531 811 576 argumentis
827 540 933 575 oppu>

178 595 301 631 gnare,
322 580 392 614 imo
413 577 491 614 verb
511 578 628 613 diserte
647 576 759 612 asserat
778 575 840 612 eisc
860 590 935 623 pro-

178 622 305 667 babile.
332 630 405 664 Nos
419 640 533 664 tamen
544 638 660 663 contra
672 627 764 662 illum
777 638 845 661 tam
859 633 935 661 Sca-

179 684 260 721 lmm'
271 692 372 728 quam
384 680 636 713 nominatorum
652 675 861 724 -Jesuitarum
883 687 938 710 er·-

181 722 294 767 :Btem
307 728 350 764 sic
360 739 644 775 argumentamur.

231 779 356 817 Primo,
390 780 521 813 Vocula
551 775 809 811 demonstrativa
825 784 840 808 t·
859 773 936 808 voci

183 833 351 878 Septimum:
363 828 502 874 praefixa,
521 839 592 860 earn
607 824 779 873 septimam
792 833 888 857 notat
899 822 939 857 de

184 893 249 927 qua
266 876 419 927 proxime
434 875 496 911 fuit
515 875 641 915 sermo,
659 873 727 911 haec
745 885 857 908 autem
868 880 937 906 erat

184 929 364 977 septimana
376 923 606 974 septuagesima
617 950 629 966 ‚
645 937 711 958 non
723 926 785 959 alia
794 922 936 956 omnino

184 978 318 1019 diversa,
334 973 564 1023 septuagesima
574 977 679 1022 prima
690 971 845 1006 videlicet
861 977 936 1005 Sca-

185 1031 275 1077 ligeri.
311 1027 421 1062 Varias
440 1026 569 1073 Scaliger
586 1021 679 1056 affert
696 1021 863 1055 instantias
881 1017 939 1052 ubi

185 1078 342 1127 particula
355 1087 369 1113 ὓ
381 1086 449 1108 non
464 1075 601 1107 retertur
617 1069 661 1104 ad
682 1068 787 1104 ullum
807 1079 938 1103 antece-

186 1117 345 1166 dens-,sed
355 1123 396 1157 ad
407 1121 495 1156 aliud
509 1118 652 1154 omnino
664 1118 839 1154 diversum.

186 1199 188 1201 -
235 1174 369 1221 Replica
381 1195 391 1210 ‚
414 1181 484 1204 non
500 1170 725 1204 examinamus
742 1180 794 1202 eas
815 1165 938 1200 instan-

183 1224 241 1257 tias
255 1247 263 1261 ,
282 1219 407 1255 tantum
419 1219 561 1254 dicimus
579 1230 693 1252 tenere
702 1227 935 1264 argumentum

180 1273 213 1306 in
225 1270 281 1305 usu
301 1268 649 1316 loquendiordinario
664 1271 699 1302 &
711 1265 839 1315 vulgari
851 1289 859 1302 ‚
875 1276 937 1300 nee

180 1321 252 1355 dari
269 1321 434 1354 rationem
453 1330 510 1352 cur
529 1318 571 1351 ab
589 1316 645 1350 usu
662 1316 829 1362 particulae
846 1316 936 1350 ordi-

179 1371 268 1406 nario
280 1365 447 1404 discesfffe
458 1368 565 1402 Daniel
580 1366 791 1414 intelligatur.

227 1417 398 1454 Secundo.
434 1414 652 1451 Duriffimum
675 1416 720 1450 est
748 1418 782 1449 in
812 1414 934 1452 eodem

179 1468 338 1504 versiculo
351 1490 359 1503 2
370 1464 438 1500 imo
449 1467 480 1499 in
491 1465 586 1510 parva
597 1466 693 1501 unius
702 1463 851 1500 versiculi
863 1476 934 1510 pat-

182 1530 215 1552 te
227 1520 329 1552 talem
341 1514 631 1564 amphibologiam
645 1514 829 1563 procudere
840 1539 850 1555 ,
863 1519 935 1561 quae‘

182 1579 252 1602 tarn
265 1578 365 1614 parvo
382 1567 556 1601 intervallo
567 1577 666 1600 unam
681 1568 715 1599 &
725 1566 862 1600 eandem
874 1577 933 1598 vo-

183 1629 256 1652 cem
280 1617 374 1650 aliter
394 1625 491 1661 atque
517 1614 610 1649 aliter
638 1615 777 1662 intelligi
804 1612 933 1649 neceffi-

185 1678 244 1701 tet.
793 1696 798 1700 .

232 1712 363 1749 Tertio.
387 1716 422 1747 ln
445 1711 516 1747 tota
536 1713 656 1761 Angeli
676 1711 831 1747 oratione
852 1709 934 1746 heb-

182 1764 400 1800 domadarum
414 1761 621 1811 septuaginta
639 1774 795 1811 numerus
805 1773 936 1796 accura-

183 1813 216 1847 te
238 1814 414 1848 definitur:
443 1823 479 1846 ut
497 1824 607 1847 earum
627 1811 935 1846 decurtationemin

179 1869 277 1898 Paraeo
290 1865 324 1896 δε
337 1862 469 1896 Reinoldo
478 1859 572 1908 supra
583 1858 793 1896 refutavimus
804 1886 814 1899 ‚
825 1862 870 1896 ita
881 1874 934 1896 ex-

180 1911 368 1946 tenlionem
387 1923 501 1945 earum
529 1911 572 1945 ad
591 1923 701 1945 annos
724 1923 788 1947 tres
812 1915 846 1946 &
866 1924 933 1946 me-

179 1962 273 1995 dium
299 1962 385 1994 'ultra
405 1960 608 2008 septuaginta
637 1960 865 1995 hebdomadas
883 1960 936 1995 hic

180 2012 350 2056 rejicimus
361 2035 372 2051 ‚
392 2022 427 2044 ur
438 2008 584 2059 expreffo
599 2011 721 2060 Angcli
731 2009 832 2060 scopo
843 2023 939 2058 repu—

181 2072 348 2107 gnanteln.
745 2078 747 2081 ·

232 2106 375 2155 Qarto.
404 2109 455 2143 Ut
464 2107 592 2154 Jesuirae
604 2109 770 2143 nominati
782 2109 938 2145 Danielem

181 2156 333 2192 efficiunt
352 2155 443 2192 silere
457 2159 498 2192 de
510 2158 724 2192 hebdomade
745 2155 940 2206 septuagesi-

182 2208 237 2241 mz'i
248 2231 256 2247 ‚
273 2220 373 2256 quam
391 2206 482 2255 supra
494 2218 623 2242 caeteras
639 2220 759 2241 omnes
775 2206 939 2254 figillatim

182 2268 353 2291 memorat
365 2268 400 2291 ut
413 2259 565 2292 omnium
579 2258 721 2302 maxime
738 2253 940 2294 mirabilem,

182 2308 232 2339 ita
251 2309 374 2352 Scaliger
386 2305 656 2354 septuagesimam
676 2306 759 2340 hanc
771 2304 865 2340 nullo
878 2316 939 2338 no·

187 2352 279 2387 rabili
290 2365 410 2388 eventu
429 2354 556 2401 signat,
589 2359 623 2389 &
642 2355 846 2401 septuaginta
856 2352 939 2386 heb-

186 2403 345 2438 domadas
356 2400 422 2435 fine
439 2404 507 2436 ullo
525 2405 678 2448 mysterio
698 2403 823 2439 claudit
835 2427 845 2443 ‚
861 2413 938 2435 nam

187 2454 222 2486 in
235 2464 348 2485 carum
367 2450 431 2487 fine
444 2475 454 2490 ,
480 2463 585 2498 neque
601 2456 730 2497 Messiam
749 2463 915 2486 mortuum
928 2476 938 2490 ,

190 2513 299 2546 neque
316 2500 433 2535 urbem
455 2502 592 2535 excitam
610 2500 680 2535 vult
692 2526 703 2541 ,
724 2500 799 2535 cum
811 2499 941 2535 claudat

190 2549 415 2584 hebdomadas
427 2549 630 2598 septuaginta
643 2575 652 2590 ‚
671 2552 808 2596 triginta
821 2548 870 2584 sex
888 2560 942 2581 an-

191 2602 242 2633 nis
257 2599 327 2645 post
338 2611 478 2634 mortem
492 2607 509 2634 ί
521 2600 612 2646 bristi,
627 2603 660 2634 δέ
671 2599 777 2634 tribus
788 2612 823 2633 ac
836 2598 943 2633 medio

189 2660 266 2682 aute
285 2648 400 2682 urbem
414 2647 570 2690 excisam,
589 2662 679 2683 anno
702 2649 823 2684 scilicet
842 2651 876 2683 ὃ(
893 2648 941 2681 se-

191 2697 292 2736 misse,
304 2709 381 2732 ante
393 2696 541 2732 ultimam
552 2698 865 2746 Hierosolymorum
879 2696 941 2731 ob-

190 2746 354 2782 sidionem
366 2773 375 2786 ,
393 2748 530 2793 quando
553 2747 634 2788 nihil
651 2749 801 2783 notabile
819 2748 861 2782 ab
873 2747 941 2781 ullo

194 2799 324 2831 auctore
336 2795 481 2831 affertur.

241 2849 372 2893 scaligeri
387 2859 469 2893 ergo
491 2851 526 2881 δε
551 2846 721 2881 ἀίᾶοωῐη
745 2843 942 2892 jesuitarum

45 2911 179 2938 amulam:
197 2892 350 2929 sententia
366 2897 483 2941 rejeera
497 2921 504 2933 ‚
522 2899 727 2943 inquiramus
748 2895 829 2941 quid
843 2894 884 2928 de
895 2893 944 2927 di-

42 2951 164 2979 lnbdomae

200 2943 305 2978 midio
316 2947 421 2985 unius,
431 2947 553 2981 ultimae
565 2947 682 2981 scilicet
691 2959 730 2980 ex
739 2945 944 2993 septuaginta

43 2995 173 3031 ‹iz-”agna
199 2991 666 3039 septimanis,litsenticndum.
696 2998 819 3042 Magna
839 2995 889 3027 hic
902 2993 946 3027 est

46 3034 178 3072 arrepun-

53 3084 94 3103 1¹6⁸.

199 3044 438 3077 interautftorcs
448 3045 661 3093 discrepantia
672 3046 712 3079 de
728 3046 879 3082 dimidio,
891 3044 947 3089 qui

201 3094 286 3125 inter
306 3089 336 3124 se
353 3091 395 3125 de
414 3092 618 3130 hebdomada
645 3094 706 3130 unzi
725 3093 945 3128 consentiunt.
964 3097 967 3142 Ι

204 3142 271 3176 Alii
282 3140 463 3177 Hebraeum
476 3155 515 3191 '²35¹
531 3146 785 3193 interpretantur
801 3145 969 3228 dimidtmn'l

980 231 1177 266 diversarum
1188 232 1319 266 istarum
1334 233 1565 269 sententiarum
1580 235 1733 268 nudiores

982 282 1101 314 volunt
1118 283 1161 316 ita
1178 281 1330 329 distingui
1346 306 1356 320 ‚
1373 293 1409 314 ur
1421 283 1569 318 dimidiam
1583 283 1618 317 (ir
1630 284 1732 317 altera

978 331 1110 374 aequalis
1120 343 1190 375 pars
1201 333 1325 365 torius:
1352 333 1476 366 medium
1489 332 1564 366 νεῑὸ
1579 332 1671 375 ¹mod
1683 333 1734 365 in-

980 377 1105 412 teristas
1118 378 1198 413 duas
1209 392 1319 426 partes
1333 383 1514 424 interjacet.
1545 382 1568 413 i<
1591 380 1732 428 „susqui

980 440 1054 461 cum
1073 428 1202 474 vulgata
1228 429 1343 463 Latini
1370 431 1629 473 interpretantur
1646 432 1733 464 durii-

980 479 1068 517 dium,
1082 479 1185 511 intres
1197 478 1317 512 abeunt
1329 480 1402 520 vias‚·
1418 481 1484 514 Alii
1496 478 1565 512 sunt
1576 490 1638 526 pto
1651 477 1734 512 heb-

966 527 1131 569 domada:
1144 529 1281 562 dimidio
1293 528 1462 576 priori‚alii
1472 541 1531 577 pro
1542 529 1733 576 posteriori,

966 576 1117 623 ¹quidam
1136 575 1359 612 indifferentes
1378 578 1453 614 sunt
1480 591 1540 625 pro
1562 577 1735 613 utrolibet.

981 630 1046 660 Pro
1060 637 1200 673 quatuor
1216 624 1280 660 istis
1295 626 1462 662 sententiis
1474 629 1550 662 varii
1572 627 1644 662 sunt
1661 639 1736 661 ma-

981 675 1036 723 gni
1049 677 1198 709 nominis
1208 677 1357 712 auetores
1369 689 1437 711 tam
1449 679 1534 712 inter
1547 676 1737 713 Protestan-

982 735 1030 758 tes
1040 725 1138 772 quam
1153 724 1357 761 Pontificios.
1381 728 1467 768 Nos,
1479 737 1513 762 ut
1525 725 1679 765 solemus,
1691 724 1735 760 li-

983 774 1059 808 bere
1071 774 1155 821 quid
1170 775 1213 809 de
1225 774 1359 825 lingulis
1377 774 1552 812 sentiamus
1563 801 1573 818 ,
1590 775 1735 811 breviter

983 835 1199 871 exponemus.
1224 850 1228 853 ,
1560 843 1563 847 ,

1029 871 1152 906 Primo.
1177 872 1260 907 Non
1281 874 1389 917 placet
1406 875 1528 920 Suarefii
1542 873 1734 909 indifferen·
1754 876 1873 922 share&

982 921 1040 960 tia,
1049 921 1124 954 licet
1137 921 1154 956 a
1165 923 1260 956 variis
1269 920 1332 955 suae
1343 922 1524 957 sodalitatis
1534 924 1735 971 approbata:
1751 915 1852 962 ''⁵³''ffi‘ss

983 981 1058 1003 nam
1079 982 1156 1004 cum
1175 972 1310 1018 Spiritui
1322 972 1355 1008 S.
1372 971 1477 1006 visum
1493 969 1530 1005 sit
1542 975 1737 1020 distinguere

983 1019 1101 1054 diserte
1122 1021 1209 1055 illius
1227 1019 1449 1055 hebdomadae
1467 1031 1574 1068 partes
1589 1045 1599 1061 ‚
1621 1022 1738 1056 &illa-

983 1081 1056 1103 rum
1066 1071 1124 1104 uni
1138 1080 1275 1104 eventus
1287 1072 1451 1104 maximos
1463 1072 1511 1108 ‚in
1518 1070 1631 1116 primis
1640 1073 1739 1115 Messiae

984 1129 1130 1162 mortem
1151 1118 1330 1167 affignare‚
1362 1130 1432 1153 non
1457 1120 1556 1153 decer
1583 1120 1741 1154 mortales

982 1169 1145 1201 terminos
1166 1167 1182 1202 εὶ
1203 1170 1280 1203 Deo
1304 1167 1436 1216 politos
1463 1180 1622 1209 movere3
1649 1167 1742 1216 quast

982 1217 1121 1262 perinde
1134 1215 1211 1252 esset
1226 1220 1388 1252 maximos
1410 1231 1467 1253 eos
1489 1230 1628 1252 eventus
1646 1220 1744 1253 cuili-

983 1266 1041 1300 bet
1058 1266 1156 1313 hujus
1189 1266 1412 1302 hebdomadis
1439 1270 1525 1315 parti
1551 1269 1741 1302 attribuere.

983 1316 1141 1351 Praeterea
1150 1314 1226 1350 cum
1237 1314 1442 1364 Claristimors
1451 1318 1741 1353 istiusmediiheb-

983 1365 1140 1400 domadae
1159 1366 1323 1401 charaeta-
1348 1379 1441 1402 certo
1469 1369 1629 1412 temporis
1661 1379 1742 1400 mo-

983 1427 1098 1450 mento
1110 1417 1281 1458 acciderit,
1299 1429 1334 1450 ea
1345 1416 1482 1452 cuilibet
1492 1428 1596 1450 totius
1609 1415 1741 1464 septen-

983 1467 1027 1500 nii
1038 1468 1121 1513 parti
1132 1464 1358 1501 indifferenter
1368 1468 1527 1514 relinqui,
1549 1466 1632 1501 saiva
1643 1466 1742 1514 ipsius

982 1518 1027 1550 rei
1038 1517 1173 1551 veritate
1187 1527 1256 1549 non
1269 1517 1388 1562 potest.

1032 1562 1089 1599 llla
1098 1577 1179 1612 ergo
1191 1564 1390 1611 Jesuitarum
1403 1566 1560 1611 οἷάὶαφορίᾳ.
1578 1564 1718 1609 sepofitss
1730 1589 1741 1605 ‚

981 1617 1038 1663 qui
1050 1627 1112 1662 pro
1126 1615 1300 1662 posteriori
1318 1616 1459 1650 dimidio
1473 1617 1577 1655 stant,
1591 1613 1674 1649 illud
1688 1616 1737 1647 in-

966 1663 1132 1710 ’choanta
1151 1664 1258 1711 christi
1277 1664 1442 1712 Baptismo
1454 1667 1487 1698 in
1499 1665 1616 1700 medio
1629 1665 1737 1712 quart-i

981 1716 1056 1749 anni
1069 1713 1294 1750 hebdomadis
1304 1717 1427 1750 ultimae
1438 1739 1446 1752 ,
1465 1727 1507 1749 eo
1522 1714 1588 1750 fine
1600 1725 1636 1749 ut
1646 1714 1737 1749 clau-

981 1763 1064 1798 dant
1075 1762 1347 1812 septuagesimam
1359 1767 1391 1799 in
1405 1764 1510 1808 Christi
1521 1775 1641 1799 morte.

1029 1813 1093 1848 Sed
1105 1824 1222 1847 contra
1240 1812 1323 1848 hanc
1335 1813 1528 1849 sententiam
1540 1814 1609 1848 duo
1618 1812 1740 1860 objici-

982 1876 1067 1897 mus.
1098 1862 1219 1896 l'rimo.
1243 1864 1278 1897 Si
1294 1865 1327 1897 in
1345 1862 1414 1911 ipso
1434 1862 1655 1898 hebdomadae
1674 1875 1736 1899 ex-

980 1925 1088 1947 tremo
1099 1924 1186 1946 mors
1196 1912 1301 1960 christi
1316 1914 1457 1951 accidit,
1477 1910 1595 1947 frustra
1604 1912 1717 1946 hebdo
1725 1930 1739 1939 -

981 1975 1051 1997 rnas
1067 1963 1108 1996 ab
1125 1963 1250 2009 Angelo
1273 1963 1318 1997 est
1332 1963 1499 1997 dimidiata
1511 1987 1521 2001 ‚
1543 1973 1579 1995 ut
1592 1961 1737 1996 dimidio

980 2012 1192 2047 ascriberetur
1207 2021 1346 2046 eventus
1355 2013 1411 2057 qui
1428 2013 1462 2044 in
1473 2022 1620 2057 extremo
1631 2012 1741 2043 conti-

981 2063 1046 2110 git:
1065 2060 1162 2108 quod
1177 2061 1266 2093 enim
1289 2059 1349 2094 fini
1367 2057 1596 2095 ascribendum
1615 2072 1672 2093 cur
1685 2060 1744 2093 tri-

984 2113 1094 2150 buitur
1129 2108 1245 2144 medio
1271 2113 1286 2144 a?
1325 2107 1489 2146 Secundo.
1532 2111 1741 2155 Temporum

983 2171 1165 2208 computus
1189 2160 1266 2193 huic
1283 2158 1510 2206 supputationi
1529 2170 1601 2192 non
1613 2170 1742 2191 conve-

984 2213 1032 2243 nit
1046 2233 1054 2245 ‚
1070 2220 1216 2243 mortem
1227 2209 1315 2241 enim
1329 2208 1435 2255 christi
1445 2219 1509 2242 tres
1522 2219 1627 2241 annos
1640 2211 1673 2241 δέ
1692 2205 1741 2241 se-

985 2257 1106 2293 miffem
1120 2269 1209 2292 extra
1222 2256 1316 2291 suum
1329 2259 1440 2293 locum
1453 2259 1550 2306 ponit
1561 2280 1569 2293 ‚
1584 2258 1677 2305 quod
1689 2269 1743 2290 ra-

985 2311 1095 2344 tiones
1106 2307 1380 2357 Chronologicas
1393 2306 1592 2346 conturbat,
1604 2318 1640 2341 ut
1650 2306 1743 2353 post-

986 2371 1024 2393 ea
1033 2356 1235 2392 videbimus.

1756 960 1886 985 rentiam-

1753 996 1892 1037 probanda.

1759 1576 1860 1613 «trgu-

1757 1624 1841 1643 menta

1756 1664 1839 1683 contra
1848 1653 1888 1683 di·

1756 1696 1856 1725 midmm

1751 1740 1877 1777 posterius.

1035 2407 1143 2454 Qod
1158 2406 1196 2440 ad
1216 2405 1345 2438 tertiam
1358 2403 1554 2439 sententiam
1572 2405 1689 2437 attinet
1701 2401 1740 2435 de
1758 2412 1790 2437 Β
1802 2408 1873 2440 dimi-

987 2455 1205 2490 hebdomadae
1218 2455 1339 2488 ultimae
1349 2454 1486 2488 dimidio
1501 2454 1600 2501 priori
1618 2477 1627 2490 ‚
1640 2450 1738 2498 quam
1759 2448 1824 2478 dium

988 2507 1125 2540 Calvinus
1136 2528 1145 2542 ‚
1163 2506 1284 2537 Rollocm
1296 2530 1303 2537 .
1324 2506 1471 2536 Cornelzm
1480 2503 1498 2536 ἴε
1508 2503 1611 2548 [ιιμιίίε
1622 2527 1632 2539 ,
1653 2508 1739 2536 Peta-

987 2555 1060 2589 νὶιιε,
1073 2559 1208 2586 Ηεηνιευς
1221 2552 1359 2596 Philippi,
1375 2555 1408 2585 ὃ(
1422 2552 1472 2584 alii
1485 2553 1743 2597 amplectuntur,

988 2615 1026 2637 ca
1039 2602 1143 2643 christi
1159 2599 1358 2647 baptismum
1374 2599 1514 2634 collocor
1536 2613 1566 2634 in
1586 2602 1681 2645 hujus
1693 2601 1746 2633 di-

989 2651 1280 2697 midiiprincipio,
1305 2652 1537 2684 &mortemin
1550 2649 1633 2684 tine:
1656 2648 1743 2683 adeo

990 2712 1026 2736 ut
1041 2713 1074 2735 re
1094 2698 1159 2749 ipsa
1177 2698 1246 2734 haec
1265 2700 1432 2733 coincidat
1447 2712 1522 2733 cum
1542 2698 1655 2745 quart&
1674 2698 1744 2733 sen-

988 2753 1091 2786 tentia
1107 2775 1117 2790 ‚
1143 2762 1215 2796 quae
1235 2760 1362 2783 textum
1374 2762 1443 2783 non
1456 2751 1496 2783 de
1508 2752 1537 2783 di
1553 2750 1664 2787 nidio,
1688 2748 1742 2783 scd

990 2800 1097 2833 medio
1115 2801 1360 2846 interpretatur.
1399 2801 1485 2833 Nam
1506 2799 1603 2844 quod
1625 2798 1744 2833 accidit

989 2851 1023 2882 in
1035 2850 1155 2896 prioris
1167 2848 1299 2882 dimidii
1311 2847 1395 2888 fine,
1422 2861 1533 2883 revera
1552 2851 1690 2896 contigit
1707 2849 1742 2882 in

991 2900 1090 2932 totius
1101 2898 1315 2932 hebdomadae
1327 2900 1461 2932 medio:
1490 2910 1525 2931 ut
1540 2900 1742 2946 Septuagin-

990 2961 1021 2983 ta
1030 2949 1350 2994 Interpreteslocum
1363 2947 1573 2988 transferunt,
1586 2951 1615 2981 ἐν
1626 2947 1742 2991 nsailid-

991 3006 1023 3043 ccl
1034 3001 1085 3033 τῆς
1095 2998 1281 3039 ἑξέομαίῶζῷυ
1292 3021 1301 3034 ,
1310 2996 1488 3032 secundum
1499 3000 1614 3034 lunium
1626 3000 1657 3030 in
1667 3008 1741 3031 me-

992 3048 1046 3082 dio
1078 3046 1300 3082 hebdomadis
1320 3071 1329 3086 ,
1364 3049 1581 3094 Interpretem
1618 3045 1740 3081 Italum

995 3098 1091 3144 [nella
1103 3106 1181 3131 meta
1191 3099 1223 3131 de
1231 3096 1325 3141 quella
1332 3096 1520 3143 septimana]
1535 3101 1568 3132 &
1577 3099 1742 3143 interpre-

993 3159 1061 3185 tem
1081 3145 1215 3185 Gallum
1235 3147 1300 3194 [au
1315 3148 1414 3182 milieu
1430 3149 1463 3183 de
1483 3148 1551 3195 celle
1559 3147 1736 3196 septimam]

1354 3198 1383 3230 Z
1410 3210 1424 3243 3
1639 3206 1740 3243 prout

1754 2498 1831 2530 prius.
