<?xml version="1.0" encoding="UTF-8"?>
<!DOCTYPE html PUBLIC "-//W3C//DTD XHTML 1.0 Transitional//EN"
    "http://www.w3.org/TR/xhtml1/DTD/xhtml1-transitional.dtd">
<html xmlns="http://www.w3.org/1999/xhtml" xml:lang="en" lang="en">
 <head>
  <title>
</title>
<meta http-equiv="Content-Type" content="text/html;charset=utf-8" />
  <meta name='ocr-system' content='tesseract 3.04.00' />
  <meta name='ocr-capabilities' content='ocr_page ocr_carea ocr_par ocr_line ocrx_word'/>
</head>
<body>
  <div class='ocr_page' id='page_1' title='image "./operishistoricie00bail_0180.png"; bbox 0 0 2048 3343; ppageno 0'>
   <div class='ocr_carea' id='block_1_1' title="bbox 138 918 226 944">
    <p class='ocr_par' dir='ltr' id='par_1_1' title="bbox 138 918 226 944">
     <span class='ocr_line' id='line_1_1' title="bbox 138 924 163 941; textangle 90"><span class='ocrx_word' id='word_1_1' title='bbox 138 924 163 941; x_wconf 67' lang='grc' dir='ltr'><strong>ῃ</strong></span> 
     </span>
     <span class='ocr_line' id='line_1_2' title="bbox 174 918 226 944; textangle 90"><span class='ocrx_word' id='word_1_2' title='bbox 174 918 226 944; x_wconf 57' lang='grc' dir='ltr'>ἓ</span> 
     </span>
    </p>
   </div>
   <div class='ocr_carea' id='block_1_2' title="bbox 221 926 252 956">
    <p class='ocr_par' dir='ltr' id='par_1_2' title="bbox 221 926 252 956">
     <span class='ocr_line' id='line_1_3' title="bbox 221 926 252 956; textangle 90"><span class='ocrx_word' id='word_1_3' title='bbox 221 926 252 956; x_wconf 65' lang='lat'>“5³</span> 
     </span>
    </p>
   </div>
   <div class='ocr_carea' id='block_1_3' title="bbox 141 2098 271 2129">
    <p class='ocr_par' dir='ltr' id='par_1_3' title="bbox 141 2098 271 2129">
     <span class='ocr_line' id='line_1_4' title="bbox 141 2098 271 2129; baseline -0.031 0"><span class='ocrx_word' id='word_1_4' title='bbox 141 2098 199 2129; x_wconf 60' lang='lat' dir='ltr'>Ad</span> <span class='ocrx_word' id='word_1_5' title='bbox 209 2102 271 2126; x_wconf 81' lang='lat' dir='ltr'>Sta-</span> 
     </span>
    </p>
   </div>
   <div class='ocr_carea' id='block_1_4' title="bbox 139 2140 259 2177">
    <p class='ocr_par' dir='ltr' id='par_1_4' title="bbox 139 2140 259 2177">
     <span class='ocr_line' id='line_1_5' title="bbox 139 2140 259 2177; baseline 0.008 -11"><span class='ocrx_word' id='word_1_6' title='bbox 139 2140 208 2177; x_wconf 69' lang='lat' dir='ltr'>ltgeri</span> <span class='ocrx_word' id='word_1_7' title='bbox 222 2151 259 2167; x_wconf 82' lang='lat' dir='ltr'>re-</span> 
     </span>
    </p>
   </div>
   <div class='ocr_carea' id='block_1_5' title="bbox 136 2181 250 2217">
    <p class='ocr_par' dir='ltr' id='par_1_5' title="bbox 136 2181 250 2217">
     <span class='ocr_line' id='line_1_6' title="bbox 136 2181 250 2217; baseline 0 -10"><span class='ocrx_word' id='word_1_8' title='bbox 136 2181 250 2217; x_wconf 64' lang='lat' dir='ltr'>sponsum</span> 
     </span>
    </p>
   </div>
   <div class='ocr_carea' id='block_1_6' title="bbox 137 2222 235 2258">
    <p class='ocr_par' dir='ltr' id='par_1_6' title="bbox 137 2222 235 2258">
     <span class='ocr_line' id='line_1_7' title="bbox 137 2222 235 2258; baseline 0.01 -10"><span class='ocrx_word' id='word_1_9' title='bbox 137 2222 235 2258; x_wconf 76' lang='lat' dir='ltr'>replica.</span> 
     </span>
    </p>
   </div>
   <div class='ocr_carea' id='block_1_7' title="bbox 295 97 956 149">
    <p class='ocr_par' dir='ltr' id='par_1_7' title="bbox 295 97 956 149">
     <span class='ocr_line' id='line_1_8' title="bbox 295 97 956 149; baseline -0.011 -5"><span class='ocrx_word' id='word_1_10' title='bbox 295 116 371 149; x_wconf 85' lang='lat'>150</span> <span class='ocrx_word' id='word_1_11' title='bbox 641 97 956 141; x_wconf 59' lang='lat' dir='ltr'>optatis</span> 
     </span>
    </p>
   </div>
   <div class='ocr_carea' id='block_1_8' title="bbox 290 171 1050 3224">
    <p class='ocr_par' dir='ltr' id='par_1_8' title="bbox 290 171 1050 3224">
     <span class='ocr_line' id='line_1_9' title="bbox 293 171 1038 215; baseline -0.009 -1"><span class='ocrx_word' id='word_1_12' title='bbox 293 180 346 214; x_wconf 88' lang='lat' dir='ltr'>sed</span> <span class='ocrx_word' id='word_1_13' title='bbox 359 175 561 215; x_wconf 67' lang='lat' dir='ltr'>strie&#39;tiffime,</span> <span class='ocrx_word' id='word_1_14' title='bbox 571 175 615 213; x_wconf 76' lang='lat' dir='ltr'>ita</span> <span class='ocrx_word' id='word_1_15' title='bbox 626 187 661 210; x_wconf 91' lang='lat' dir='ltr'>ut</span> <span class='ocrx_word' id='word_1_16' title='bbox 672 176 770 211; x_wconf 86' lang='lat' dir='ltr'>fuerit</span> <span class='ocrx_word' id='word_1_17' title='bbox 782 186 852 209; x_wconf 91' lang='lat' dir='ltr'>non</span> <span class='ocrx_word' id='word_1_18' title='bbox 865 172 951 208; x_wconf 87' lang='lat' dir='ltr'>filius</span> <span class='ocrx_word' id='word_1_19' title='bbox 965 171 1038 208; x_wconf 90' lang='lat' dir='ltr'>filiae</span> 
     </span>
     <span class='ocr_line' id='line_1_10' title="bbox 294 221 1040 272; baseline -0.008 -9"><span class='ocrx_word' id='word_1_20' title='bbox 294 228 345 263; x_wconf 80' lang='lat' dir='ltr'>sed</span> <span class='ocrx_word' id='word_1_21' title='bbox 357 227 441 262; x_wconf 83' lang='lat' dir='ltr'>filius</span> <span class='ocrx_word' id='word_1_22' title='bbox 454 227 511 262; x_wconf 78' lang='lat' dir='ltr'>filii</span> <span class='ocrx_word' id='word_1_23' title='bbox 520 253 528 265; x_wconf 92' lang='lat'>,</span> <span class='ocrx_word' id='word_1_24' title='bbox 539 238 647 272; x_wconf 90' lang='lat' dir='ltr'>neque</span> <span class='ocrx_word' id='word_1_25' title='bbox 658 224 876 271; x_wconf 85' lang='lat' dir='ltr'>cujuscunque</span> <span class='ocrx_word' id='word_1_26' title='bbox 894 222 974 263; x_wconf 85' lang='lat' dir='ltr'>filii,</span> <span class='ocrx_word' id='word_1_27' title='bbox 988 221 1040 257; x_wconf 89' lang='lat' dir='ltr'>sed</span> 
     </span>
     <span class='ocr_line' id='line_1_11' title="bbox 294 271 1041 323; baseline -0.012 -9"><span class='ocrx_word' id='word_1_28' title='bbox 294 277 583 314; x_wconf 50' lang='lat' dir='ltr'>emmeramensem</span> <span class='ocrx_word' id='word_1_29' title='bbox 593 285 708 323; x_wconf 80' lang='lat' dir='ltr'>gentes</span> <span class='ocrx_word' id='word_1_30' title='bbox 719 273 851 308; x_wconf 81' lang='lat' dir='ltr'>subditae</span> <span class='ocrx_word' id='word_1_31' title='bbox 864 271 1041 306; x_wconf 88' lang='lat' dir='ltr'>servierunt</span> 
     </span>
     <span class='ocr_line' id='line_1_12' title="bbox 296 321 1042 374; baseline -0.009 -13"><span class='ocrx_word' id='word_1_32' title='bbox 296 326 367 374; x_wconf 89' lang='lat' dir='ltr'>post</span> <span class='ocrx_word' id='word_1_33' title='bbox 390 326 685 362; x_wconf 68' lang='lat' dir='ltr'>Nebucbatlnezarem</span> <span class='ocrx_word' id='word_1_34' title='bbox 699 350 706 358; x_wconf 94' lang='lat'><strong>.</strong></span> <span class='ocrx_word' id='word_1_35' title='bbox 745 322 806 356; x_wconf 87' lang='lat' dir='ltr'>lsta</span> <span class='ocrx_word' id='word_1_36' title='bbox 823 321 915 356; x_wconf 91' lang='lat' dir='ltr'>nullo</span> <span class='ocrx_word' id='word_1_37' title='bbox 936 322 1042 356; x_wconf 87' lang='lat' dir='ltr'>modo</span> 
     </span>
     <span class='ocr_line' id='line_1_13' title="bbox 296 369 1042 416; baseline -0.009 -6"><span class='ocrx_word' id='word_1_38' title='bbox 296 388 372 411; x_wconf 82' lang='lat' dir='ltr'>vera</span> <span class='ocrx_word' id='word_1_39' title='bbox 390 375 463 410; x_wconf 89' lang='lat' dir='ltr'>sunt</span> <span class='ocrx_word' id='word_1_40' title='bbox 481 375 524 409; x_wconf 64' lang='lat' dir='ltr'>de&gt;</span> <span class='ocrx_word' id='word_1_41' title='bbox 537 377 628 409; x_wconf 78' lang='lat' dir='ltr'>Dario</span> <span class='ocrx_word' id='word_1_42' title='bbox 638 375 721 408; x_wconf 85' lang='lat' dir='ltr'>Medo</span> <span class='ocrx_word' id='word_1_43' title='bbox 736 398 745 412; x_wconf 91' lang='lat'>,</span> <span class='ocrx_word' id='word_1_44' title='bbox 762 371 832 405; x_wconf 78' lang='lat' dir='ltr'>imo</span> <span class='ocrx_word' id='word_1_45' title='bbox 845 369 923 406; x_wconf 75' lang='lat' dir='ltr'>vero</span> <span class='ocrx_word' id='word_1_46' title='bbox 935 383 1042 416; x_wconf 87' lang='lat' dir='ltr'>neque</span> 
     </span>
     <span class='ocr_line' id='line_1_14' title="bbox 297 419 1042 471; baseline -0.011 -11"><span class='ocrx_word' id='word_1_47' title='bbox 297 425 338 460; x_wconf 88' lang='lat' dir='ltr'>de</span> <span class='ocrx_word' id='word_1_48' title='bbox 352 423 422 471; x_wconf 87' lang='lat' dir='ltr'>ipso</span> <span class='ocrx_word' id='word_1_49' title='bbox 435 423 601 470; x_wconf 70' lang='lat' dir='ltr'>Baltaffare,</span> <span class='ocrx_word' id='word_1_50' title='bbox 612 422 667 456; x_wconf 83' lang='lat' dir='ltr'>nili</span> <span class='ocrx_word' id='word_1_51' title='bbox 679 421 764 457; x_wconf 85' lang='lat' dir='ltr'>filius</span> <span class='ocrx_word' id='word_1_52' title='bbox 776 421 875 455; x_wconf 85' lang='lat' dir='ltr'>fuerit</span> <span class='ocrx_word' id='word_1_53' title='bbox 885 419 1042 454; x_wconf 74' lang='lat' dir='ltr'>non-filiae</span> 
     </span>
     <span class='ocr_line' id='line_1_15' title="bbox 294 470 1044 519; baseline -0.009 -11"><span class='ocrx_word' id='word_1_54' title='bbox 294 475 350 509; x_wconf 84' lang='lat' dir='ltr'>sed</span> <span class='ocrx_word' id='word_1_55' title='bbox 369 473 427 508; x_wconf 84' lang='lat' dir='ltr'>filii</span> <span class='ocrx_word' id='word_1_56' title='bbox 447 499 457 516; x_wconf 89' lang='lat'><strong>,</strong></span> <span class='ocrx_word' id='word_1_57' title='bbox 485 472 616 519; x_wconf 84' lang='lat' dir='ltr'>ejusque</span> <span class='ocrx_word' id='word_1_58' title='bbox 633 471 691 506; x_wconf 85' lang='lat' dir='ltr'>filii</span> <span class='ocrx_word' id='word_1_59' title='bbox 713 472 769 518; x_wconf 87' lang='lat' dir='ltr'>qui</span> <span class='ocrx_word' id='word_1_60' title='bbox 782 470 1044 506; x_wconf 67' lang='lat' dir='ltr'>Nebucloadnezari</span> 
     </span>
     <span class='ocr_line' id='line_1_16' title="bbox 293 519 1045 567; baseline -0.012 -9"><span class='ocrx_word' id='word_1_61' title='bbox 293 523 481 558; x_wconf 74' lang='lat' dir='ltr'>immediate</span> <span class='ocrx_word' id='word_1_62' title='bbox 490 520 633 557; x_wconf 84' lang='lat' dir='ltr'>succeffit</span> <span class='ocrx_word' id='word_1_63' title='bbox 644 523 675 555; x_wconf 90' lang='lat' dir='ltr'>in</span> <span class='ocrx_word' id='word_1_64' title='bbox 687 521 842 567; x_wconf 87' lang='lat' dir='ltr'>imperio.</span> <span class='ocrx_word' id='word_1_65' title='bbox 882 519 1045 562; x_wconf 83' lang='lat' dir='ltr'>Praecipua</span> 
     </span>
     <span class='ocr_line' id='line_1_17' title="bbox 293 565 1044 621; baseline -0.013 -15"><span class='ocrx_word' id='word_1_66' title='bbox 293 574 393 608; x_wconf 72' lang='lat' dir='ltr'>nostri</span> <span class='ocrx_word' id='word_1_67' title='bbox 404 573 591 621; x_wconf 79' lang='lat' dir='ltr'>argumenti</span> <span class='ocrx_word' id='word_1_68' title='bbox 605 573 652 605; x_wconf 88' lang='lat' dir='ltr'>vis</span> <span class='ocrx_word' id='word_1_69' title='bbox 664 573 696 604; x_wconf 88' lang='lat' dir='ltr'>in</span> <span class='ocrx_word' id='word_1_70' title='bbox 716 568 886 616; x_wconf 86' lang='lat' dir='ltr'>postremis</span> <span class='ocrx_word' id='word_1_71' title='bbox 897 565 1044 612; x_wconf 81' lang='lat' dir='ltr'>Prophe-</span> 
     </span>
     <span class='ocr_line' id='line_1_18' title="bbox 296 613 1042 670; baseline -0.013 -13"><span class='ocrx_word' id='word_1_72' title='bbox 296 633 334 657; x_wconf 82' lang='lat' dir='ltr'>tae</span> <span class='ocrx_word' id='word_1_73' title='bbox 347 622 452 657; x_wconf 88' lang='lat' dir='ltr'>verbis</span> <span class='ocrx_word' id='word_1_74' title='bbox 465 620 573 670; x_wconf 80' lang='lat' dir='ltr'>posita</span> <span class='ocrx_word' id='word_1_75' title='bbox 584 621 629 655; x_wconf 86' lang='lat' dir='ltr'>est</span> <span class='ocrx_word' id='word_1_76' title='bbox 644 645 653 656; x_wconf 91' lang='lat'><em>,</em></span> <span class='ocrx_word' id='word_1_77' title='bbox 667 630 766 665; x_wconf 86' lang='lat' dir='ltr'>quam</span> <span class='ocrx_word' id='word_1_78' title='bbox 788 613 954 661; x_wconf 79' lang='lat' dir='ltr'>responfio</span> <span class='ocrx_word' id='word_1_79' title='bbox 972 626 1042 647; x_wconf 92' lang='lat' dir='ltr'>non</span> 
     </span>
     <span class='ocr_line' id='line_1_19' title="bbox 294 663 1042 712; baseline -0.012 -7"><span class='ocrx_word' id='word_1_80' title='bbox 294 671 436 706; x_wconf 74' lang='lat' dir='ltr'>omnino</span> <span class='ocrx_word' id='word_1_81' title='bbox 449 682 587 706; x_wconf 88' lang='lat' dir='ltr'>conatur</span> <span class='ocrx_word' id='word_1_82' title='bbox 597 678 745 712; x_wconf 77' lang='lat' dir='ltr'>tangere,</span> <span class='ocrx_word' id='word_1_83' title='bbox 756 663 874 698; x_wconf 84' lang='lat' dir='ltr'>scilicet</span> <span class='ocrx_word' id='word_1_84' title='bbox 884 675 1042 712; x_wconf 83' lang='lat' dir='ltr'>nepotem</span> 
     </span>
     <span class='ocr_line' id='line_1_20' title="bbox 293 712 1042 757; baseline -0.017 0"><span class='ocrx_word' id='word_1_85' title='bbox 293 722 567 757; x_wconf 68' lang='lat' dir='ltr'>Nobuclmdnezaris</span> <span class='ocrx_word' id='word_1_86' title='bbox 584 713 695 749; x_wconf 67' lang='lat' dir='ltr'>sedisse</span> <span class='ocrx_word' id='word_1_87' title='bbox 716 716 749 746; x_wconf 90' lang='lat' dir='ltr'>in</span> <span class='ocrx_word' id='word_1_88' title='bbox 761 712 883 747; x_wconf 79' lang='lat' dir='ltr'>throno</span> <span class='ocrx_word' id='word_1_89' title='bbox 896 712 1042 757; x_wconf 78' lang='lat' dir='ltr'>Babylo-</span> 
     </span>
     <span class='ocr_line' id='line_1_21' title="bbox 293 761 1042 816; baseline -0.016 -11"><span class='ocrx_word' id='word_1_90' title='bbox 293 773 369 804; x_wconf 87' lang='lat' dir='ltr'>nico</span> <span class='ocrx_word' id='word_1_91' title='bbox 382 769 481 816; x_wconf 88' lang='lat' dir='ltr'>usque</span> <span class='ocrx_word' id='word_1_92' title='bbox 497 767 539 802; x_wconf 84' lang='lat' dir='ltr'>ad</span> <span class='ocrx_word' id='word_1_93' title='bbox 551 770 619 809; x_wconf 80' lang='lat' dir='ltr'>ejus</span> <span class='ocrx_word' id='word_1_94' title='bbox 632 762 836 799; x_wconf 73' lang='lat' dir='ltr'>eversionem</span> <span class='ocrx_word' id='word_1_95' title='bbox 851 774 904 808; x_wconf 89' lang='lat' dir='ltr'>per</span> <span class='ocrx_word' id='word_1_96' title='bbox 917 761 1042 795; x_wconf 79' lang='lat' dir='ltr'>Persas:</span> 
     </span>
     <span class='ocr_line' id='line_1_22' title="bbox 292 810 1042 862; baseline -0.013 -8"><span class='ocrx_word' id='word_1_97' title='bbox 292 818 518 862; x_wconf 60' lang='grc' dir='ltr'>ἑμφοιτικώᾷτσι</span> <span class='ocrx_word' id='word_1_98' title='bbox 541 815 613 849; x_wconf 86' lang='lat' dir='ltr'>sunt</span> <span class='ocrx_word' id='word_1_99' title='bbox 636 813 736 848; x_wconf 85' lang='lat' dir='ltr'>verba</span> <span class='ocrx_word' id='word_1_100' title='bbox 755 811 903 858; x_wconf 82' lang='lat' dir='ltr'>Jeremiae</span> <span class='ocrx_word' id='word_1_101' title='bbox 931 810 1042 856; x_wconf 87' lang='lat' dir='ltr'>[donec</span> 
     </span>
     <span class='ocr_line' id='line_1_23' title="bbox 292 859 894 913; baseline -0.018 -9"><span class='ocrx_word' id='word_1_102' title='bbox 292 872 391 904; x_wconf 74' lang='lat' dir='ltr'>veniat</span> <span class='ocrx_word' id='word_1_103' title='bbox 399 878 505 913; x_wconf 81' lang='lat' dir='ltr'>tempus</span> <span class='ocrx_word' id='word_1_104' title='bbox 516 874 594 900; x_wconf 71' lang='lat' dir='ltr'>terra</span> <span class='ocrx_word' id='word_1_105' title='bbox 603 863 675 909; x_wconf 84' lang='lat' dir='ltr'>ejus,</span> <span class='ocrx_word' id='word_1_106' title='bbox 686 865 777 898; x_wconf 78' lang='lat' dir='ltr'>etiam</span> <span class='ocrx_word' id='word_1_107' title='bbox 786 859 894 907; x_wconf 49' lang='lat' dir='ltr'>ipfiux]</span> 
     </span>
     <span class='ocr_line' id='line_1_24' title="bbox 341 910 1044 962; baseline -0.011 -11"><span class='ocrx_word' id='word_1_108' title='bbox 341 915 489 951; x_wconf 74' lang='lat' dir='ltr'>Secundo</span> <span class='ocrx_word' id='word_1_109' title='bbox 500 923 768 962; x_wconf 80' lang='lat' dir='ltr'>argumentamur</span> <span class='ocrx_word' id='word_1_110' title='bbox 779 922 815 944; x_wconf 88' lang='lat' dir='ltr'>ex</span> <span class='ocrx_word' id='word_1_111' title='bbox 826 912 930 955; x_wconf 83' lang='lat' dir='ltr'>Dan.5</span> <span class='ocrx_word' id='word_1_112' title='bbox 939 921 980 944; x_wconf 90' lang='lat' dir='ltr'>.v.</span> <span class='ocrx_word' id='word_1_113' title='bbox 989 910 1027 943; x_wconf 72' lang='lat'>28</span> <span class='ocrx_word' id='word_1_114' title='bbox 1036 932 1044 944; x_wconf 85' lang='lat'>‚</span> 
     </span>
     <span class='ocr_line' id='line_1_25' title="bbox 290 959 1042 1015; baseline -0.015 -13"><span class='ocrx_word' id='word_1_115' title='bbox 290 980 351 1015; x_wconf 82' lang='lat'>30,</span> <span class='ocrx_word' id='word_1_116' title='bbox 368 979 422 1007; x_wconf 58' lang='grc' dir='ltr'>ξι.</span> <span class='ocrx_word' id='word_1_117' title='bbox 459 968 487 999; x_wconf 94' lang='grc' dir='ltr'>Α</span> <span class='ocrx_word' id='word_1_118' title='bbox 508 975 576 1011; x_wconf 90' lang='lat' dir='ltr'>quo</span> <span class='ocrx_word' id='word_1_119' title='bbox 599 962 775 1008; x_wconf 89' lang='lat' dir='ltr'>abreptum</span> <span class='ocrx_word' id='word_1_120' title='bbox 801 959 846 992; x_wconf 89' lang='lat' dir='ltr'>est</span> <span class='ocrx_word' id='word_1_121' title='bbox 865 960 1042 1006; x_wconf 86' lang='lat' dir='ltr'>imperium</span> 
     </span>
     <span class='ocr_line' id='line_1_26' title="bbox 291 1008 1042 1051; baseline -0.013 0"><span class='ocrx_word' id='word_1_122' title='bbox 291 1008 527 1051; x_wconf 71' lang='lat' dir='ltr'>Chaldaeorum</span> <span class='ocrx_word' id='word_1_123' title='bbox 541 1024 576 1046; x_wconf 91' lang='lat' dir='ltr'>ut</span> <span class='ocrx_word' id='word_1_124' title='bbox 594 1010 778 1045; x_wconf 85' lang='lat' dir='ltr'>traderetur</span> <span class='ocrx_word' id='word_1_125' title='bbox 793 1008 900 1042; x_wconf 86' lang='lat' dir='ltr'>Medis</span> <span class='ocrx_word' id='word_1_126' title='bbox 913 1012 947 1042; x_wconf 77' lang='lat' dir='ltr'>«Sc</span> <span class='ocrx_word' id='word_1_127' title='bbox 963 1011 1042 1042; x_wconf 81' lang='lat' dir='ltr'>Per-</span> 
     </span>
     <span class='ocr_line' id='line_1_27' title="bbox 291 1056 1043 1102; baseline -0.013 -2"><span class='ocrx_word' id='word_1_128' title='bbox 291 1065 331 1100; x_wconf 81' lang='lat' dir='ltr'>fis</span> <span class='ocrx_word' id='word_1_129' title='bbox 345 1090 354 1102; x_wconf 93' lang='lat'>‚</span> <span class='ocrx_word' id='word_1_130' title='bbox 380 1068 406 1098; x_wconf 86' lang='lat' dir='ltr'>is</span> <span class='ocrx_word' id='word_1_131' title='bbox 425 1064 487 1099; x_wconf 87' lang='lat' dir='ltr'>fuit</span> <span class='ocrx_word' id='word_1_132' title='bbox 505 1063 638 1097; x_wconf 89' lang='lat' dir='ltr'>ultimus</span> <span class='ocrx_word' id='word_1_133' title='bbox 658 1056 845 1092; x_wconf 83' lang='lat' dir='ltr'>Monarcha</span> <span class='ocrx_word' id='word_1_134' title='bbox 859 1057 1043 1091; x_wconf 86' lang='lat' dir='ltr'>Chaldaeo-</span> 
     </span>
     <span class='ocr_line' id='line_1_28' title="bbox 291 1105 1044 1155; baseline -0.012 -6"><span class='ocrx_word' id='word_1_135' title='bbox 291 1127 387 1149; x_wconf 79' lang='lat' dir='ltr'>rum:</span> <span class='ocrx_word' id='word_1_136' title='bbox 408 1118 441 1148; x_wconf 58' lang='grc' dir='ltr'>δε</span> <span class='ocrx_word' id='word_1_137' title='bbox 462 1114 560 1147; x_wconf 82' lang='lat' dir='ltr'>Medus</span> <span class='ocrx_word' id='word_1_138' title='bbox 576 1134 584 1148; x_wconf 89' lang='lat'>,</span> <span class='ocrx_word' id='word_1_139' title='bbox 602 1109 643 1143; x_wconf 88' lang='lat' dir='ltr'>de</span> <span class='ocrx_word' id='word_1_140' title='bbox 662 1121 732 1155; x_wconf 88' lang='lat' dir='ltr'>quo</span> <span class='ocrx_word' id='word_1_141' title='bbox 751 1109 859 1154; x_wconf 83' lang='lat' dir='ltr'>primo</span> <span class='ocrx_word' id='word_1_142' title='bbox 880 1105 1044 1141; x_wconf 73' lang='lat' dir='ltr'>verificam</span> 
     </span>
     <span class='ocr_line' id='line_1_29' title="bbox 293 1157 1044 1203; baseline -0.013 -5"><span class='ocrx_word' id='word_1_143' title='bbox 293 1165 338 1198; x_wconf 87' lang='lat' dir='ltr'>est</span> <span class='ocrx_word' id='word_1_144' title='bbox 356 1166 417 1197; x_wconf 88' lang='lat' dir='ltr'>Dci</span> <span class='ocrx_word' id='word_1_145' title='bbox 430 1161 643 1196; x_wconf 80' lang='lat' dir='ltr'>denunciatio</span> <span class='ocrx_word' id='word_1_146' title='bbox 662 1160 703 1192; x_wconf 87' lang='lat' dir='ltr'>de</span> <span class='ocrx_word' id='word_1_147' title='bbox 716 1157 919 1202; x_wconf 80' lang='lat' dir='ltr'>separatione</span> <span class='ocrx_word' id='word_1_148' title='bbox 934 1157 1044 1203; x_wconf 83' lang='lat' dir='ltr'>Regni</span> 
     </span>
     <span class='ocr_line' id='line_1_30' title="bbox 292 1204 1045 1252; baseline -0.013 -5"><span class='ocrx_word' id='word_1_149' title='bbox 292 1213 309 1248; x_wconf 71' lang='grc' dir='ltr'>Ξι</span> <span class='ocrx_word' id='word_1_150' title='bbox 324 1213 509 1252; x_wconf 78' lang='lat' dir='ltr'>Chaldaeis,</span> <span class='ocrx_word' id='word_1_151' title='bbox 535 1214 569 1244; x_wconf 66' lang='grc' dir='ltr'>δέ</span> <span class='ocrx_word' id='word_1_152' title='bbox 594 1211 661 1252; x_wconf 77' lang='lat' dir='ltr'>ejus</span> <span class='ocrx_word' id='word_1_153' title='bbox 680 1207 862 1241; x_wconf 81' lang='lat' dir='ltr'>traditione</span> <span class='ocrx_word' id='word_1_154' title='bbox 885 1204 987 1239; x_wconf 83' lang='lat' dir='ltr'>Persis</span> <span class='ocrx_word' id='word_1_155' title='bbox 1009 1209 1045 1239; x_wconf 87' lang='lat'>&amp;</span> 
     </span>
     <span class='ocr_line' id='line_1_31' title="bbox 293 1251 1046 1302; baseline -0.011 -6"><span class='ocrx_word' id='word_1_156' title='bbox 293 1262 407 1301; x_wconf 83' lang='lat' dir='ltr'>Medis</span> <span class='ocrx_word' id='word_1_157' title='bbox 420 1287 430 1302; x_wconf 93' lang='lat'>,</span> <span class='ocrx_word' id='word_1_158' title='bbox 440 1273 505 1294; x_wconf 91' lang='lat' dir='ltr'>non</span> <span class='ocrx_word' id='word_1_159' title='bbox 515 1258 576 1293; x_wconf 91' lang='lat' dir='ltr'>fuit</span> <span class='ocrx_word' id='word_1_160' title='bbox 588 1256 769 1291; x_wconf 77' lang='lat' dir='ltr'>Monarcha</span> <span class='ocrx_word' id='word_1_161' title='bbox 782 1253 958 1299; x_wconf 84' lang='lat' dir='ltr'>Babylonis</span> <span class='ocrx_word' id='word_1_162' title='bbox 968 1279 976 1294; x_wconf 90' lang='lat'><strong>,</strong></span> <span class='ocrx_word' id='word_1_163' title='bbox 988 1251 1046 1288; x_wconf 87' lang='lat' dir='ltr'>sed</span> 
     </span>
     <span class='ocr_line' id='line_1_32' title="bbox 291 1304 1045 1358; baseline -0.012 -13"><span class='ocrx_word' id='word_1_164' title='bbox 291 1310 392 1358; x_wconf 78' lang='lat' dir='ltr'>caput</span> <span class='ocrx_word' id='word_1_165' title='bbox 418 1310 562 1344; x_wconf 85' lang='lat' dir='ltr'>secundae</span> <span class='ocrx_word' id='word_1_166' title='bbox 581 1305 788 1341; x_wconf 84' lang='lat' dir='ltr'>Monarchiae</span> <span class='ocrx_word' id='word_1_167' title='bbox 810 1304 987 1338; x_wconf 82' lang='lat' dir='ltr'>Medorum</span> <span class='ocrx_word' id='word_1_168' title='bbox 1010 1307 1045 1337; x_wconf 91' lang='lat'>&amp;</span> 
     </span>
     <span class='ocr_line' id='line_1_33' title="bbox 294 1353 1045 1403; baseline -0.009 -9"><span class='ocrx_word' id='word_1_169' title='bbox 294 1358 459 1394; x_wconf 87' lang='lat' dir='ltr'>Persarum</span> <span class='ocrx_word' id='word_1_170' title='bbox 479 1373 487 1394; x_wconf 70' lang='grc' dir='ltr'><strong><em>ε</em></strong></span> <span class='ocrx_word' id='word_1_171' title='bbox 504 1362 570 1403; x_wconf 80' lang='lat' dir='ltr'>jam</span> <span class='ocrx_word' id='word_1_172' title='bbox 582 1355 660 1391; x_wconf 76' lang='lat' dir='ltr'>vero</span> <span class='ocrx_word' id='word_1_173' title='bbox 672 1357 761 1403; x_wconf 88' lang='lat' dir='ltr'>prius</span> <span class='ocrx_word' id='word_1_174' title='bbox 773 1353 814 1388; x_wconf 90' lang='lat' dir='ltr'>de</span> <span class='ocrx_word' id='word_1_175' title='bbox 826 1354 998 1400; x_wconf 73' lang='lat' dir='ltr'>Baltaffare,</span> <span class='ocrx_word' id='word_1_176' title='bbox 1010 1356 1045 1387; x_wconf 66' lang='grc' dir='ltr'>ἅτ</span> 
     </span>
     <span class='ocr_line' id='line_1_34' title="bbox 295 1401 1045 1457; baseline -0.008 -15"><span class='ocrx_word' id='word_1_177' title='bbox 295 1409 457 1457; x_wconf 74' lang='lat' dir='ltr'>posterius</span> <span class='ocrx_word' id='word_1_178' title='bbox 481 1409 520 1443; x_wconf 92' lang='lat' dir='ltr'>de</span> <span class='ocrx_word' id='word_1_179' title='bbox 545 1408 637 1441; x_wconf 79' lang='lat' dir='ltr'>Dario</span> <span class='ocrx_word' id='word_1_180' title='bbox 658 1407 741 1440; x_wconf 85' lang='lat' dir='ltr'>Medo</span> <span class='ocrx_word' id='word_1_181' title='bbox 759 1401 901 1437; x_wconf 74' lang='lat' dir='ltr'>affirmat</span> <span class='ocrx_word' id='word_1_182' title='bbox 922 1401 1045 1437; x_wconf 77' lang='lat' dir='ltr'>Daniel.</span> 
     </span>
     <span class='ocr_line' id='line_1_35' title="bbox 293 1452 1046 1505; baseline -0.013 -11"><span class='ocrx_word' id='word_1_183' title='bbox 293 1461 326 1493; x_wconf 89' lang='lat' dir='ltr'>A</span> <span class='ocrx_word' id='word_1_184' title='bbox 341 1459 499 1505; x_wconf 72' lang='lat' dir='ltr'>Baltaffare</span> <span class='ocrx_word' id='word_1_185' title='bbox 510 1455 684 1502; x_wconf 83' lang='lat' dir='ltr'>abreptum</span> <span class='ocrx_word' id='word_1_186' title='bbox 695 1452 758 1488; x_wconf 86' lang='lat' dir='ltr'>fuit</span> <span class='ocrx_word' id='word_1_187' title='bbox 770 1452 941 1499; x_wconf 87' lang='lat' dir='ltr'>imperium</span> <span class='ocrx_word' id='word_1_188' title='bbox 953 1477 964 1491; x_wconf 93' lang='lat'>,</span> <span class='ocrx_word' id='word_1_189' title='bbox 976 1463 1046 1485; x_wconf 91' lang='lat' dir='ltr'>non</span> 
     </span>
     <span class='ocr_line' id='line_1_36' title="bbox 292 1502 1044 1549; baseline -0.011 -7"><span class='ocrx_word' id='word_1_190' title='bbox 292 1519 329 1542; x_wconf 89' lang='lat' dir='ltr'>ut</span> <span class='ocrx_word' id='word_1_191' title='bbox 342 1510 525 1542; x_wconf 85' lang='lat' dir='ltr'>traderetur</span> <span class='ocrx_word' id='word_1_192' title='bbox 534 1504 590 1540; x_wconf 91' lang='lat' dir='ltr'>ulli</span> <span class='ocrx_word' id='word_1_193' title='bbox 602 1506 655 1538; x_wconf 87' lang='lat' dir='ltr'>alii</span> <span class='ocrx_word' id='word_1_194' title='bbox 666 1503 871 1549; x_wconf 81' lang='lat' dir='ltr'>BabyloniO,</span> <span class='ocrx_word' id='word_1_195' title='bbox 882 1502 980 1536; x_wconf 83' lang='lat' dir='ltr'>velut</span> <span class='ocrx_word' id='word_1_196' title='bbox 990 1513 1044 1535; x_wconf 89' lang='lat' dir='ltr'>re-</span> 
     </span>
     <span class='ocr_line' id='line_1_37' title="bbox 294 1549 1047 1603; baseline -0.009 -12"><span class='ocrx_word' id='word_1_197' title='bbox 294 1568 443 1591; x_wconf 82' lang='lat' dir='ltr'>maneret</span> <span class='ocrx_word' id='word_1_198' title='bbox 461 1557 585 1603; x_wconf 86' lang='lat' dir='ltr'>aliquot</span> <span class='ocrx_word' id='word_1_199' title='bbox 601 1553 706 1589; x_wconf 85' lang='lat' dir='ltr'>adhuc</span> <span class='ocrx_word' id='word_1_200' title='bbox 733 1553 826 1586; x_wconf 87' lang='lat' dir='ltr'>annis</span> <span class='ocrx_word' id='word_1_201' title='bbox 842 1553 877 1585; x_wconf 91' lang='lat' dir='ltr'>in</span> <span class='ocrx_word' id='word_1_202' title='bbox 896 1549 1047 1585; x_wconf 85' lang='lat' dir='ltr'>manibus</span> 
     </span>
     <span class='ocr_line' id='line_1_38' title="bbox 294 1601 1044 1643; baseline -0.009 -3"><span class='ocrx_word' id='word_1_203' title='bbox 294 1605 546 1643; x_wconf 64' lang='lat' dir='ltr'>Chaldaeorum,</span> <span class='ocrx_word' id='word_1_204' title='bbox 555 1603 609 1638; x_wconf 89' lang='lat' dir='ltr'>sed</span> <span class='ocrx_word' id='word_1_205' title='bbox 622 1602 775 1637; x_wconf 83' lang='lat' dir='ltr'>utstatim</span> <span class='ocrx_word' id='word_1_206' title='bbox 787 1601 966 1635; x_wconf 87' lang='lat' dir='ltr'>traderetur</span> <span class='ocrx_word' id='word_1_207' title='bbox 978 1612 1044 1634; x_wconf 91' lang='lat' dir='ltr'>non</span> 
     </span>
     <span class='ocr_line' id='line_1_39' title="bbox 295 1650 1046 1702; baseline -0.011 -12"><span class='ocrx_word' id='word_1_208' title='bbox 295 1657 482 1702; x_wconf 88' lang='lat' dir='ltr'>cuicunque</span> <span class='ocrx_word' id='word_1_209' title='bbox 501 1652 608 1687; x_wconf 85' lang='lat' dir='ltr'>Medo</span> <span class='ocrx_word' id='word_1_210' title='bbox 629 1677 639 1692; x_wconf 90' lang='lat'>,</span> <span class='ocrx_word' id='word_1_211' title='bbox 669 1650 721 1686; x_wconf 80' lang='lat' dir='ltr'>sed</span> <span class='ocrx_word' id='word_1_212' title='bbox 746 1652 839 1697; x_wconf 81' lang='lat' dir='ltr'>genti</span> <span class='ocrx_word' id='word_1_213' title='bbox 852 1650 1046 1690; x_wconf 86' lang='lat' dir='ltr'>Medorum,</span> 
     </span>
     <span class='ocr_line' id='line_1_40' title="bbox 295 1698 1046 1752; baseline -0.009 -13"><span class='ocrx_word' id='word_1_214' title='bbox 295 1716 359 1739; x_wconf 90' lang='lat' dir='ltr'>nec</span> <span class='ocrx_word' id='word_1_215' title='bbox 369 1706 398 1739; x_wconf 90' lang='lat' dir='ltr'>ei</span> <span class='ocrx_word' id='word_1_216' title='bbox 414 1705 505 1752; x_wconf 85' lang='lat' dir='ltr'>genti</span> <span class='ocrx_word' id='word_1_217' title='bbox 517 1702 572 1737; x_wconf 90' lang='lat' dir='ltr'>soli</span> <span class='ocrx_word' id='word_1_218' title='bbox 585 1726 595 1744; x_wconf 87' lang='lat'>‚</span> <span class='ocrx_word' id='word_1_219' title='bbox 605 1701 660 1737; x_wconf 87' lang='lat' dir='ltr'>sed</span> <span class='ocrx_word' id='word_1_220' title='bbox 671 1699 730 1747; x_wconf 82' lang='lat' dir='ltr'>ipfi</span> <span class='ocrx_word' id='word_1_221' title='bbox 742 1699 920 1735; x_wconf 79' lang='lat' dir='ltr'>simulcum</span> <span class='ocrx_word' id='word_1_222' title='bbox 930 1698 1046 1739; x_wconf 76' lang='lat' dir='ltr'>Persis,</span> 
     </span>
     <span class='ocr_line' id='line_1_41' title="bbox 296 1748 1046 1791; baseline -0.008 -4"><span class='ocrx_word' id='word_1_223' title='bbox 296 1754 368 1788; x_wconf 66' lang='lat' dir='ltr'>imo</span> <span class='ocrx_word' id='word_1_224' title='bbox 385 1752 525 1789; x_wconf 74' lang='lat' dir='ltr'>maxime</span> <span class='ocrx_word' id='word_1_225' title='bbox 539 1750 643 1787; x_wconf 85' lang='lat' dir='ltr'>Persis</span> <span class='ocrx_word' id='word_1_226' title='bbox 655 1777 663 1791; x_wconf 87' lang='lat'>,</span> <span class='ocrx_word' id='word_1_227' title='bbox 691 1762 768 1784; x_wconf 81' lang='lat' dir='ltr'>nam</span> <span class='ocrx_word' id='word_1_228' title='bbox 787 1749 854 1783; x_wconf 89' lang='lat' dir='ltr'>hoc</span> <span class='ocrx_word' id='word_1_229' title='bbox 866 1748 992 1786; x_wconf 87' lang='lat' dir='ltr'>indicat</span> <span class='ocrx_word' id='word_1_230' title='bbox 1012 1752 1046 1784; x_wconf 88' lang='lat'>&amp;</span> 
     </span>
     <span class='ocr_line' id='line_1_42' title="bbox 296 1800 1048 1849; baseline -0.004 -13"><span class='ocrx_word' id='word_1_231' title='bbox 296 1815 363 1837; x_wconf 87' lang='lat' dir='ltr'>vox</span> <span class='ocrx_word' id='word_1_232' title='bbox 375 1805 495 1838; x_wconf 83' lang='lat' dir='ltr'>oraculi</span> <span class='ocrx_word' id='word_1_233' title='bbox 506 1802 635 1849; x_wconf 77' lang='lat' dir='ltr'>upbarfin</span> <span class='ocrx_word' id='word_1_234' title='bbox 647 1827 657 1842; x_wconf 93' lang='lat'>‚</span> <span class='ocrx_word' id='word_1_235' title='bbox 680 1804 714 1836; x_wconf 74' lang='grc' dir='ltr'>δε</span> <span class='ocrx_word' id='word_1_236' title='bbox 733 1812 798 1835; x_wconf 83' lang='lat' dir='ltr'>vox</span> <span class='ocrx_word' id='word_1_237' title='bbox 815 1800 1048 1835; x_wconf 85' lang='lat' dir='ltr'>commentarii</span> 
     </span>
     <span class='ocr_line' id='line_1_43' title="bbox 297 1849 1050 1888; baseline -0.007 0"><span class='ocrx_word' id='word_1_238' title='bbox 297 1860 397 1888; x_wconf 71' lang='lat' dir='ltr'>Peras.</span> <span class='ocrx_word' id='word_1_239' title='bbox 437 1854 489 1887; x_wconf 90' lang='lat' dir='ltr'>De</span> <span class='ocrx_word' id='word_1_240' title='bbox 511 1854 603 1887; x_wconf 73' lang='lat' dir='ltr'>Dario</span> <span class='ocrx_word' id='word_1_241' title='bbox 623 1853 725 1885; x_wconf 86' lang='lat' dir='ltr'>etiam</span> <span class='ocrx_word' id='word_1_242' title='bbox 743 1849 909 1884; x_wconf 77' lang='lat' dir='ltr'>verificata</span> <span class='ocrx_word' id='word_1_243' title='bbox 927 1850 972 1884; x_wconf 86' lang='lat' dir='ltr'>est</span> <span class='ocrx_word' id='word_1_244' title='bbox 992 1851 1050 1884; x_wconf 83' lang='lat' dir='ltr'>de-</span> 
     </span>
     <span class='ocr_line' id='line_1_44' title="bbox 297 1897 1048 1936; baseline -0.004 -1"><span class='ocrx_word' id='word_1_245' title='bbox 297 1903 466 1936; x_wconf 88' lang='lat' dir='ltr'>nunciatio</span> <span class='ocrx_word' id='word_1_246' title='bbox 484 1901 522 1935; x_wconf 90' lang='lat' dir='ltr'>de</span> <span class='ocrx_word' id='word_1_247' title='bbox 541 1902 685 1935; x_wconf 85' lang='lat' dir='ltr'>adventu</span> <span class='ocrx_word' id='word_1_248' title='bbox 697 1897 863 1933; x_wconf 79' lang='lat' dir='ltr'>Persarum</span> <span class='ocrx_word' id='word_1_249' title='bbox 875 1903 909 1934; x_wconf 74' lang='grc' dir='ltr'>δε</span> <span class='ocrx_word' id='word_1_250' title='bbox 922 1899 1048 1933; x_wconf 89' lang='lat' dir='ltr'>Medo-</span> 
     </span>
     <span class='ocr_line' id='line_1_45' title="bbox 296 1946 1048 1985; baseline -0.004 -1"><span class='ocrx_word' id='word_1_251' title='bbox 296 1963 373 1984; x_wconf 76' lang='lat' dir='ltr'>rum</span> <span class='ocrx_word' id='word_1_252' title='bbox 395 1952 435 1985; x_wconf 86' lang='lat' dir='ltr'>ad</span> <span class='ocrx_word' id='word_1_253' title='bbox 459 1949 634 1985; x_wconf 87' lang='lat' dir='ltr'>secundam</span> <span class='ocrx_word' id='word_1_254' title='bbox 662 1948 891 1983; x_wconf 70' lang='lat' dir='ltr'>Monarchiani</span> <span class='ocrx_word' id='word_1_255' title='bbox 909 1946 1048 1982; x_wconf 69' lang='lat' dir='ltr'>statima</span> 
     </span>
     <span class='ocr_line' id='line_1_46' title="bbox 297 1997 1046 2047; baseline 0 -15"><span class='ocrx_word' id='word_1_256' title='bbox 297 2012 410 2034; x_wconf 87' lang='lat' dir='ltr'>morte</span> <span class='ocrx_word' id='word_1_257' title='bbox 420 2001 596 2047; x_wconf 73' lang='lat' dir='ltr'>Baltaffaris,</span> <span class='ocrx_word' id='word_1_258' title='bbox 607 2011 684 2032; x_wconf 90' lang='lat' dir='ltr'>nam</span> <span class='ocrx_word' id='word_1_259' title='bbox 698 1997 776 2036; x_wconf 64' lang='lat' dir='ltr'>cum&gt;</span> <span class='ocrx_word' id='word_1_260' title='bbox 784 1997 905 2033; x_wconf 86' lang='lat' dir='ltr'>dixiffet</span> <span class='ocrx_word' id='word_1_261' title='bbox 913 1999 1046 2039; x_wconf 87' lang='lat' dir='ltr'>Daniel,</span> 
     </span>
     <span class='ocr_line' id='line_1_47' title="bbox 303 2047 1049 2096; baseline -0.004 -12"><span class='ocrx_word' id='word_1_262' title='bbox 303 2047 353 2092; x_wconf 52' lang='lat' dir='ltr'>(eii</span> <span class='ocrx_word' id='word_1_263' title='bbox 364 2047 421 2096; x_wconf 68' lang='lat' dir='ltr'>ipfiz&#39;</span> <span class='ocrx_word' id='word_1_264' title='bbox 430 2053 506 2084; x_wconf 66' lang='lat' dir='ltr'>nobie</span> <span class='ocrx_word' id='word_1_265' title='bbox 516 2050 591 2096; x_wconf 64' lang='lat' dir='ltr'>caefias</span> <span class='ocrx_word' id='word_1_266' title='bbox 601 2050 644 2083; x_wconf 60' lang='lat' dir='ltr'>eil</span> <span class='ocrx_word' id='word_1_267' title='bbox 653 2048 814 2095; x_wconf 72' lang='lat' dir='ltr'>Baltaffar)</span> <span class='ocrx_word' id='word_1_268' title='bbox 822 2048 928 2081; x_wconf 87' lang='lat' dir='ltr'>statim</span> <span class='ocrx_word' id='word_1_269' title='bbox 941 2047 1049 2082; x_wconf 85' lang='lat' dir='ltr'>verbis</span> 
     </span>
     <span class='ocr_line' id='line_1_48' title="bbox 299 2097 1049 2145; baseline -0.003 -13"><span class='ocrx_word' id='word_1_270' title='bbox 299 2099 489 2134; x_wconf 76' lang='lat' dir='ltr'>immediate</span> <span class='ocrx_word' id='word_1_271' title='bbox 515 2097 727 2145; x_wconf 80' lang='lat' dir='ltr'>sequentibus</span> <span class='ocrx_word' id='word_1_272' title='bbox 752 2097 878 2139; x_wconf 87' lang='lat' dir='ltr'>subjicit</span> <span class='ocrx_word' id='word_1_273' title='bbox 917 2098 1049 2142; x_wconf 80' lang='lat' dir='ltr'>[Darius</span> 
     </span>
     <span class='ocr_line' id='line_1_49' title="bbox 301 2145 1047 2194; baseline -0.001 -13"><span class='ocrx_word' id='word_1_274' title='bbox 301 2150 399 2182; x_wconf 76' lang='lat' dir='ltr'>Medus</span> <span class='ocrx_word' id='word_1_275' title='bbox 408 2147 514 2193; x_wconf 72' lang='lat' dir='ltr'>accepit</span> <span class='ocrx_word' id='word_1_276' title='bbox 525 2147 666 2194; x_wconf 83' lang='lat' dir='ltr'>Regnum]</span> <span class='ocrx_word' id='word_1_277' title='bbox 678 2146 775 2193; x_wconf 88' lang='lat' dir='ltr'>quod</span> <span class='ocrx_word' id='word_1_278' title='bbox 784 2145 927 2180; x_wconf 73' lang='lat' dir='ltr'>omnino</span> <span class='ocrx_word' id='word_1_279' title='bbox 938 2146 1047 2180; x_wconf 88' lang='lat' dir='ltr'>exclu-</span> 
     </span>
     <span class='ocr_line' id='line_1_50' title="bbox 300 2194 1048 2243; baseline -0.001 -13"><span class='ocrx_word' id='word_1_280' title='bbox 300 2196 350 2230; x_wconf 88' lang='lat' dir='ltr'>dit</span> <span class='ocrx_word' id='word_1_281' title='bbox 362 2197 499 2243; x_wconf 81' lang='lat' dir='ltr'>Scaligeri</span> <span class='ocrx_word' id='word_1_282' title='bbox 509 2194 697 2228; x_wconf 75' lang='lat' dir='ltr'>evasionem</span> <span class='ocrx_word' id='word_1_283' title='bbox 709 2223 717 2234; x_wconf 90' lang='lat'>‚</span> <span class='ocrx_word' id='word_1_284' title='bbox 738 2194 828 2240; x_wconf 81' lang='lat' dir='ltr'>quasi</span> <span class='ocrx_word' id='word_1_285' title='bbox 840 2194 1048 2229; x_wconf 72' lang='lat' dir='ltr'>successissent</span> 
     </span>
     <span class='ocr_line' id='line_1_51' title="bbox 298 2242 1046 2288; baseline -0.005 -8"><span class='ocrx_word' id='word_1_286' title='bbox 298 2245 440 2280; x_wconf 89' lang='lat' dir='ltr'>Medi&amp;</span> <span class='ocrx_word' id='word_1_287' title='bbox 456 2243 553 2279; x_wconf 79' lang='lat' dir='ltr'>Persae</span> <span class='ocrx_word' id='word_1_288' title='bbox 567 2242 708 2278; x_wconf 75' lang='lat' dir='ltr'>mediate</span> <span class='ocrx_word' id='word_1_289' title='bbox 720 2244 754 2275; x_wconf 90' lang='lat' dir='ltr'>in</span> <span class='ocrx_word' id='word_1_290' title='bbox 767 2244 1046 2288; x_wconf 80' lang='lat' dir='ltr'>Baltaffaro&#39;simpe-</span> 
     </span>
     <span class='ocr_line' id='line_1_52' title="bbox 296 2291 1047 2341; baseline -0.009 -12"><span class='ocrx_word' id='word_1_291' title='bbox 296 2297 382 2329; x_wconf 86' lang='lat' dir='ltr'>rium</span> <span class='ocrx_word' id='word_1_292' title='bbox 405 2294 476 2341; x_wconf 84' lang='lat' dir='ltr'>post</span> <span class='ocrx_word' id='word_1_293' title='bbox 500 2291 736 2339; x_wconf 81' lang='lat' dir='ltr'>septemdecim</span> <span class='ocrx_word' id='word_1_294' title='bbox 764 2292 904 2326; x_wconf 77' lang='lat' dir='ltr'>Nabonulz&#39;</span> <span class='ocrx_word' id='word_1_295' title='bbox 929 2302 1047 2330; x_wconf 89' lang='lat' dir='ltr'>annos,</span> 
     </span>
     <span class='ocr_line' id='line_1_53' title="bbox 296 2340 1045 2387; baseline -0.008 -9"><span class='ocrx_word' id='word_1_296' title='bbox 296 2356 365 2378; x_wconf 86' lang='lat' dir='ltr'>non</span> <span class='ocrx_word' id='word_1_297' title='bbox 393 2344 500 2378; x_wconf 78' lang='lat' dir='ltr'>statim</span> <span class='ocrx_word' id='word_1_298' title='bbox 526 2346 560 2377; x_wconf 85' lang='lat'>&amp;</span> <span class='ocrx_word' id='word_1_299' title='bbox 588 2340 781 2375; x_wconf 71' lang='lat' dir='ltr'>immediate</span> <span class='ocrx_word' id='word_1_300' title='bbox 809 2340 880 2387; x_wconf 90' lang='lat' dir='ltr'>post</span> <span class='ocrx_word' id='word_1_301' title='bbox 903 2350 1045 2374; x_wconf 87' lang='lat' dir='ltr'>mortem</span> 
     </span>
     <span class='ocr_line' id='line_1_54' title="bbox 296 2389 1046 2440; baseline -0.011 -12"><span class='ocrx_word' id='word_1_302' title='bbox 296 2393 464 2440; x_wconf 68' lang='lat' dir='ltr'>Baltaffaris</span> <span class='ocrx_word' id='word_1_303' title='bbox 495 2404 506 2424; x_wconf 85' lang='lat'>.·</span> <span class='ocrx_word' id='word_1_304' title='bbox 537 2389 826 2438; x_wconf 82' lang='lat' dir='ltr'>quemadmodum</span> <span class='ocrx_word' id='word_1_305' title='bbox 854 2391 953 2424; x_wconf 78' lang='lat' dir='ltr'>David</span> <span class='ocrx_word' id='word_1_306' title='bbox 977 2400 1046 2422; x_wconf 89' lang='lat' dir='ltr'>non</span> 
     </span>
     <span class='ocr_line' id='line_1_55' title="bbox 296 2437 1047 2484; baseline -0.007 -7"><span class='ocrx_word' id='word_1_307' title='bbox 296 2443 402 2477; x_wconf 86' lang='lat' dir='ltr'>statim</span> <span class='ocrx_word' id='word_1_308' title='bbox 416 2441 496 2476; x_wconf 87' lang='lat' dir='ltr'>sedit</span> <span class='ocrx_word' id='word_1_309' title='bbox 508 2442 539 2474; x_wconf 90' lang='lat' dir='ltr'>in</span> <span class='ocrx_word' id='word_1_310' title='bbox 553 2439 675 2474; x_wconf 82' lang='lat' dir='ltr'>throno</span> <span class='ocrx_word' id='word_1_311' title='bbox 687 2438 828 2476; x_wconf 72' lang='lat' dir='ltr'>Israelis,</span> <span class='ocrx_word' id='word_1_312' title='bbox 848 2437 901 2472; x_wconf 87' lang='lat' dir='ltr'>sed</span> <span class='ocrx_word' id='word_1_313' title='bbox 919 2439 1047 2484; x_wconf 87' lang='lat' dir='ltr'>aliquot</span> 
     </span>
     <span class='ocr_line' id='line_1_56' title="bbox 297 2486 1046 2538; baseline -0.008 -12"><span class='ocrx_word' id='word_1_314' title='bbox 297 2494 389 2526; x_wconf 80' lang='lat' dir='ltr'>annis</span> <span class='ocrx_word' id='word_1_315' title='bbox 403 2492 474 2538; x_wconf 87' lang='lat' dir='ltr'>post</span> <span class='ocrx_word' id='word_1_316' title='bbox 488 2502 589 2536; x_wconf 87' lang='lat' dir='ltr'>quam</span> <span class='ocrx_word' id='word_1_317' title='bbox 602 2491 718 2524; x_wconf 84' lang='lat' dir='ltr'>Samuel</span> <span class='ocrx_word' id='word_1_318' title='bbox 736 2486 976 2534; x_wconf 63' lang='lat' dir='ltr'>pronuncifisset</span> <span class='ocrx_word' id='word_1_319' title='bbox 989 2488 1046 2521; x_wconf 86' lang='lat' dir='ltr'>ab·</span> 
     </span>
     <span class='ocr_line' id='line_1_57' title="bbox 296 2536 1047 2588; baseline -0.009 -12"><span class='ocrx_word' id='word_1_320' title='bbox 296 2552 430 2588; x_wconf 85' lang='lat' dir='ltr'>reptum</span> <span class='ocrx_word' id='word_1_321' title='bbox 450 2538 543 2573; x_wconf 79' lang='lat' dir='ltr'>fuisse</span> <span class='ocrx_word' id='word_1_322' title='bbox 563 2550 700 2586; x_wconf 86' lang='lat' dir='ltr'>regnum</span> <span class='ocrx_word' id='word_1_323' title='bbox 727 2537 746 2571; x_wconf 73' lang='lat' dir='ltr'>a</span> <span class='ocrx_word' id='word_1_324' title='bbox 767 2540 854 2572; x_wconf 85' lang='lat' dir='ltr'>Saulo</span> <span class='ocrx_word' id='word_1_325' title='bbox 867 2548 901 2570; x_wconf 90' lang='lat' dir='ltr'>ut</span> <span class='ocrx_word' id='word_1_326' title='bbox 914 2536 1047 2570; x_wconf 85' lang='lat' dir='ltr'>daretur</span> 
     </span>
     <span class='ocr_line' id='line_1_58' title="bbox 296 2585 1046 2633; baseline -0.011 -7"><span class='ocrx_word' id='word_1_327' title='bbox 296 2592 419 2626; x_wconf 73' lang='lat' dir='ltr'>Davidi.</span> <span class='ocrx_word' id='word_1_328' title='bbox 452 2590 516 2624; x_wconf 89' lang='lat' dir='ltr'>Sed</span> <span class='ocrx_word' id='word_1_329' title='bbox 535 2590 628 2623; x_wconf 90' lang='lat' dir='ltr'>locus</span> <span class='ocrx_word' id='word_1_330' title='bbox 637 2587 689 2621; x_wconf 88' lang='lat' dir='ltr'>hic</span> <span class='ocrx_word' id='word_1_331' title='bbox 700 2588 840 2622; x_wconf 78' lang='lat' dir='ltr'>Samuelis</span> <span class='ocrx_word' id='word_1_332' title='bbox 852 2598 921 2620; x_wconf 89' lang='lat' dir='ltr'>non</span> <span class='ocrx_word' id='word_1_333' title='bbox 934 2585 979 2620; x_wconf 88' lang='lat' dir='ltr'>cst</span> <span class='ocrx_word' id='word_1_334' title='bbox 989 2597 1046 2633; x_wconf 84' lang='lat' dir='ltr'>pa-</span> 
     </span>
     <span class='ocr_line' id='line_1_59' title="bbox 296 2633 1048 2674; baseline -0.007 0"><span class='ocrx_word' id='word_1_335' title='bbox 296 2640 480 2674; x_wconf 82' lang='lat' dir='ltr'>rallelusisti</span> <span class='ocrx_word' id='word_1_336' title='bbox 493 2639 619 2671; x_wconf 74' lang='lat' dir='ltr'>Danielis</span> <span class='ocrx_word' id='word_1_337' title='bbox 632 2660 640 2672; x_wconf 85' lang='lat'>‚</span> <span class='ocrx_word' id='word_1_338' title='bbox 658 2635 715 2670; x_wconf 81' lang='lat' dir='ltr'>nisi</span> <span class='ocrx_word' id='word_1_339' title='bbox 732 2633 907 2670; x_wconf 73' lang='lat' dir='ltr'>addidisset</span> <span class='ocrx_word' id='word_1_340' title='bbox 926 2637 1048 2669; x_wconf 84' lang='lat' dir='ltr'>Samuel</span> 
     </span>
     <span class='ocr_line' id='line_1_60' title="bbox 297 2682 1046 2736; baseline -0.009 -13"><span class='ocrx_word' id='word_1_341' title='bbox 297 2689 334 2723; x_wconf 64' lang='lat' dir='ltr'>ci</span> <span class='ocrx_word' id='word_1_342' title='bbox 352 2688 414 2736; x_wconf 71' lang='lat' dir='ltr'>ipsii</span> <span class='ocrx_word' id='word_1_343' title='bbox 432 2688 532 2721; x_wconf 52' lang='lat' dir='ltr'>nodie</span> <span class='ocrx_word' id='word_1_344' title='bbox 550 2685 667 2719; x_wconf 85' lang='lat' dir='ltr'>caesum</span> <span class='ocrx_word' id='word_1_345' title='bbox 680 2682 772 2718; x_wconf 82' lang='lat' dir='ltr'>fuisse</span> <span class='ocrx_word' id='word_1_346' title='bbox 785 2686 902 2717; x_wconf 71' lang='lat' dir='ltr'>saulum</span> <span class='ocrx_word' id='word_1_347' title='bbox 916 2683 1046 2728; x_wconf 80' lang='lat' dir='ltr'>ejusque</span> 
     </span>
     <span class='ocr_line' id='line_1_61' title="bbox 298 2730 1048 2783; baseline -0.009 -11"><span class='ocrx_word' id='word_1_348' title='bbox 298 2738 403 2772; x_wconf 83' lang='lat' dir='ltr'>filium</span> <span class='ocrx_word' id='word_1_349' title='bbox 424 2737 598 2783; x_wconf 76' lang='lat' dir='ltr'>lshboshcth</span> <span class='ocrx_word' id='word_1_350' title='bbox 617 2759 628 2775; x_wconf 90' lang='lat'>,</span> <span class='ocrx_word' id='word_1_351' title='bbox 657 2738 690 2768; x_wconf 73' lang='grc' dir='ltr'>δε</span> <span class='ocrx_word' id='word_1_352' title='bbox 712 2734 852 2768; x_wconf 76' lang='lat' dir='ltr'>Davidem</span> <span class='ocrx_word' id='word_1_353' title='bbox 869 2730 974 2764; x_wconf 83' lang='lat' dir='ltr'>filium</span> <span class='ocrx_word' id='word_1_354' title='bbox 985 2733 1048 2779; x_wconf 75' lang='lat' dir='ltr'>leffe</span> 
     </span>
     <span class='ocr_line' id='line_1_62' title="bbox 298 2779 1046 2829; baseline -0.009 -8"><span class='ocrx_word' id='word_1_355' title='bbox 298 2786 404 2821; x_wconf 79' lang='lat' dir='ltr'>sedisse</span> <span class='ocrx_word' id='word_1_356' title='bbox 420 2789 452 2820; x_wconf 91' lang='lat' dir='ltr'>in</span> <span class='ocrx_word' id='word_1_357' title='bbox 463 2786 609 2820; x_wconf 82' lang='lat' dir='ltr'>throno:</span> <span class='ocrx_word' id='word_1_358' title='bbox 631 2782 697 2817; x_wconf 81' lang='lat' dir='ltr'>haec</span> <span class='ocrx_word' id='word_1_359' title='bbox 709 2780 730 2815; x_wconf 83' lang='lat' dir='ltr'>fi</span> <span class='ocrx_word' id='word_1_360' title='bbox 743 2779 979 2829; x_wconf 67' lang='lat' dir='ltr'>pronunciasset</span> <span class='ocrx_word' id='word_1_361' title='bbox 993 2788 1046 2815; x_wconf 77' lang='lat' dir='ltr'>Sa-</span> 
     </span>
     <span class='ocr_line' id='line_1_63' title="bbox 298 2828 1046 2884; baseline -0.011 -13"><span class='ocrx_word' id='word_1_362' title='bbox 298 2837 376 2871; x_wconf 73' lang='lat' dir='ltr'>muel</span> <span class='ocrx_word' id='word_1_363' title='bbox 393 2848 517 2884; x_wconf 66' lang='lat' dir='ltr'>magnae</span> <span class='ocrx_word' id='word_1_364' title='bbox 536 2831 638 2870; x_wconf 76' lang='lat' dir='ltr'>fuiss‘et</span> <span class='ocrx_word' id='word_1_365' title='bbox 654 2833 795 2866; x_wconf 84' lang='lat' dir='ltr'>audaciae</span> <span class='ocrx_word' id='word_1_366' title='bbox 821 2828 983 2865; x_wconf 70' lang='lat' dir='ltr'>revocasse</span> <span class='ocrx_word' id='word_1_367' title='bbox 1012 2831 1046 2863; x_wconf 90' lang='lat' dir='ltr'>in</span> 
     </span>
     <span class='ocr_line' id='line_1_64' title="bbox 299 2879 1046 2919; baseline -0.011 0"><span class='ocrx_word' id='word_1_368' title='bbox 299 2886 437 2919; x_wconf 87' lang='lat' dir='ltr'>dubium</span> <span class='ocrx_word' id='word_1_369' title='bbox 457 2884 681 2919; x_wconf 79' lang='lat' dir='ltr'>immediatam</span> <span class='ocrx_word' id='word_1_370' title='bbox 705 2885 739 2915; x_wconf 84' lang='lat'>&amp;</span> <span class='ocrx_word' id='word_1_371' title='bbox 757 2879 958 2914; x_wconf 80' lang='lat' dir='ltr'>subitaneam</span> <span class='ocrx_word' id='word_1_372' title='bbox 973 2879 1046 2914; x_wconf 88' lang='lat' dir='ltr'>suc-</span> 
     </span>
     <span class='ocr_line' id='line_1_65' title="bbox 301 2927 1044 2969; baseline -0.009 -1"><span class='ocrx_word' id='word_1_373' title='bbox 301 2934 479 2969; x_wconf 83' lang='lat' dir='ltr'>ccffioncm</span> <span class='ocrx_word' id='word_1_374' title='bbox 502 2932 605 2967; x_wconf 72' lang='lat' dir='ltr'>tribus</span> <span class='ocrx_word' id='word_1_375' title='bbox 619 2933 687 2966; x_wconf 77' lang='lat' dir='ltr'>lutlae</span> <span class='ocrx_word' id='word_1_376' title='bbox 710 2932 744 2963; x_wconf 90' lang='lat' dir='ltr'>in</span> <span class='ocrx_word' id='word_1_377' title='bbox 767 2929 883 2963; x_wconf 88' lang='lat' dir='ltr'>solium</span> <span class='ocrx_word' id='word_1_378' title='bbox 907 2927 1044 2968; x_wconf 83' lang='lat' dir='ltr'>Israelis,</span> 
     </span>
     <span class='ocr_line' id='line_1_66' title="bbox 301 2978 1000 3029; baseline -0.006 -14"><span class='ocrx_word' id='word_1_379' title='bbox 301 2982 432 3029; x_wconf 59' lang='lat' dir='ltr'>sepositi</span> <span class='ocrx_word' id='word_1_380' title='bbox 443 2982 563 3017; x_wconf 65' lang='lat' dir='ltr'>familia</span> <span class='ocrx_word' id='word_1_381' title='bbox 572 2983 653 3016; x_wconf 80' lang='lat' dir='ltr'>Sauli</span> <span class='ocrx_word' id='word_1_382' title='bbox 664 2985 695 3015; x_wconf 90' lang='lat'>&amp;</span> <span class='ocrx_word' id='word_1_383' title='bbox 707 2980 898 3024; x_wconf 82' lang='lat' dir='ltr'>Benjamitide</span> <span class='ocrx_word' id='word_1_384' title='bbox 907 2978 1000 3012; x_wconf 79' lang='lat' dir='ltr'>tribu.</span> 
     </span>
     <span class='ocr_line' id='line_1_67' title="bbox 353 3026 1047 3080; baseline -0.009 -16"><span class='ocrx_word' id='word_1_385' title='bbox 353 3033 467 3066; x_wconf 75' lang='lat' dir='ltr'>Tertio</span> <span class='ocrx_word' id='word_1_386' title='bbox 489 3041 772 3080; x_wconf 81' lang='lat' dir='ltr'>argumentamur.</span> <span class='ocrx_word' id='word_1_387' title='bbox 810 3028 881 3074; x_wconf 83' lang='lat' dir='ltr'>Qi</span> <span class='ocrx_word' id='word_1_388' title='bbox 908 3026 1047 3060; x_wconf 89' lang='lat' dir='ltr'>admini-</span> 
     </span>
     <span class='ocr_line' id='line_1_68' title="bbox 303 3076 1044 3128; baseline -0.004 -17"><span class='ocrx_word' id='word_1_389' title='bbox 303 3077 408 3111; x_wconf 64' lang='lat' dir='ltr'>stravit</span> <span class='ocrx_word' id='word_1_390' title='bbox 437 3083 591 3128; x_wconf 79' lang='lat' dir='ltr'>Regnum</span> <span class='ocrx_word' id='word_1_391' title='bbox 620 3078 851 3114; x_wconf 72' lang='lat' dir='ltr'>Chaldaeorum</span> <span class='ocrx_word' id='word_1_392' title='bbox 871 3076 1044 3110; x_wconf 85' lang='lat' dir='ltr'>secundum</span> 
     </span>
     <span class='ocr_line' id='line_1_69' title="bbox 303 3125 1046 3172; baseline -0.007 -10"><span class='ocrx_word' id='word_1_393' title='bbox 303 3130 389 3172; x_wconf 74' lang='lat' dir='ltr'>leges</span> <span class='ocrx_word' id='word_1_394' title='bbox 406 3129 585 3163; x_wconf 84' lang='lat' dir='ltr'>Medorum</span> <span class='ocrx_word' id='word_1_395' title='bbox 600 3133 633 3163; x_wconf 61' lang='grc' dir='ltr'>δέ</span> <span class='ocrx_word' id='word_1_396' title='bbox 649 3125 813 3162; x_wconf 85' lang='lat' dir='ltr'>Persarum</span> <span class='ocrx_word' id='word_1_397' title='bbox 833 3151 843 3167; x_wconf 83' lang='lat'><strong>‚</strong></span> <span class='ocrx_word' id='word_1_398' title='bbox 869 3128 893 3159; x_wconf 91' lang='lat' dir='ltr'>is</span> <span class='ocrx_word' id='word_1_399' title='bbox 907 3126 1046 3159; x_wconf 80' lang='lat' dir='ltr'>statuen-</span> 
     </span>
     <span class='ocr_line' id='line_1_70' title="bbox 303 3174 1042 3224; baseline -0.008 -11"><span class='ocrx_word' id='word_1_400' title='bbox 303 3176 364 3210; x_wconf 72' lang='lat' dir='ltr'>dus</span> <span class='ocrx_word' id='word_1_401' title='bbox 385 3174 429 3208; x_wconf 75' lang='lat' dir='ltr'>cst</span> <span class='ocrx_word' id='word_1_402' title='bbox 446 3177 480 3208; x_wconf 77' lang='lat' dir='ltr'>in</span> <span class='ocrx_word' id='word_1_403' title='bbox 498 3176 587 3212; x_wconf 82' lang='lat' dir='ltr'>classe</span> <span class='ocrx_word' id='word_1_404' title='bbox 609 3179 744 3224; x_wconf 82' lang='lat' dir='ltr'>Regum</span> <span class='ocrx_word' id='word_1_405' title='bbox 766 3177 980 3212; x_wconf 86' lang='lat' dir='ltr'>Medicorum</span> <span class='ocrx_word' id='word_1_406' title='bbox 1008 3176 1042 3207; x_wconf 68' lang='grc' dir='ltr'>δέ</span> 
     </span>
    </p>
   </div>
   <div class='ocr_carea' id='block_1_9' title="bbox 1064 291 1073 1961">
    <p class='ocr_par' dir='ltr' id='par_1_9' title="bbox 1064 291 1073 1961">
     <span class='ocr_line' id='line_1_71' title="bbox 1064 291 1073 1961; baseline 0 0"><span class='ocrx_word' id='word_1_407' title='bbox 1064 291 1073 1961; x_wconf 95' lang='lat' dir='ltr'> </span> 
     </span>
    </p>
   </div>
   <div class='ocr_carea' id='block_1_10' title="bbox 1066 2208 1074 3229">
    <p class='ocr_par' dir='ltr' id='par_1_10' title="bbox 1066 2208 1074 3229">
     <span class='ocr_line' id='line_1_72' title="bbox 1066 2208 1074 3229; baseline 0 0"><span class='ocrx_word' id='word_1_408' title='bbox 1066 2208 1074 3229; x_wconf 95' lang='lat' dir='ltr'> </span> 
     </span>
    </p>
   </div>
   <div class='ocr_carea' id='block_1_11' title="bbox 1017 96 1499 140">
    <p class='ocr_par' dir='ltr' id='par_1_11' title="bbox 1017 96 1499 140">
     <span class='ocr_line' id='line_1_73' title="bbox 1017 96 1499 140; baseline 0.006 -3"><span class='ocrx_word' id='word_1_409' title='bbox 1017 96 1499 140; x_wconf 65' lang='lat' dir='ltr'>Hrsroaict&#39;</span> 
     </span>
    </p>
   </div>
   <div class='ocr_carea' id='block_1_12' title="bbox 1080 173 2048 3254">
    <p class='ocr_par' dir='ltr' id='par_1_12' title="bbox 1080 173 1852 846">
     <span class='ocr_line' id='line_1_74' title="bbox 1080 173 1834 228; baseline 0.009 -20"><span class='ocrx_word' id='word_1_410' title='bbox 1080 173 1285 209; x_wconf 74' lang='lat' dir='ltr'>Persicorum</span> <span class='ocrx_word' id='word_1_411' title='bbox 1296 187 1364 209; x_wconf 90' lang='lat' dir='ltr'>non</span> <span class='ocrx_word' id='word_1_412' title='bbox 1378 174 1614 213; x_wconf 85' lang='lat' dir='ltr'>Chaldaeorum</span> <span class='ocrx_word' id='word_1_413' title='bbox 1623 174 1643 214; x_wconf 57' lang='grc' dir='ltr'>ἰ’</span> <span class='ocrx_word' id='word_1_414' title='bbox 1653 179 1758 228; x_wconf 85' lang='lat' dir='ltr'>Atqui</span> <span class='ocrx_word' id='word_1_415' title='bbox 1769 179 1834 215; x_wconf 91' lang='lat' dir='ltr'>hoc</span> 
     </span>
     <span class='ocr_line' id='line_1_75' title="bbox 1086 224 1837 273; baseline 0.009 -16"><span class='ocrx_word' id='word_1_416' title='bbox 1086 224 1228 270; x_wconf 87' lang='lat' dir='ltr'>praestitit</span> <span class='ocrx_word' id='word_1_417' title='bbox 1246 228 1350 259; x_wconf 70' lang='lat' dir='ltr'>Darius</span> <span class='ocrx_word' id='word_1_418' title='bbox 1372 226 1457 260; x_wconf 89' lang='lat' dir='ltr'>Dan.</span> <span class='ocrx_word' id='word_1_419' title='bbox 1479 231 1509 260; x_wconf 88' lang='lat'>6.</span> <span class='ocrx_word' id='word_1_420' title='bbox 1534 228 1565 264; x_wconf 89' lang='lat'>8,</span> <span class='ocrx_word' id='word_1_421' title='bbox 1579 240 1633 265; x_wconf 80' lang='lat'>12,</span> <span class='ocrx_word' id='word_1_422' title='bbox 1647 241 1700 273; x_wconf 74' lang='grc' dir='ltr'>ις.</span> <span class='ocrx_word' id='word_1_423' title='bbox 1736 231 1837 270; x_wconf 75' lang='lat' dir='ltr'>Nuri-¹</span> 
     </span>
     <span class='ocr_line' id='line_1_76' title="bbox 1086 273 1835 322; baseline 0.009 -16"><span class='ocrx_word' id='word_1_424' title='bbox 1086 273 1167 319; x_wconf 86' lang='lat' dir='ltr'>quid</span> <span class='ocrx_word' id='word_1_425' title='bbox 1181 273 1326 308; x_wconf 77' lang='lat' dir='ltr'>Chaldaei</span> <span class='ocrx_word' id='word_1_426' title='bbox 1339 274 1515 309; x_wconf 80' lang='lat' dir='ltr'>antestium</span> <span class='ocrx_word' id='word_1_427' title='bbox 1536 277 1713 322; x_wconf 88' lang='lat' dir='ltr'>imperium</span> <span class='ocrx_word' id='word_1_428' title='bbox 1723 278 1835 317; x_wconf 80' lang='lat' dir='ltr'>aboli-</span> 
     </span>
     <span class='ocr_line' id='line_1_77' title="bbox 1087 320 1835 375; baseline 0.011 -21"><span class='ocrx_word' id='word_1_429' title='bbox 1087 332 1158 355; x_wconf 86' lang='lat' dir='ltr'>tum</span> <span class='ocrx_word' id='word_1_430' title='bbox 1171 320 1325 362; x_wconf 42' lang='lat' dir='ltr'>&amp;Media</span> <span class='ocrx_word' id='word_1_431' title='bbox 1339 326 1486 372; x_wconf 87' lang='lat' dir='ltr'>proprias</span> <span class='ocrx_word' id='word_1_432' title='bbox 1498 323 1567 359; x_wconf 84' lang='lat' dir='ltr'>suas</span> <span class='ocrx_word' id='word_1_433' title='bbox 1577 326 1664 374; x_wconf 84' lang='lat' dir='ltr'>leges</span> <span class='ocrx_word' id='word_1_434' title='bbox 1677 330 1711 361; x_wconf 87' lang='lat'>&amp;</span> <span class='ocrx_word' id='word_1_435' title='bbox 1725 329 1835 375; x_wconf 83' lang='lat' dir='ltr'>Regni</span> 
     </span>
     <span class='ocr_line' id='line_1_78' title="bbox 1087 370 1837 423; baseline 0.008 -20"><span class='ocrx_word' id='word_1_436' title='bbox 1087 370 1202 404; x_wconf 77' lang='lat' dir='ltr'>statuta</span> <span class='ocrx_word' id='word_1_437' title='bbox 1215 370 1331 418; x_wconf 88' lang='lat' dir='ltr'>sponte</span> <span class='ocrx_word' id='word_1_438' title='bbox 1343 372 1570 411; x_wconf 83' lang='lat' dir='ltr'>aboleverunt,</span> <span class='ocrx_word' id='word_1_439' title='bbox 1582 378 1615 408; x_wconf 71' lang='grc' dir='ltr'>δι</span> <span class='ocrx_word' id='word_1_440' title='bbox 1632 379 1711 422; x_wconf 83' lang='lat' dir='ltr'>jugo</span> <span class='ocrx_word' id='word_1_441' title='bbox 1723 374 1837 423; x_wconf 85' lang='lat' dir='ltr'>legum</span> 
     </span>
     <span class='ocr_line' id='line_1_79' title="bbox 1087 418 1839 470; baseline 0.008 -17"><span class='ocrx_word' id='word_1_442' title='bbox 1087 418 1256 454; x_wconf 85' lang='lat' dir='ltr'>hostilium</span> <span class='ocrx_word' id='word_1_443' title='bbox 1274 423 1372 470; x_wconf 87' lang='lat' dir='ltr'>gratis</span> <span class='ocrx_word' id='word_1_444' title='bbox 1391 422 1420 456; x_wconf 91' lang='lat' dir='ltr'>se</span> <span class='ocrx_word' id='word_1_445' title='bbox 1440 423 1639 458; x_wconf 77' lang='lat' dir='ltr'>induerunt?</span> <span class='ocrx_word' id='word_1_446' title='bbox 1668 426 1771 459; x_wconf 71' lang='lat' dir='ltr'>Certe</span> <span class='ocrx_word' id='word_1_447' title='bbox 1793 424 1839 459; x_wconf 90' lang='lat' dir='ltr'>ad</span> 
     </span>
     <span class='ocr_line' id='line_1_80' title="bbox 1088 467 1838 511; baseline 0.012 -11"><span class='ocrx_word' id='word_1_448' title='bbox 1088 467 1189 502; x_wconf 84' lang='lat' dir='ltr'>finem</span> <span class='ocrx_word' id='word_1_449' title='bbox 1200 471 1379 505; x_wconf 79' lang='lat' dir='ltr'>Nabom&#39;cli&amp;</span> <span class='ocrx_word' id='word_1_450' title='bbox 1392 472 1499 505; x_wconf 86' lang='lat' dir='ltr'>ultimi</span> <span class='ocrx_word' id='word_1_451' title='bbox 1514 472 1746 511; x_wconf 85' lang='lat' dir='ltr'>Chaldaeorum</span> <span class='ocrx_word' id='word_1_452' title='bbox 1762 476 1838 509; x_wconf 82' lang='lat' dir='ltr'>Re-</span> 
     </span>
     <span class='ocr_line' id='line_1_81' title="bbox 1086 519 1840 565; baseline 0.012 -16"><span class='ocrx_word' id='word_1_453' title='bbox 1086 519 1135 564; x_wconf 87' lang='lat' dir='ltr'>gis</span> <span class='ocrx_word' id='word_1_454' title='bbox 1155 519 1308 565; x_wconf 85' lang='lat' dir='ltr'>capitales</span> <span class='ocrx_word' id='word_1_455' title='bbox 1322 521 1500 554; x_wconf 86' lang='lat' dir='ltr'>inimicitiae</span> <span class='ocrx_word' id='word_1_456' title='bbox 1519 523 1602 555; x_wconf 89' lang='lat' dir='ltr'>inter</span> <span class='ocrx_word' id='word_1_457' title='bbox 1615 524 1792 557; x_wconf 83' lang='lat' dir='ltr'>Chaldaeos</span> <span class='ocrx_word' id='word_1_458' title='bbox 1805 526 1840 557; x_wconf 76' lang='grc' dir='ltr'>δε</span> 
     </span>
     <span class='ocr_line' id='line_1_82' title="bbox 1091 567 1842 615; baseline 0.008 -15"><span class='ocrx_word' id='word_1_459' title='bbox 1091 567 1217 601; x_wconf 87' lang='lat' dir='ltr'>Medos</span> <span class='ocrx_word' id='word_1_460' title='bbox 1233 569 1486 604; x_wconf 86' lang='lat' dir='ltr'>intercedebant</span> <span class='ocrx_word' id='word_1_461' title='bbox 1503 593 1514 608; x_wconf 84' lang='lat'><strong>,</strong></span> <span class='ocrx_word' id='word_1_462' title='bbox 1541 581 1603 602; x_wconf 86' lang='lat' dir='ltr'>nec</span> <span class='ocrx_word' id='word_1_463' title='bbox 1621 583 1694 604; x_wconf 87' lang='lat' dir='ltr'>ante</span> <span class='ocrx_word' id='word_1_464' title='bbox 1706 573 1774 615; x_wconf 77' lang='lat' dir='ltr'>Cyri</span> <span class='ocrx_word' id='word_1_465' title='bbox 1786 584 1842 606; x_wconf 89' lang='lat' dir='ltr'>re-</span> 
     </span>
     <span class='ocr_line' id='line_1_83' title="bbox 1088 618 1840 664; baseline 0.005 -14"><span class='ocrx_word' id='word_1_466' title='bbox 1088 628 1190 663; x_wconf 86' lang='lat' dir='ltr'>gnum</span> <span class='ocrx_word' id='word_1_467' title='bbox 1212 618 1263 651; x_wconf 92' lang='lat' dir='ltr'>vel</span> <span class='ocrx_word' id='word_1_468' title='bbox 1281 628 1394 664; x_wconf 83' lang='lat' dir='ltr'>gentes</span> <span class='ocrx_word' id='word_1_469' title='bbox 1411 620 1464 652; x_wconf 91' lang='lat' dir='ltr'>vel</span> <span class='ocrx_word' id='word_1_470' title='bbox 1489 618 1577 664; x_wconf 87' lang='lat' dir='ltr'>leges</span> <span class='ocrx_word' id='word_1_471' title='bbox 1597 619 1779 653; x_wconf 89' lang='lat' dir='ltr'>Medorum</span> <span class='ocrx_word' id='word_1_472' title='bbox 1804 624 1840 654; x_wconf 77' lang='grc' dir='ltr'>δε</span> 
     </span>
     <span class='ocr_line' id='line_1_84' title="bbox 1089 663 1842 716; baseline 0.005 -17"><span class='ocrx_word' id='word_1_473' title='bbox 1089 663 1254 700; x_wconf 83' lang='lat' dir='ltr'>Persarum</span> <span class='ocrx_word' id='word_1_474' title='bbox 1267 666 1557 714; x_wconf 81' lang='lat' dir='ltr'>conjungebantur</span> <span class='ocrx_word' id='word_1_475' title='bbox 1574 691 1585 707; x_wconf 91' lang='lat'>,</span> <span class='ocrx_word' id='word_1_476' title='bbox 1613 672 1647 702; x_wconf 88' lang='lat'>&amp;</span> <span class='ocrx_word' id='word_1_477' title='bbox 1665 669 1744 703; x_wconf 75' lang='lat' dir='ltr'>vero</span> <span class='ocrx_word' id='word_1_478' title='bbox 1758 669 1842 716; x_wconf 88' lang='lat' dir='ltr'>quid</span> 
     </span>
     <span class='ocr_line' id='line_1_85' title="bbox 1089 714 1836 764; baseline 0.005 -16"><span class='ocrx_word' id='word_1_479' title='bbox 1089 714 1277 761; x_wconf 81' lang='lat' dir='ltr'>Babyloniis</span> <span class='ocrx_word' id='word_1_480' title='bbox 1291 728 1366 750; x_wconf 84' lang='lat' dir='ltr'>cum</span> <span class='ocrx_word' id='word_1_481' title='bbox 1381 717 1504 750; x_wconf 81' lang='lat' dir='ltr'>statutis</span> <span class='ocrx_word' id='word_1_482' title='bbox 1519 716 1682 752; x_wconf 76' lang='lat' dir='ltr'>Persarum</span> <span class='ocrx_word' id='word_1_483' title='bbox 1695 744 1705 759; x_wconf 85' lang='lat'>,</span> <span class='ocrx_word' id='word_1_484' title='bbox 1727 722 1836 764; x_wconf 86' lang='lat' dir='ltr'>prius-</span> 
     </span>
     <span class='ocr_line' id='line_1_86' title="bbox 1085 763 1852 814; baseline 0.003 -17"><span class='ocrx_word' id='word_1_485' title='bbox 1085 776 1186 809; x_wconf 85' lang='lat' dir='ltr'>quam</span> <span class='ocrx_word' id='word_1_486' title='bbox 1203 777 1294 799; x_wconf 83' lang='lat' dir='ltr'>arma</span> <span class='ocrx_word' id='word_1_487' title='bbox 1310 763 1433 800; x_wconf 80' lang='lat' dir='ltr'>Persica</span> <span class='ocrx_word' id='word_1_488' title='bbox 1455 764 1674 814; x_wconf 66' lang='lat' dir='ltr'>subjugfissent</span> <span class='ocrx_word' id='word_1_489' title='bbox 1698 766 1852 814; x_wconf 73' lang='lat' dir='ltr'>Babylo·v</span> 
     </span>
     <span class='ocr_line' id='line_1_87' title="bbox 1089 817 1191 846; baseline 0.02 -2"><span class='ocrx_word' id='word_1_490' title='bbox 1089 824 1167 846; x_wconf 86' lang='lat' dir='ltr'>nem</span> <span class='ocrx_word' id='word_1_491' title='bbox 1179 817 1191 846; x_wconf 84' lang='lat'>?</span> 
     </span>
    </p>

    <p class='ocr_par' dir='ltr' id='par_1_13' title="bbox 1088 861 1967 1098">
     <span class='ocr_line' id='line_1_88' title="bbox 1137 861 1967 914; baseline 0.017 -21"><span class='ocrx_word' id='word_1_492' title='bbox 1137 861 1419 908; x_wconf 84' lang='lat' dir='ltr'>Argumentarnur</span> <span class='ocrx_word' id='word_1_493' title='bbox 1431 865 1561 911; x_wconf 70' lang='lat' dir='ltr'>quarto.</span> <span class='ocrx_word' id='word_1_494' title='bbox 1591 868 1619 900; x_wconf 84' lang='lat' dir='ltr'>A</span> <span class='ocrx_word' id='word_1_495' title='bbox 1634 878 1702 914; x_wconf 85' lang='lat' dir='ltr'>quo</span> <span class='ocrx_word' id='word_1_496' title='bbox 1715 867 1834 913; x_wconf 84' lang='lat' dir='ltr'>reliqui</span> <span class='ocrx_word' id='word_1_497' title='bbox 1855 865 1967 906; x_wconf 42' lang='lat' dir='ltr'>st&#39;g*</span> 
     </span>
     <span class='ocr_line' id='line_1_89' title="bbox 1088 909 1838 955; baseline 0.009 -11"><span class='ocrx_word' id='word_1_498' title='bbox 1088 909 1284 945; x_wconf 83' lang='lat' dir='ltr'>Monarchae</span> <span class='ocrx_word' id='word_1_499' title='bbox 1297 910 1412 946; x_wconf 76' lang='lat' dir='ltr'>Persici</span> <span class='ocrx_word' id='word_1_500' title='bbox 1423 924 1638 948; x_wconf 88' lang='lat' dir='ltr'>numerantur</span> <span class='ocrx_word' id='word_1_501' title='bbox 1649 940 1661 955; x_wconf 78' lang='lat'>‚</span> <span class='ocrx_word' id='word_1_502' title='bbox 1681 915 1734 951; x_wconf 91' lang='lat' dir='ltr'>ille</span> <span class='ocrx_word' id='word_1_503' title='bbox 1746 918 1792 950; x_wconf 89' lang='lat' dir='ltr'>est</span> <span class='ocrx_word' id='word_1_504' title='bbox 1803 930 1838 951; x_wconf 82' lang='grc' dir='ltr'>ιιι</span> 
     </span>
     <span class='ocr_line' id='line_1_90' title="bbox 1088 959 1839 1000; baseline 0.009 -7"><span class='ocrx_word' id='word_1_505' title='bbox 1088 959 1181 994; x_wconf 80' lang='lat' dir='ltr'>claffe</span> <span class='ocrx_word' id='word_1_506' title='bbox 1222 960 1485 995; x_wconf 69' lang='lat' dir='ltr'>Monarcharum</span> <span class='ocrx_word' id='word_1_507' title='bbox 1527 962 1729 998; x_wconf 76' lang='lat' dir='ltr'>Persicorum</span> <span class='ocrx_word' id='word_1_508' title='bbox 1767 978 1839 1000; x_wconf 85' lang='lat' dir='ltr'>non</span> 
     </span>
     <span class='ocr_line' id='line_1_91' title="bbox 1090 1007 1840 1062; baseline 0.008 -20"><span class='ocrx_word' id='word_1_509' title='bbox 1090 1007 1345 1043; x_wconf 87' lang='lat' dir='ltr'>Chaldaicorum</span> <span class='ocrx_word' id='word_1_510' title='bbox 1358 1023 1367 1043; x_wconf 70' lang='grc' dir='ltr'><strong><em>ε</em></strong></span> <span class='ocrx_word' id='word_1_511' title='bbox 1383 1013 1483 1058; x_wconf 84' lang='lat' dir='ltr'>Atqui</span> <span class='ocrx_word' id='word_1_512' title='bbox 1495 1010 1513 1044; x_wconf 72' lang='lat' dir='ltr'>:l</span> <span class='ocrx_word' id='word_1_513' title='bbox 1527 1015 1616 1047; x_wconf 75' lang='lat' dir='ltr'>Dario</span> <span class='ocrx_word' id='word_1_514' title='bbox 1628 1014 1710 1048; x_wconf 86' lang='lat' dir='ltr'>Medo</span> <span class='ocrx_word' id='word_1_515' title='bbox 1721 1015 1840 1062; x_wconf 88' lang='lat' dir='ltr'>reliqui</span> 
     </span>
     <span class='ocr_line' id='line_1_92' title="bbox 1090 1058 1839 1098; baseline 0.007 -7"><span class='ocrx_word' id='word_1_516' title='bbox 1090 1058 1283 1092; x_wconf 79' lang='lat' dir='ltr'>Monarchae</span> <span class='ocrx_word' id='word_1_517' title='bbox 1302 1058 1418 1094; x_wconf 82' lang='lat' dir='ltr'>Persici</span> <span class='ocrx_word' id='word_1_518' title='bbox 1439 1072 1657 1095; x_wconf 86' lang='lat' dir='ltr'>numerantur</span> <span class='ocrx_word' id='word_1_519' title='bbox 1683 1063 1764 1098; x_wconf 85' lang='lat' dir='ltr'>Dan.</span> <span class='ocrx_word' id='word_1_520' title='bbox 1786 1076 1839 1098; x_wconf 81' lang='grc' dir='ltr'>ιι.</span> 
     </span>
    </p>

    <p class='ocr_par' dir='ltr' id='par_1_14' title="bbox 1088 1106 1841 1252">
     <span class='ocr_line' id='line_1_93' title="bbox 1089 1106 1839 1158; baseline 0.009 -18"><span class='ocrx_word' id='word_1_521' title='bbox 1089 1120 1118 1141; x_wconf 94' lang='lat' dir='ltr'>v.</span> <span class='ocrx_word' id='word_1_522' title='bbox 1136 1119 1164 1146; x_wconf 81' lang='grc' dir='ltr'>Ι,</span> <span class='ocrx_word' id='word_1_523' title='bbox 1181 1120 1198 1141; x_wconf 83' lang='lat'><em>2</em></span> <span class='ocrx_word' id='word_1_524' title='bbox 1214 1135 1221 1142; x_wconf 89' lang='lat'><strong>.</strong></span> <span class='ocrx_word' id='word_1_525' title='bbox 1258 1106 1359 1143; x_wconf 80' lang='lat' dir='ltr'>Adhuc</span> <span class='ocrx_word' id='word_1_526' title='bbox 1382 1119 1437 1142; x_wconf 81' lang='lat' dir='ltr'>tres</span> <span class='ocrx_word' id='word_1_527' title='bbox 1452 1116 1534 1156; x_wconf 82' lang='lat' dir='ltr'>Reges</span> <span class='ocrx_word' id='word_1_528' title='bbox 1545 1111 1665 1157; x_wconf 77' lang='lat' dir='ltr'>stabunt</span> <span class='ocrx_word' id='word_1_529' title='bbox 1682 1113 1711 1145; x_wconf 85' lang='lat' dir='ltr'>in</span> <span class='ocrx_word' id='word_1_530' title='bbox 1731 1113 1839 1158; x_wconf 73' lang='lat' dir='ltr'>Perfida</span> 
     </span>
     <span class='ocr_line' id='line_1_94' title="bbox 1092 1155 1841 1205; baseline 0.011 -16"><span class='ocrx_word' id='word_1_531' title='bbox 1092 1155 1231 1201; x_wconf 86' lang='lat' dir='ltr'>(scilicet</span> <span class='ocrx_word' id='word_1_532' title='bbox 1244 1158 1311 1203; x_wconf 86' lang='lat' dir='ltr'>post</span> <span class='ocrx_word' id='word_1_533' title='bbox 1323 1160 1449 1192; x_wconf 77' lang='lat' dir='ltr'>Darium</span> <span class='ocrx_word' id='word_1_534' title='bbox 1462 1162 1595 1201; x_wconf 79' lang='lat' dir='ltr'>Medum)</span> <span class='ocrx_word' id='word_1_535' title='bbox 1611 1162 1779 1205; x_wconf 73' lang='lat' dir='ltr'>&amp;quartus</span> <span class='ocrx_word' id='word_1_536' title='bbox 1792 1164 1841 1196; x_wconf 78' lang='lat' dir='ltr'>di-</span> 
     </span>
     <span class='ocr_line' id='line_1_95' title="bbox 1088 1205 1694 1252; baseline 0.005 -13"><span class='ocrx_word' id='word_1_537' title='bbox 1088 1205 1198 1240; x_wconf 67' lang='lat' dir='ltr'>tabitur</span> <span class='ocrx_word' id='word_1_538' title='bbox 1203 1218 1255 1252; x_wconf 76' lang='lat' dir='ltr'>pm</span> <span class='ocrx_word' id='word_1_539' title='bbox 1262 1207 1401 1246; x_wconf 60' lang='lat' dir='ltr'>omnibus,</span> <span class='ocrx_word' id='word_1_540' title='bbox 1411 1209 1569 1243; x_wconf 86' lang='lat' dir='ltr'>nimirum</span> <span class='ocrx_word' id='word_1_541' title='bbox 1581 1216 1603 1243; x_wconf 74' lang='grc' dir='ltr'><strong>Χ</strong></span> <span class='ocrx_word' id='word_1_542' title='bbox 1609 1221 1694 1243; x_wconf 76' lang='lat' dir='ltr'>erxe5.</span> 
     </span>
    </p>

    <p class='ocr_par' dir='ltr' id='par_1_15' title="bbox 1090 1256 1974 1948">
     <span class='ocr_line' id='line_1_96' title="bbox 1138 1256 1974 1305; baseline 0.01 -18"><span class='ocrx_word' id='word_1_543' title='bbox 1138 1257 1422 1302; x_wconf 81' lang='lat' dir='ltr'>Argutnentamtir</span> <span class='ocrx_word' id='word_1_544' title='bbox 1441 1256 1581 1303; x_wconf 71' lang='lat' dir='ltr'>quinto.</span> <span class='ocrx_word' id='word_1_545' title='bbox 1620 1258 1774 1293; x_wconf 69' lang='lat' dir='ltr'>Omnino</span> <span class='ocrx_word' id='word_1_546' title='bbox 1794 1259 1839 1293; x_wconf 90' lang='lat' dir='ltr'>est</span> <span class='ocrx_word' id='word_1_547' title='bbox 1857 1263 1974 1305; x_wconf 53' lang='grc' dir='ltr'>,κί’-3354</span> 
     </span>
     <span class='ocr_line' id='line_1_97' title="bbox 1090 1303 1942 1356; baseline 0.007 -19"><span class='ocrx_word' id='word_1_548' title='bbox 1090 1303 1308 1352; x_wconf 88' lang='lat' dir='ltr'>improbabile</span> <span class='ocrx_word' id='word_1_549' title='bbox 1319 1303 1454 1339; x_wconf 76' lang='lat' dir='ltr'>voluisse</span> <span class='ocrx_word' id='word_1_550' title='bbox 1467 1306 1668 1352; x_wconf 81' lang='lat' dir='ltr'>Babylonios</span> <span class='ocrx_word' id='word_1_551' title='bbox 1677 1305 1732 1341; x_wconf 87' lang='lat' dir='ltr'>sua</span> <span class='ocrx_word' id='word_1_552' title='bbox 1741 1308 1838 1356; x_wconf 86' lang='lat' dir='ltr'>spon-</span> <span class='ocrx_word' id='word_1_553' title='bbox 1939 1303 1942 1305; x_wconf 17' lang='grc' dir='ltr'><strong>Δ</strong></span> 
     </span>
     <span class='ocr_line' id='line_1_98' title="bbox 1091 1355 1837 1405; baseline 0.007 -18"><span class='ocrx_word' id='word_1_554' title='bbox 1091 1365 1122 1387; x_wconf 86' lang='lat' dir='ltr'>te</span> <span class='ocrx_word' id='word_1_555' title='bbox 1135 1364 1241 1387; x_wconf 87' lang='lat' dir='ltr'>totam</span> <span class='ocrx_word' id='word_1_556' title='bbox 1253 1355 1520 1392; x_wconf 67' lang='lat' dir='ltr'>Nebuclmdnezaeris</span> <span class='ocrx_word' id='word_1_557' title='bbox 1530 1358 1639 1404; x_wconf 83' lang='lat' dir='ltr'>magni</span> <span class='ocrx_word' id='word_1_558' title='bbox 1648 1356 1837 1405; x_wconf 84' lang='lat' dir='ltr'>prosapiam</span> 
     </span>
     <span class='ocr_line' id='line_1_99' title="bbox 1090 1403 1840 1451; baseline 0.005 -14"><span class='ocrx_word' id='word_1_559' title='bbox 1090 1403 1255 1437; x_wconf 87' lang='lat' dir='ltr'>eradicare</span> <span class='ocrx_word' id='word_1_560' title='bbox 1278 1428 1289 1444; x_wconf 86' lang='lat'>,</span> <span class='ocrx_word' id='word_1_561' title='bbox 1316 1403 1419 1450; x_wconf 88' lang='lat' dir='ltr'>idque</span> <span class='ocrx_word' id='word_1_562' title='bbox 1438 1405 1472 1437; x_wconf 90' lang='lat' dir='ltr'>in</span> <span class='ocrx_word' id='word_1_563' title='bbox 1489 1416 1630 1451; x_wconf 83' lang='lat' dir='ltr'>gratiana</span> <span class='ocrx_word' id='word_1_564' title='bbox 1647 1409 1791 1441; x_wconf 87' lang='lat' dir='ltr'>extranei</span> <span class='ocrx_word' id='word_1_565' title='bbox 1802 1420 1840 1442; x_wconf 87' lang='lat' dir='ltr'>ex</span> 
     </span>
     <span class='ocr_line' id='line_1_100' title="bbox 1090 1453 1841 1500; baseline 0.007 -15"><span class='ocrx_word' id='word_1_566' title='bbox 1090 1462 1186 1499; x_wconf 87' lang='lat' dir='ltr'>gente</span> <span class='ocrx_word' id='word_1_567' title='bbox 1196 1453 1333 1488; x_wconf 80' lang='lat' dir='ltr'>Medica</span> <span class='ocrx_word' id='word_1_568' title='bbox 1344 1477 1354 1492; x_wconf 85' lang='lat'>‚</span> <span class='ocrx_word' id='word_1_569' title='bbox 1367 1465 1440 1485; x_wconf 90' lang='lat' dir='ltr'>curn</span> <span class='ocrx_word' id='word_1_570' title='bbox 1455 1465 1519 1500; x_wconf 87' lang='lat' dir='ltr'>qua</span> <span class='ocrx_word' id='word_1_571' title='bbox 1531 1453 1686 1500; x_wconf 82' lang='lat' dir='ltr'>capitales</span> <span class='ocrx_word' id='word_1_572' title='bbox 1697 1457 1841 1490; x_wconf 87' lang='lat' dir='ltr'>inimici-</span> 
     </span>
     <span class='ocr_line' id='line_1_101' title="bbox 1090 1500 1840 1548; baseline 0.007 -14"><span class='ocrx_word' id='word_1_573' title='bbox 1090 1503 1152 1534; x_wconf 83' lang='lat' dir='ltr'>tias</span> <span class='ocrx_word' id='word_1_574' title='bbox 1169 1500 1205 1534; x_wconf 63' lang='grc' dir='ltr'>εδ</span> <span class='ocrx_word' id='word_1_575' title='bbox 1221 1501 1413 1548; x_wconf 80' lang='lat' dir='ltr'>tempestate</span> <span class='ocrx_word' id='word_1_576' title='bbox 1442 1501 1595 1537; x_wconf 83' lang='lat' dir='ltr'>Chaldaei</span> <span class='ocrx_word' id='word_1_577' title='bbox 1616 1503 1812 1539; x_wconf 86' lang='lat' dir='ltr'>exercebant</span> <span class='ocrx_word' id='word_1_578' title='bbox 1830 1518 1840 1539; x_wconf 76' lang='grc' dir='ltr'><strong><em>ε</em></strong></span> 
     </span>
     <span class='ocr_line' id='line_1_102' title="bbox 1091 1549 1843 1599; baseline 0.004 -15"><span class='ocrx_word' id='word_1_579' title='bbox 1091 1561 1147 1584; x_wconf 88' lang='lat' dir='ltr'>aut</span> <span class='ocrx_word' id='word_1_580' title='bbox 1157 1549 1290 1585; x_wconf 87' lang='lat' dir='ltr'>voluisse</span> <span class='ocrx_word' id='word_1_581' title='bbox 1300 1549 1389 1597; x_wconf 88' lang='lat' dir='ltr'>ipsos</span> <span class='ocrx_word' id='word_1_582' title='bbox 1407 1550 1530 1585; x_wconf 83' lang='lat' dir='ltr'>crudeli</span> <span class='ocrx_word' id='word_1_583' title='bbox 1553 1553 1843 1599; x_wconf 84' lang='lat' dir='ltr'>tympanizationis</span> 
     </span>
     <span class='ocr_line' id='line_1_103' title="bbox 1091 1601 1845 1648; baseline 0.004 -15"><span class='ocrx_word' id='word_1_584' title='bbox 1091 1611 1264 1635; x_wconf 87' lang='lat' dir='ltr'>tormento</span> <span class='ocrx_word' id='word_1_585' title='bbox 1274 1601 1550 1637; x_wconf 73' lang='lat' dir='ltr'>Nebuchadnezaris</span> <span class='ocrx_word' id='word_1_586' title='bbox 1567 1612 1725 1648; x_wconf 87' lang='lat' dir='ltr'>nepotem</span> <span class='ocrx_word' id='word_1_587' title='bbox 1746 1614 1845 1636; x_wconf 84' lang='lat' dir='ltr'>neca-</span> 
     </span>
     <span class='ocr_line' id='line_1_104' title="bbox 1091 1649 1847 1698; baseline 0.004 -14"><span class='ocrx_word' id='word_1_588' title='bbox 1091 1662 1124 1684; x_wconf 92' lang='lat' dir='ltr'>re</span> <span class='ocrx_word' id='word_1_589' title='bbox 1134 1661 1230 1683; x_wconf 90' lang='lat' dir='ltr'>nono</span> <span class='ocrx_word' id='word_1_590' title='bbox 1239 1650 1328 1698; x_wconf 86' lang='lat' dir='ltr'>regni</span> <span class='ocrx_word' id='word_1_591' title='bbox 1340 1649 1642 1696; x_wconf 83' lang='lat' dir='ltr'>mense‚anthuam</span> <span class='ocrx_word' id='word_1_592' title='bbox 1654 1650 1847 1687; x_wconf 79' lang='lat' dir='ltr'>adolescen-</span> 
     </span>
     <span class='ocr_line' id='line_1_105' title="bbox 1091 1696 1846 1748; baseline 0.003 -16"><span class='ocrx_word' id='word_1_593' title='bbox 1091 1700 1131 1734; x_wconf 86' lang='lat' dir='ltr'>tis</span> <span class='ocrx_word' id='word_1_594' title='bbox 1141 1707 1249 1733; x_wconf 83' lang='lat' dir='ltr'>mores</span> <span class='ocrx_word' id='word_1_595' title='bbox 1260 1710 1329 1733; x_wconf 90' lang='lat' dir='ltr'>uno</span> <span class='ocrx_word' id='word_1_596' title='bbox 1341 1710 1430 1732; x_wconf 88' lang='lat' dir='ltr'>anno</span> <span class='ocrx_word' id='word_1_597' title='bbox 1439 1696 1540 1732; x_wconf 80' lang='lat' dir='ltr'>essent</span> <span class='ocrx_word' id='word_1_598' title='bbox 1550 1701 1684 1748; x_wconf 81' lang='lat' dir='ltr'>experti:</span> <span class='ocrx_word' id='word_1_599' title='bbox 1694 1701 1846 1748; x_wconf 88' lang='lat' dir='ltr'>inprimis</span> 
     </span>
     <span class='ocr_line' id='line_1_106' title="bbox 1091 1748 1844 1795; baseline 0.001 -13"><span class='ocrx_word' id='word_1_600' title='bbox 1091 1761 1167 1783; x_wconf 89' lang='lat' dir='ltr'>cum</span> <span class='ocrx_word' id='word_1_601' title='bbox 1179 1751 1248 1793; x_wconf 85' lang='lat' dir='ltr'>ejus</span> <span class='ocrx_word' id='word_1_602' title='bbox 1260 1759 1349 1793; x_wconf 86' lang='lat' dir='ltr'>pater</span> <span class='ocrx_word' id='word_1_603' title='bbox 1361 1749 1528 1795; x_wconf 76' lang='lat' dir='ltr'>Nerigloffor</span> <span class='ocrx_word' id='word_1_604' title='bbox 1546 1761 1610 1795; x_wconf 88' lang='lat' dir='ltr'>pro</span> <span class='ocrx_word' id='word_1_605' title='bbox 1630 1751 1732 1795; x_wconf 84' lang='lat' dir='ltr'>patria</span> <span class='ocrx_word' id='word_1_606' title='bbox 1742 1748 1844 1784; x_wconf 87' lang='lat' dir='ltr'>forti-</span> 
     </span>
     <span class='ocr_line' id='line_1_107' title="bbox 1092 1796 1843 1844; baseline 0.001 -12"><span class='ocrx_word' id='word_1_607' title='bbox 1092 1810 1142 1833; x_wconf 85' lang='lat' dir='ltr'>ter</span> <span class='ocrx_word' id='word_1_608' title='bbox 1152 1799 1311 1833; x_wconf 88' lang='lat' dir='ltr'>dimicans</span> <span class='ocrx_word' id='word_1_609' title='bbox 1323 1809 1424 1844; x_wconf 88' lang='lat' dir='ltr'>nuper</span> <span class='ocrx_word' id='word_1_610' title='bbox 1436 1796 1597 1832; x_wconf 79' lang='lat' dir='ltr'>cecidisset</span> <span class='ocrx_word' id='word_1_611' title='bbox 1607 1825 1616 1839; x_wconf 83' lang='lat'>‚</span> <span class='ocrx_word' id='word_1_612' title='bbox 1625 1798 1642 1833; x_wconf 74' lang='lat' dir='ltr'>a</span> <span class='ocrx_word' id='word_1_613' title='bbox 1655 1799 1760 1834; x_wconf 84' lang='lat' dir='ltr'>Medis</span> <span class='ocrx_word' id='word_1_614' title='bbox 1781 1803 1843 1842; x_wconf 92' lang='lat' dir='ltr'>(ut</span> 
     </span>
     <span class='ocr_line' id='line_1_108' title="bbox 1093 1845 1841 1895; baseline -0.005 -10"><span class='ocrx_word' id='word_1_615' title='bbox 1093 1850 1212 1885; x_wconf 86' lang='lat' dir='ltr'>volunt</span> <span class='ocrx_word' id='word_1_616' title='bbox 1231 1848 1327 1894; x_wconf 81' lang='lat' dir='ltr'>hujus</span> <span class='ocrx_word' id='word_1_617' title='bbox 1347 1845 1487 1882; x_wconf 84' lang='lat' dir='ltr'>historiae</span> <span class='ocrx_word' id='word_1_618' title='bbox 1507 1849 1686 1895; x_wconf 73' lang='lat' dir='ltr'>auctores)</span> <span class='ocrx_word' id='word_1_619' title='bbox 1708 1860 1841 1895; x_wconf 87' lang='lat' dir='ltr'>perem-</span> 
     </span>
     <span class='ocr_line' id='line_1_109' title="bbox 1092 1910 1749 1948; baseline 0.003 -15"><span class='ocrx_word' id='word_1_620' title='bbox 1092 1910 1182 1948; x_wconf 88' lang='lat' dir='ltr'>ptus.</span> <span class='ocrx_word' id='word_1_621' title='bbox 1746 1938 1749 1942; x_wconf 62' lang='grc'><em>,</em></span> 
     </span>
    </p>

    <p class='ocr_par' dir='ltr' id='par_1_16' title="bbox 1087 1946 2048 3220">
     <span class='ocr_line' id='line_1_110' title="bbox 1141 1946 1972 1998; baseline 0.002 -16"><span class='ocrx_word' id='word_1_622' title='bbox 1141 1949 1207 1984; x_wconf 88' lang='lat' dir='ltr'>Pro</span> <span class='ocrx_word' id='word_1_623' title='bbox 1226 1946 1319 1983; x_wconf 86' lang='lat' dir='ltr'>sexto</span> <span class='ocrx_word' id='word_1_624' title='bbox 1338 1960 1538 1998; x_wconf 84' lang='lat' dir='ltr'>argumento</span> <span class='ocrx_word' id='word_1_625' title='bbox 1550 1948 1611 1984; x_wconf 84' lang='lat' dir='ltr'>sint</span> <span class='ocrx_word' id='word_1_626' title='bbox 1625 1947 1841 1983; x_wconf 70' lang='lat' dir='ltr'>auetoritates</span> <span class='ocrx_word' id='word_1_627' title='bbox 1859 1957 1972 1997; x_wconf 58' lang='lat' dir='ltr'>Argo.</span> 
     </span>
     <span class='ocr_line' id='line_1_111' title="bbox 1093 1997 1844 2045; baseline 0.001 -15"><span class='ocrx_word' id='word_1_628' title='bbox 1093 2010 1164 2032; x_wconf 89' lang='lat' dir='ltr'>non</span> <span class='ocrx_word' id='word_1_629' title='bbox 1186 1997 1317 2033; x_wconf 73' lang='lat' dir='ltr'>tantum</span> <span class='ocrx_word' id='word_1_630' title='bbox 1340 2002 1496 2034; x_wconf 85' lang='lat' dir='ltr'>omnium</span> <span class='ocrx_word' id='word_1_631' title='bbox 1517 1998 1762 2045; x_wconf 83' lang='lat' dir='ltr'>propemodum</span> <span class='ocrx_word' id='word_1_632' title='bbox 1791 2009 1844 2031; x_wconf 87' lang='lat' dir='ltr'>re-</span> 
     </span>
     <span class='ocr_line' id='line_1_112' title="bbox 1093 2045 1844 2097; baseline 0.001 -16"><span class='ocrx_word' id='word_1_633' title='bbox 1093 2049 1278 2083; x_wconf 89' lang='lat' dir='ltr'>centiorum</span> <span class='ocrx_word' id='word_1_634' title='bbox 1291 2049 1398 2094; x_wconf 86' lang='lat' dir='ltr'>(quod</span> <span class='ocrx_word' id='word_1_635' title='bbox 1408 2047 1539 2097; x_wconf 81' lang='lat' dir='ltr'>largitur</span> <span class='ocrx_word' id='word_1_636' title='bbox 1550 2046 1680 2083; x_wconf 82' lang='lat' dir='ltr'>adversa</span> <span class='ocrx_word' id='word_1_637' title='bbox 1688 2049 1777 2096; x_wconf 83' lang='lat' dir='ltr'>pars)</span> <span class='ocrx_word' id='word_1_638' title='bbox 1787 2045 1844 2082; x_wconf 83' lang='lat' dir='ltr'>scd</span> 
     </span>
     <span class='ocr_line' id='line_1_113' title="bbox 1094 2096 1843 2144; baseline -0.003 -14"><span class='ocrx_word' id='word_1_639' title='bbox 1094 2098 1194 2131; x_wconf 90' lang='lat' dir='ltr'>etiam</span> <span class='ocrx_word' id='word_1_640' title='bbox 1207 2100 1393 2132; x_wconf 86' lang='lat' dir='ltr'>multorum</span> <span class='ocrx_word' id='word_1_641' title='bbox 1405 2109 1618 2144; x_wconf 80' lang='lat' dir='ltr'>antiquorum</span> <span class='ocrx_word' id='word_1_642' title='bbox 1635 2096 1843 2132; x_wconf 74' lang='lat' dir='ltr'>:concedunt</span> 
     </span>
     <span class='ocr_line' id='line_1_114' title="bbox 1093 2147 1845 2193; baseline -0.001 -14"><span class='ocrx_word' id='word_1_643' title='bbox 1093 2147 1191 2181; x_wconf 86' lang='lat' dir='ltr'>nobis</span> <span class='ocrx_word' id='word_1_644' title='bbox 1199 2150 1417 2193; x_wconf 82' lang='lat' dir='ltr'>Xenophontem,</span> <span class='ocrx_word' id='word_1_645' title='bbox 1425 2148 1577 2192; x_wconf 80' lang='lat' dir='ltr'>losephum‚</span> <span class='ocrx_word' id='word_1_646' title='bbox 1583 2149 1617 2180; x_wconf 89' lang='lat'>&amp;</span> <span class='ocrx_word' id='word_1_647' title='bbox 1628 2149 1845 2188; x_wconf 63' lang='lat' dir='ltr'>Hieronymum</span> 
     </span>
     <span class='ocr_line' id='line_1_115' title="bbox 1092 2192 1844 2240; baseline -0.001 -12"><span class='ocrx_word' id='word_1_648' title='bbox 1092 2195 1179 2228; x_wconf 78' lang='lat' dir='ltr'>certe</span> <span class='ocrx_word' id='word_1_649' title='bbox 1200 2196 1234 2227; x_wconf 91' lang='lat' dir='ltr'>hi</span> <span class='ocrx_word' id='word_1_650' title='bbox 1252 2196 1446 2228; x_wconf 50' lang='lat' dir='ltr'>auctoritate</span> <span class='ocrx_word' id='word_1_651' title='bbox 1464 2192 1566 2240; x_wconf 74' lang='lat' dir='ltr'>longe</span> <span class='ocrx_word' id='word_1_652' title='bbox 1583 2194 1734 2239; x_wconf 87' lang='lat' dir='ltr'>superant</span> <span class='ocrx_word' id='word_1_653' title='bbox 1747 2192 1844 2236; x_wconf 74' lang='lat' dir='ltr'>testes</span> 
     </span>
     <span class='ocr_line' id='line_1_116' title="bbox 1092 2241 1843 2289; baseline 0.001 -14"><span class='ocrx_word' id='word_1_654' title='bbox 1092 2254 1210 2275; x_wconf 77' lang='lat' dir='ltr'>ornnes</span> <span class='ocrx_word' id='word_1_655' title='bbox 1220 2241 1387 2278; x_wconf 85' lang='lat' dir='ltr'>adversos,</span> <span class='ocrx_word' id='word_1_656' title='bbox 1412 2243 1551 2276; x_wconf 86' lang='lat' dir='ltr'>Elevant</span> <span class='ocrx_word' id='word_1_657' title='bbox 1562 2241 1735 2289; x_wconf 79' lang='lat' dir='ltr'>adversarii</span> <span class='ocrx_word' id='word_1_658' title='bbox 1745 2249 1843 2277; x_wconf 82' lang='lat' dir='ltr'>Xeno-</span> 
     </span>
     <span class='ocr_line' id='line_1_117' title="bbox 1087 2289 1844 2337; baseline 0.001 -13"><span class='ocrx_word' id='word_1_659' title='bbox 1087 2293 1198 2337; x_wconf 67' lang='lat' dir='ltr'>pliontn</span> <span class='ocrx_word' id='word_1_660' title='bbox 1208 2289 1256 2324; x_wconf 80' lang='lat' dir='ltr'>hic</span> <span class='ocrx_word' id='word_1_661' title='bbox 1268 2292 1513 2329; x_wconf 67' lang='lat' dir='ltr'>auetoritatcm,</span> <span class='ocrx_word' id='word_1_662' title='bbox 1524 2290 1613 2336; x_wconf 83' lang='lat' dir='ltr'>quasi</span> <span class='ocrx_word' id='word_1_663' title='bbox 1626 2293 1651 2325; x_wconf 87' lang='lat' dir='ltr'>is</span> <span class='ocrx_word' id='word_1_664' title='bbox 1662 2294 1693 2324; x_wconf 85' lang='lat' dir='ltr'>in</span> <span class='ocrx_word' id='word_1_665' title='bbox 1700 2291 1844 2325; x_wconf 81' lang='lat' dir='ltr'>stitutio·-</span> 
     </span>
     <span class='ocr_line' id='line_1_118' title="bbox 1092 2337 1844 2389; baseline 0.003 -17"><span class='ocrx_word' id='word_1_666' title='bbox 1092 2352 1168 2373; x_wconf 89' lang='lat' dir='ltr'>nem</span> <span class='ocrx_word' id='word_1_667' title='bbox 1183 2337 1270 2372; x_wconf 83' lang='lat' dir='ltr'>snam</span> <span class='ocrx_word' id='word_1_668' title='bbox 1281 2342 1352 2389; x_wconf 82' lang='lat' dir='ltr'>Cyri</span> <span class='ocrx_word' id='word_1_669' title='bbox 1365 2351 1433 2373; x_wconf 90' lang='lat' dir='ltr'>non</span> <span class='ocrx_word' id='word_1_670' title='bbox 1451 2340 1490 2373; x_wconf 88' lang='lat' dir='ltr'>ad</span> <span class='ocrx_word' id='word_1_671' title='bbox 1505 2340 1644 2374; x_wconf 70' lang='lat' dir='ltr'>historiae</span> <span class='ocrx_word' id='word_1_672' title='bbox 1656 2340 1772 2380; x_wconf 84' lang='lat' dir='ltr'>fidem,</span> <span class='ocrx_word' id='word_1_673' title='bbox 1783 2338 1844 2374; x_wconf 80' lang='lat' dir='ltr'>scd</span> 
     </span>
     <span class='ocr_line' id='line_1_119' title="bbox 1091 2386 2048 2437; baseline 0 -15"><span class='ocrx_word' id='word_1_674' title='bbox 1091 2388 1134 2422; x_wconf 83' lang='lat' dir='ltr'>ad</span> <span class='ocrx_word' id='word_1_675' title='bbox 1146 2387 1275 2422; x_wconf 84' lang='lat' dir='ltr'>Ethices</span> <span class='ocrx_word' id='word_1_676' title='bbox 1284 2392 1317 2423; x_wconf 66' lang='grc' dir='ltr'>ὃς</span> <span class='ocrx_word' id='word_1_677' title='bbox 1332 2388 1486 2422; x_wconf 78' lang='lat' dir='ltr'>Politices</span> <span class='ocrx_word' id='word_1_678' title='bbox 1497 2400 1656 2435; x_wconf 83' lang='lat' dir='ltr'>praecepta</span> <span class='ocrx_word' id='word_1_679' title='bbox 1666 2386 1842 2437; x_wconf 70' lang='lat' dir='ltr'>scripsisset.</span> <span class='ocrx_word' id='word_1_680' title='bbox 2044 2388 2048 2411; x_wconf 83' lang='lat'><strong>¹</strong></span> 
     </span>
     <span class='ocr_line' id='line_1_120' title="bbox 1093 2437 1946 2485; baseline 0.006 -14"><span class='ocrx_word' id='word_1_681' title='bbox 1093 2441 1216 2471; x_wconf 88' lang='lat' dir='ltr'>Verum</span> <span class='ocrx_word' id='word_1_682' title='bbox 1228 2437 1315 2471; x_wconf 90' lang='lat' dir='ltr'>estin</span> <span class='ocrx_word' id='word_1_683' title='bbox 1329 2450 1368 2471; x_wconf 91' lang='lat' dir='ltr'>eo</span> <span class='ocrx_word' id='word_1_684' title='bbox 1385 2449 1483 2484; x_wconf 85' lang='lat' dir='ltr'>opere</span> <span class='ocrx_word' id='word_1_685' title='bbox 1504 2441 1714 2484; x_wconf 76' lang='lat' dir='ltr'>Xenophontem</span> <span class='ocrx_word' id='word_1_686' title='bbox 1735 2438 1841 2485; x_wconf 87' lang='lat' dir='ltr'>magi·</span> <span class='ocrx_word' id='word_1_687' title='bbox 1861 2448 1946 2475; x_wconf 75' lang='lat' dir='ltr'>Xeno-</span> 
     </span>
     <span class='ocr_line' id='line_1_121' title="bbox 1093 2484 1958 2536; baseline -0.002 -16"><span class='ocrx_word' id='word_1_688' title='bbox 1093 2487 1145 2520; x_wconf 86' lang='lat' dir='ltr'>stri</span> <span class='ocrx_word' id='word_1_689' title='bbox 1158 2499 1291 2520; x_wconf 83' lang='lat' dir='ltr'>morum</span> <span class='ocrx_word' id='word_1_690' title='bbox 1304 2489 1407 2536; x_wconf 82' lang='lat' dir='ltr'>magis</span> <span class='ocrx_word' id='word_1_691' title='bbox 1423 2485 1521 2533; x_wconf 70' lang='lat' dir='ltr'>quam</span> <span class='ocrx_word' id='word_1_692' title='bbox 1541 2486 1679 2521; x_wconf 87' lang='lat' dir='ltr'>historici</span> <span class='ocrx_word' id='word_1_693' title='bbox 1691 2484 1839 2520; x_wconf 87' lang='lat' dir='ltr'>officium</span> <span class='ocrx_word' id='word_1_694' title='bbox 1856 2489 1958 2536; x_wconf 60' lang='lat' dir='ltr'>pswntis</span> 
     </span>
     <span class='ocr_line' id='line_1_122' title="bbox 1090 2528 1991 2582; baseline 0 -13"><span class='ocrx_word' id='word_1_695' title='bbox 1090 2537 1256 2570; x_wconf 84' lang='lat' dir='ltr'>intendere</span> <span class='ocrx_word' id='word_1_696' title='bbox 1276 2550 1284 2570; x_wconf 89' lang='lat'><strong>:</strong></span> <span class='ocrx_word' id='word_1_697' title='bbox 1305 2538 1348 2570; x_wconf 89' lang='lat' dir='ltr'>ita</span> <span class='ocrx_word' id='word_1_698' title='bbox 1360 2548 1471 2570; x_wconf 86' lang='lat' dir='ltr'>tamen</span> <span class='ocrx_word' id='word_1_699' title='bbox 1485 2548 1519 2571; x_wconf 87' lang='lat' dir='ltr'>ut</span> <span class='ocrx_word' id='word_1_700' title='bbox 1531 2536 1614 2569; x_wconf 88' lang='lat' dir='ltr'>nolit</span> <span class='ocrx_word' id='word_1_701' title='bbox 1626 2538 1659 2568; x_wconf 87' lang='lat' dir='ltr'>in</span> <span class='ocrx_word' id='word_1_702' title='bbox 1672 2537 1709 2569; x_wconf 86' lang='lat' dir='ltr'>iis</span> <span class='ocrx_word' id='word_1_703' title='bbox 1723 2547 1793 2582; x_wconf 82' lang='lat' dir='ltr'>quae</span> <span class='ocrx_word' id='word_1_704' title='bbox 1807 2536 1840 2568; x_wconf 90' lang='lat' dir='ltr'>in</span> <span class='ocrx_word' id='word_1_705' title='bbox 1861 2528 1991 2556; x_wconf 53' lang='lat' dir='ltr'>&#39;’mm&#39;‘</span> 
     </span>
     <span class='ocr_line' id='line_1_123' title="bbox 1091 2569 1971 2638; baseline -0.002 -19"><span class='ocrx_word' id='word_1_706' title='bbox 1091 2585 1221 2619; x_wconf 84' lang='lat' dir='ltr'>historia</span> <span class='ocrx_word' id='word_1_707' title='bbox 1233 2584 1371 2631; x_wconf 76' lang='lat' dir='ltr'>positive</span> <span class='ocrx_word' id='word_1_708' title='bbox 1385 2583 1647 2625; x_wconf 69' lang='lat' dir='ltr'>affixit,111e12tiri.</span> <span class='ocrx_word' id='word_1_709' title='bbox 1659 2585 1770 2631; x_wconf 81' lang='lat' dir='ltr'>Qod</span> <span class='ocrx_word' id='word_1_710' title='bbox 1782 2596 1842 2631; x_wconf 89' lang='lat' dir='ltr'>pro</span> <span class='ocrx_word' id='word_1_711' title='bbox 1860 2569 1971 2638; x_wconf 44' lang='grc' dir='ltr'>’ἕπε’</span> 
     </span>
     <span class='ocr_line' id='line_1_124' title="bbox 1092 2611 2048 2681; baseline 0 -13"><span class='ocrx_word' id='word_1_712' title='bbox 1092 2634 1241 2681; x_wconf 85' lang='lat' dir='ltr'>exemplo</span> <span class='ocrx_word' id='word_1_713' title='bbox 1259 2633 1401 2666; x_wconf 85' lang='lat' dir='ltr'>historici</span> <span class='ocrx_word' id='word_1_714' title='bbox 1414 2635 1531 2666; x_wconf 90' lang='lat' dir='ltr'>erroris</span> <span class='ocrx_word' id='word_1_715' title='bbox 1544 2636 1577 2666; x_wconf 93' lang='lat' dir='ltr'>in</span> <span class='ocrx_word' id='word_1_716' title='bbox 1590 2630 1768 2681; x_wconf 81' lang='lat' dir='ltr'>Xenophonte</span> <span class='ocrx_word' id='word_1_717' title='bbox 1778 2633 1841 2667; x_wconf 75' lang='lat' dir='ltr'>ad·</span> <span class='ocrx_word' id='word_1_718' title='bbox 1853 2611 1877 2647; x_wconf 70' lang='lat' dir='ltr'><em>s</em></span> <span class='ocrx_word' id='word_1_719' title='bbox 1919 2621 1974 2638; x_wconf 56' lang='lat' dir='ltr'>‘ur‘</span> <span class='ocrx_word' id='word_1_720' title='bbox 2025 2648 2028 2662; x_wconf 81' lang='lat'><strong>·</strong></span> <span class='ocrx_word' id='word_1_721' title='bbox 2046 2631 2048 2636; x_wconf 59' lang='lat'><strong>¹</strong></span> 
     </span>
     <span class='ocr_line' id='line_1_125' title="bbox 1092 2680 1840 2731; baseline -0.001 -15"><span class='ocrx_word' id='word_1_722' title='bbox 1092 2684 1218 2716; x_wconf 89' lang='lat' dir='ltr'>ducunt</span> <span class='ocrx_word' id='word_1_723' title='bbox 1235 2681 1277 2716; x_wconf 89' lang='lat' dir='ltr'>de</span> <span class='ocrx_word' id='word_1_724' title='bbox 1294 2680 1420 2728; x_wconf 70' lang='lat' dir='ltr'>placida</span> <span class='ocrx_word' id='word_1_725' title='bbox 1432 2685 1496 2725; x_wconf 79' lang='lat' dir='ltr'>Cyri</span> <span class='ocrx_word' id='word_1_726' title='bbox 1508 2695 1618 2716; x_wconf 83' lang='lat' dir='ltr'>morte</span> <span class='ocrx_word' id='word_1_727' title='bbox 1632 2709 1641 2724; x_wconf 95' lang='lat'>,</span> <span class='ocrx_word' id='word_1_728' title='bbox 1667 2696 1765 2731; x_wconf 83' lang='lat' dir='ltr'>quem</span> <span class='ocrx_word' id='word_1_729' title='bbox 1777 2694 1840 2716; x_wconf 86' lang='lat' dir='ltr'>vo-</span> 
     </span>
     <span class='ocr_line' id='line_1_126' title="bbox 1090 2728 1995 2778; baseline -0.003 -12"><span class='ocrx_word' id='word_1_730' title='bbox 1090 2734 1164 2766; x_wconf 91' lang='lat' dir='ltr'>lunt</span> <span class='ocrx_word' id='word_1_731' title='bbox 1179 2730 1195 2765; x_wconf 74' lang='lat' dir='ltr'>a</span> <span class='ocrx_word' id='word_1_732' title='bbox 1210 2735 1322 2774; x_wconf 79' lang='lat' dir='ltr'>Tomyri</span> <span class='ocrx_word' id='word_1_733' title='bbox 1336 2731 1514 2778; x_wconf 71' lang='lat' dir='ltr'>Massageta</span> <span class='ocrx_word' id='word_1_734' title='bbox 1524 2733 1724 2766; x_wconf 81' lang='lat' dir='ltr'>trucidatum</span> <span class='ocrx_word' id='word_1_735' title='bbox 1739 2757 1748 2771; x_wconf 94' lang='lat'>‚</span> <span class='ocrx_word' id='word_1_736' title='bbox 1772 2743 1838 2763; x_wconf 89' lang='lat' dir='ltr'>non</span> <span class='ocrx_word' id='word_1_737' title='bbox 1859 2728 1939 2777; x_wconf 29' lang='lat' dir='ltr'>„An-&gt;z</span> <span class='ocrx_word' id='word_1_738' title='bbox 1951 2731 1995 2757; x_wconf 87' lang='lat' dir='ltr'>To-</span> 
     </span>
     <span class='ocr_line' id='line_1_127' title="bbox 1092 2771 1993 2838; baseline 0.001 -25"><span class='ocrx_word' id='word_1_739' title='bbox 1092 2791 1223 2814; x_wconf 79' lang='lat' dir='ltr'>enervat</span> <span class='ocrx_word' id='word_1_740' title='bbox 1242 2780 1345 2815; x_wconf 85' lang='lat' dir='ltr'>fidem</span> <span class='ocrx_word' id='word_1_741' title='bbox 1366 2782 1523 2815; x_wconf 64' lang='lat' dir='ltr'>auotoris.</span> <span class='ocrx_word' id='word_1_742' title='bbox 1564 2780 1663 2815; x_wconf 73' lang='lat' dir='ltr'>Certe</span> <span class='ocrx_word' id='word_1_743' title='bbox 1675 2793 1736 2827; x_wconf 87' lang='lat' dir='ltr'>pro</span> <span class='ocrx_word' id='word_1_744' title='bbox 1749 2787 1838 2814; x_wconf 85' lang='lat' dir='ltr'>Xeno·</span> <span class='ocrx_word' id='word_1_745' title='bbox 1860 2771 1993 2838; x_wconf 50' lang='lat' dir='ltr'>{nymaesus</span> 
     </span>
     <span class='ocr_line' id='line_1_128' title="bbox 1087 2821 1938 2876; baseline -0.002 -12"><span class='ocrx_word' id='word_1_746' title='bbox 1087 2832 1191 2876; x_wconf 74' lang='lat' dir='ltr'>plionte</span> <span class='ocrx_word' id='word_1_747' title='bbox 1201 2842 1316 2864; x_wconf 83' lang='lat' dir='ltr'>contra</span> <span class='ocrx_word' id='word_1_748' title='bbox 1328 2833 1500 2864; x_wconf 80' lang='lat' dir='ltr'>Herodotum</span> <span class='ocrx_word' id='word_1_749' title='bbox 1514 2828 1565 2870; x_wconf 68' lang='lat' dir='ltr'>hic</span> <span class='ocrx_word' id='word_1_750' title='bbox 1585 2828 1664 2863; x_wconf 85' lang='lat' dir='ltr'>facit</span> <span class='ocrx_word' id='word_1_751' title='bbox 1683 2828 1778 2862; x_wconf 83' lang='lat' dir='ltr'>firma</span> <span class='ocrx_word' id='word_1_752' title='bbox 1796 2830 1841 2863; x_wconf 88' lang='lat' dir='ltr'>sc-</span> <span class='ocrx_word' id='word_1_753' title='bbox 1873 2821 1938 2849; x_wconf 54' lang='lat' dir='ltr'>J&#39;m&#39;</span> 
     </span>
     <span class='ocr_line' id='line_1_129' title="bbox 1092 2876 1842 2924; baseline 0 -12"><span class='ocrx_word' id='word_1_754' title='bbox 1092 2880 1239 2912; x_wconf 83' lang='lat' dir='ltr'>culorum</span> <span class='ocrx_word' id='word_1_755' title='bbox 1251 2878 1456 2924; x_wconf 81' lang='lat' dir='ltr'>sequentium</span> <span class='ocrx_word' id='word_1_756' title='bbox 1471 2889 1538 2910; x_wconf 88' lang='lat' dir='ltr'>non</span> <span class='ocrx_word' id='word_1_757' title='bbox 1551 2876 1632 2910; x_wconf 89' lang='lat' dir='ltr'>fides</span> <span class='ocrx_word' id='word_1_758' title='bbox 1646 2877 1774 2912; x_wconf 69' lang='lat' dir='ltr'>tantum</span> <span class='ocrx_word' id='word_1_759' title='bbox 1787 2879 1842 2912; x_wconf 89' lang='lat' dir='ltr'>sed</span> 
     </span>
     <span class='ocr_line' id='line_1_130' title="bbox 1092 2926 1843 2974; baseline -0.001 -12"><span class='ocrx_word' id='word_1_760' title='bbox 1092 2931 1127 2962; x_wconf 89' lang='lat'>&amp;</span> <span class='ocrx_word' id='word_1_761' title='bbox 1138 2928 1275 2961; x_wconf 82' lang='lat' dir='ltr'>ocularis</span> <span class='ocrx_word' id='word_1_762' title='bbox 1287 2926 1458 2974; x_wconf 63' lang='lat' dir='ltr'>inspectio.</span> <span class='ocrx_word' id='word_1_763' title='bbox 1481 2928 1560 2960; x_wconf 88' lang='lat' dir='ltr'>Vult</span> <span class='ocrx_word' id='word_1_764' title='bbox 1569 2930 1724 2961; x_wconf 67' lang='lat' dir='ltr'>Herodotus</span> <span class='ocrx_word' id='word_1_765' title='bbox 1735 2933 1843 2973; x_wconf 65' lang='lat' dir='ltr'>cyrum</span> 
     </span>
     <span class='ocr_line' id='line_1_131' title="bbox 1090 2974 1841 3023; baseline 0 -13"><span class='ocrx_word' id='word_1_766' title='bbox 1090 2975 1399 3022; x_wconf 83' lang='lat' dir='ltr'>ejusqueingentem</span> <span class='ocrx_word' id='word_1_767' title='bbox 1412 2976 1590 3008; x_wconf 85' lang='lat' dir='ltr'>exercitum</span> <span class='ocrx_word' id='word_1_768' title='bbox 1613 2974 1628 3009; x_wconf 72' lang='lat' dir='ltr'>a</span> <span class='ocrx_word' id='word_1_769' title='bbox 1647 2974 1841 3023; x_wconf 77' lang='lat' dir='ltr'>Massagetis</span> 
     </span>
     <span class='ocr_line' id='line_1_132' title="bbox 1091 3022 1841 3064; baseline 0.001 -6"><span class='ocrx_word' id='word_1_770' title='bbox 1091 3027 1135 3058; x_wconf 89' lang='lat' dir='ltr'>ira</span> <span class='ocrx_word' id='word_1_771' title='bbox 1148 3025 1376 3057; x_wconf 88' lang='lat' dir='ltr'>internecione</span> <span class='ocrx_word' id='word_1_772' title='bbox 1389 3022 1536 3057; x_wconf 87' lang='lat' dir='ltr'>deletum</span> <span class='ocrx_word' id='word_1_773' title='bbox 1548 3050 1557 3064; x_wconf 85' lang='lat'>,</span> <span class='ocrx_word' id='word_1_774' title='bbox 1573 3036 1607 3058; x_wconf 89' lang='lat' dir='ltr'>ut</span> <span class='ocrx_word' id='word_1_775' title='bbox 1622 3026 1728 3059; x_wconf 90' lang='lat' dir='ltr'>nullus</span> <span class='ocrx_word' id='word_1_776' title='bbox 1739 3022 1841 3060; x_wconf 81' lang='lat' dir='ltr'>cladis</span> 
     </span>
     <span class='ocr_line' id='line_1_133' title="bbox 1093 3071 1838 3123; baseline 0.003 -16"><span class='ocrx_word' id='word_1_777' title='bbox 1093 3074 1229 3107; x_wconf 87' lang='lat' dir='ltr'>nuncius</span> <span class='ocrx_word' id='word_1_778' title='bbox 1246 3071 1447 3119; x_wconf 83' lang='lat' dir='ltr'>superfuerit.</span> <span class='ocrx_word' id='word_1_779' title='bbox 1476 3072 1593 3107; x_wconf 80' lang='lat' dir='ltr'>Asserir</span> <span class='ocrx_word' id='word_1_780' title='bbox 1604 3077 1764 3121; x_wconf 74' lang='lat' dir='ltr'>Xenophon,</span> <span class='ocrx_word' id='word_1_781' title='bbox 1777 3082 1838 3123; x_wconf 83' lang='lat' dir='ltr'>Cy-</span> 
     </span>
     <span class='ocr_line' id='line_1_134' title="bbox 1090 3119 1838 3167; baseline -0.003 -10"><span class='ocrx_word' id='word_1_782' title='bbox 1090 3135 1155 3157; x_wconf 82' lang='lat' dir='ltr'>rum</span> <span class='ocrx_word' id='word_1_783' title='bbox 1187 3121 1302 3167; x_wconf 77' lang='lat' dir='ltr'>pacata</span> <span class='ocrx_word' id='word_1_784' title='bbox 1328 3132 1436 3154; x_wconf 90' lang='lat' dir='ltr'>morte</span> <span class='ocrx_word' id='word_1_785' title='bbox 1462 3119 1658 3158; x_wconf 68' lang='lat' dir='ltr'>defunstum</span> <span class='ocrx_word' id='word_1_786' title='bbox 1686 3125 1777 3158; x_wconf 87' lang='lat' dir='ltr'>domi</span> <span class='ocrx_word' id='word_1_787' title='bbox 1802 3126 1838 3155; x_wconf 85' lang='lat' dir='ltr'>in</span> 
     </span>
     <span class='ocr_line' id='line_1_135' title="bbox 1092 3167 1837 3220; baseline -0.001 -15"><span class='ocrx_word' id='word_1_788' title='bbox 1092 3169 1241 3214; x_wconf 82' lang='lat' dir='ltr'>Perside,</span> <span class='ocrx_word' id='word_1_789' title='bbox 1258 3167 1443 3219; x_wconf 81' lang='lat' dir='ltr'>Pasagardis</span> <span class='ocrx_word' id='word_1_790' title='bbox 1454 3171 1630 3220; x_wconf 74' lang='lat' dir='ltr'>sepultum.</span> <span class='ocrx_word' id='word_1_791' title='bbox 1656 3173 1837 3219; x_wconf 51' lang='lat' dir='ltr'>chrtiuss</span> 
     </span>
    </p>

    <p class='ocr_par' dir='ltr' id='par_1_17' title="bbox 1683 3222 1838 3254">
     <span class='ocr_line' id='line_1_136' title="bbox 1683 3222 1838 3254; baseline -0.006 0"><span class='ocrx_word' id='word_1_792' title='bbox 1683 3225 1718 3254; x_wconf 71' lang='grc' dir='ltr'>δε</span> <span class='ocrx_word' id='word_1_793' title='bbox 1731 3222 1838 3254; x_wconf 64' lang='lat' dir='ltr'>caetcri</span> 
     </span>
    </p>
   </div>
   <div class='ocr_carea' id='block_1_13' title="bbox 2032 734 2048 2386">
    <p class='ocr_par' dir='ltr' id='par_1_18' title="bbox 2032 734 2048 2386">
     <span class='ocr_line' id='line_1_137' title="bbox 2032 734 2048 2386; baseline 0 0"><span class='ocrx_word' id='word_1_794' title='bbox 2032 734 2048 2386; x_wconf 95' lang='lat' dir='ltr'>   </span> 
     </span>
    </p>
   </div>
   <div class='ocr_carea' id='block_1_14' title="bbox 2001 1629 2041 1958">
    <p class='ocr_par' dir='ltr' id='par_1_19' title="bbox 2001 1620 2041 1958">
     <span class='ocr_line' id='line_1_138' title="bbox 2037 1629 2041 1790; baseline 0 0"><span class='ocrx_word' id='word_1_795' title='bbox 2037 1629 2041 1790; x_wconf 77' lang='grc' dir='ltr'>ζ</span> 
     </span>
     <span class='ocr_line' id='line_1_139' title="bbox 2001 1807 2039 1958; baseline 0 0"><span class='ocrx_word' id='word_1_796' title='bbox 2001 1927 2005 1930; x_wconf 83' lang='lat'>.</span> <span class='ocrx_word' id='word_1_797' title='bbox 2034 1807 2039 1958; x_wconf 65' lang='grc' dir='ltr'>ι’</span> 
     </span>
    </p>
   </div>
   <div class='ocr_carea' id='block_1_15' title="bbox 2013 2287 2036 3331">
    <p class='ocr_par' dir='ltr' id='par_1_20' title="bbox 2013 2287 2036 3331">
     <span class='ocr_line' id='line_1_140' title="bbox 2013 2287 2036 3331; baseline 0 0"><span class='ocrx_word' id='word_1_798' title='bbox 2013 2287 2036 3331; x_wconf 95' lang='lat' dir='ltr'> </span> 
     </span>
    </p>
   </div>
  </div>
 </body>
</html>
