2048 3343
137 245 277 273 ,fir-cema-

132 282 245 322 gnitudo·

110 1914 221 1950 Iapbetus

111 1963 173 1982 ‚tatu
181 1966 236 1983 ma-

111 1999 148 2028 jor
159 1997 232 2023 Sthe-

110 2046 158 2065 mo.

107 2928 237 2956 Contraria

105 2973 227 3007 Interpre-

105 3020 155 3039 tum
169 3011 227 3045 sm·

105 3052 181 3078 remia
191 3049 218 3077 de

106 3096 171 3119 Gen.
186 3101 228 3119 10.

104 3143 150 3161 Til
161 3143 180 3160 Ι.

300 78 327 111 4
633 62 947 98 Orants

300 137 353 170 dia
365 134 583 172 elucesceret,
599 135 674 166 anni
684 143 818 166 centum
832 131 947 178 viginti
959 143 1050 165 mor-

297 185 412 218 talibus
423 184 464 218 ad
477 181 723 229 resipiscendum
736 180 874 216 concessi
886 180 972 215 suut.

344 235 382 266 In
395 233 442 266 his
458 235 540 267 Noah
551 229 849 275 affiduumjustiu'ae
863 241 1049 277 praeconem

296 282 381 329 egit,
407 285 442 315 &
452 279 522 327 quo
535 284 640 326 major
652 282 757 316 verbis
769 280 946 313 auctoritas
958 291 1049 312 acce-

295 331 410 371 deret,
434 331 512 365 Deo
526 330 707 365 mandante
728 354 739 369 ‚
772 328 935 373 stupenda:
949 329 1046 362 molis

293 392 388 426 opus,
398 381 431 413 in
443 381 595 416 omnium
607 380 710 414 oculis
725 375 889 426 aggressus
902 378 946 412 est
961 404 970 416 ‚
989 388 1046 411 ex-

292 430 496 463 trustionem
523 441 603 462 arcae
621 453 631 469 ,
659 428 816 463 vasorum
837 429 871 460 in
891 438 973 462 terra
989 436 1046 459 aut

291 479 385 524 aquis
405 479 583 513 mobilium
604 503 613 518 ,
638 490 710 524 quae
736 489 883 523 unquam
896 475 1042 514 fuerunt,

290 525 398 562 multo
409 529 552 568 maximi,
566 529 718 562 solomonis
729 527 856 571 templo
869 526 1042 559 altitudine

288 588 359 622 par,
368 576 421 611 sed
430 577 603 612 latitudine
612 575 704 624 supra
714 576 855 623 duplum
873 577 990 616 major,
1004 577 1039 607 δε

288 624 501 673 longitudine
523 625 618 673 supra
643 625 857 672 quintuplum
877 634 951 656 arca
966 620 1041 659 fuit,

287 677 441 710 trecentis
452 675 573 711 scilicet
585 673 705 710 cubitis
716 674 818 718 longa
837 695 847 708 ‚
871 673 1037 719 quinqua—

287 725 380 772 ginta
395 724 458 759 lata
484 729 519 760 &
545 726 674 772 triginta
688 722 752 756 alta
769 746 779 760 ,
806 721 1037 768 magnitudine

286 773 365 807 vero
380 773 526 809 mirandz‘i
548 776 596 818 (in
612 774 723 820 primis
735 768 756 803 fi
770 769 902 804 cubitos
917 770 1038 803 intelli-

285 835 352 870 gas,
364 834 398 857 ut
408 825 442 858 in
455 825 629 869 Scripturis
644 816 880 866 stepevstacros,
892 821 950 865 qui
964 821 1037 859 vul-

283 871 413 918 garibus
431 872 547 916 duplo,
559 869 739 904 secundum
751 869 890 908 inultm,
899 871 1039 912 majores

283 920 380 962 sunt)
406 921 571 966 templum
585 929 692 952 autem
715 915 881 964 sexaginta
901 917 1039 951 cubitos

282 971 497 1017 longitudine
515 992 524 1004 ‚
551 968 667 1014 viginti
678 965 1039 1015 latitudine&triginta

284 1019 457 1053 altitudine
467 1029 534 1050 non
547 1016 738 1051 excedebat.

306 1067 343 1100 In
356 1066 459 1101 tribus
470 1064 602 1111 hujusce
614 1067 758 1100 maximae
767 1067 857 1099 navis
868 1065 1040 1111 contigna-

283 1115 433 1149 tionibus
445 1114 557 1163 pusilla
571 1121 634 1149 Noae
643 1113 778 1155 familia,
791 1119 824 1149 &
837 1127 874 1148 ex
885 1115 1037 1147 animan-

281 1165 371 1199 tibus
383 1165 584 1200 terrestribus
606 1168 638 1198 ὃ(
654 1165 745 1198 aeriis
777 1163 939 1211 (piscibus
949 1165 1037 1197 enim

280 1212 323 1247 ab
339 1216 433 1260 aquis
454 1213 535 1250 nihil
553 1212 616 1247 fuit
636 1215 795 1260 periculi)
827 1214 1035 1259 impurorum

281 1261 361 1296 bina
374 1275 443 1296 mas
454 1266 487 1297 &
500 1260 640 1296 foemina
651 1288 661 1303 ‚
676 1275 832 1310 purorum
845 1262 988 1310 septena,
1000 1263 1034 1296 id

279 1311 335 1352 est,
348 1313 600 1358 quatuordecim
614 1336 623 1352 ,
640 1312 760 1357 septem
778 1323 882 1346 mares
901 1316 935 1346 &
953 1314 1034 1346 toti-

281 1360 358 1394 dem
370 1358 528 1400 foeminae,
541 1361 591 1395 vel
601 1361 730 1395 tantum
746 1360 947 1409 septem2trcs
962 1373 1033 1394 ma-

276 1421 327 1444 res
343 1414 377 1444 &
390 1422 452 1446 tres
464 1409 622 1450 foeminae,
634 1411 878 1457 septimumque
888 1411 928 1444 ad
939 1410 1033 1443 sacri-

277 1457 392 1493 ficium
407 1485 416 1497 ‚
437 1459 532 1506 quod
547 1460 620 1505 post
639 1461 810 1495 Diluvium
823 1462 955 1494 Noachm
967 1458 1031 1493 ob-

277 1509 364 1541 tulit.
401 1510 530 1543 Tantus
540 1510 758 1544 animantium
772 1521 927 1543 numerus
939 1522 1030 1543 com-

275 1557 383 1592 modo
394 1556 469 1592 satis
479 1571 553 1592 cum
565 1570 675 1592 annuo
688 1560 727 1593 ad
738 1569 857 1606 potum
871 1562 905 1593 δέ
917 1559 1028 1592 cibum

275 1618 470 1641 commeatu
488 1632 498 1647 ,
525 1609 557 1640 iu
571 1618 639 1639 tam
657 1609 770 1652 amplo
789 1606 858 1643 vase
876 1607 1026 1642 distribui

273 1666 479 1701 potuerunt,
502 1654 553 1693 scd
574 1668 642 1701 quo
660 1659 758 1704 paeto
768 1659 817 1692 vel
831 1656 884 1690 lux
896 1660 946 1692 vel
960 1661 1023 1699 a'e'r,

270 1701 408 1738 fenestra
419 1702 550 1744 clausi,
565 1705 722 1746 immitti,
747 1717 803 1740 aut
818 1702 1024 1742 excrementa

270 1764 329 1798 per
337 1763 447 1787 totum
458 1765 580 1787 annum
590 1757 697 1789 emitti
709 1758 924 1803 potuerint,&
938 1769 1024 1803 aqua

270 1803 379 1836 omnis
398 1803 532 1842 excludi,
546 1814 607 1836 nos
619 1803 770 1850 profesto
783 1802 1023 1843 nescimus,etsi

271 1853 362 1885 varia
377 1853 564 1897 conjestare
579 1856 611 1886 &
623 1853 893 1889 hariolariliceat.

314 1900 572 1935 Observandum
590 1908 685 1938 Noam
704 1905 797 1938 annis
810 1903 1023 1950 vigintipost—

270 1961 367 1994 quam
404 1950 579 1997 praedicere
615 1955 649 1985 ὃς
682 1954 852 1999 praedicare
880 1951 1023 1999 coepillet

271 1998 387 2032 mundi
401 2010 538 2046 propter
551 2012 685 2044 peccata
701 2002 973 2042 destructionem,
985 2003 1023 2035 li-

270 2045 356 2081 beris
369 2057 501 2094 operam
515 2048 659 2093 dediffe3
678 2054 713 2085 &
725 2063 811 2085 anno
825 2053 1023 2099 quingente-

269 2095 351 2129 simo
363 2099 436 2130 vitae
447 2098 504 2132 suae
526 2101 677 2134 Schemum
688 2122 696 2135 2
714 2103 860 2135 chamum
873 2104 906 2134 δέ
922 2103 1021 2148 [aphe-

268 2143 484 2191 tumgenuiffe
513 2160 520 2180 :
549 2158 619 2180 non
639 2147 733 2194 quod
752 2150 827 2182 istos
840 2160 902 2182 tres
925 2149 1021 2184 simul

267 2192 533 2240 produxerit,sed
546 2194 640 2240 quod
651 2210 710 2231 eos
720 2209 789 2230 turn
801 2196 1022 2244 primummec

267 2254 384 2276 eorum
399 2246 508 2278 ullum
520 2244 614 2278 antea
622 2245 781 2292 genuisset
790 2271 799 2287 ,
811 2249 961 2292 laplretmn
973 2258 1022 2282 ct-

265 2295 334 2336 jam
348 2293 458 2339 primo
472 2296 505 2326 δέ
518 2304 593 2327 ante
606 2296 689 2328 alios
700 2318 709 2331 ‚
727 2296 803 2329 licet
822 2295 942 2329 ultimo
955 2308 1020 2329 no—

265 2342 429 2375 minatum
451 2366 460 2381 ,
486 2341 532 2375 ob
550 2342 701 2389 pusillum
724 2345 929 2391 posterorum
952 2347 1022 2390 ejus

266 2401 342 2423 cum
357 2390 487 2438 populo
512 2393 574 2425 Dei
585 2392 702 2426 diebus
716 2392 841 2441 Moysis
854 2406 1020 2429 commer-

266 2440 369 2473 cium.
404 2438 510 2474 Certo
531 2443 656 2476 chamna
669 2441 754 2477 filius
775 2446 890 2478 Noacln‘
911 2445 1022 2478 minor

267 2487 403 2535 express'e
413 2490 543 2526 dicitur,
555 2493 676 2534 Gen.9.
686 2504 696 2524 1
707 2504 738 2533 9.
750 2496 783 2527 &
797 2494 929 2527 Schemus
940 2494 1019 2526 dum

265 2539 415 2584 gigneret
434 2540 598 2585 Arpharatl
614 2539 750 2574 duobus
760 2544 854 2576 annis
866 2542 938 2589 post
954 2544 1017 2576 Di-

265 2588 389 2619 luvium
403 2587 522 2621 dicitur
540 2600 706 2623 annorum
728 2601 863 2624 centum
887 2615 897 2631 ,
922 2593 966 2624 ita
983 2602 1018 2625 ut

265 2646 353 2667 auno
364 2635 543 2670 centelimo
564 2648 639 2671 ante
651 2639 823 2671 Diluvium
844 2665 853 2678 ,
877 2653 944 2685 quo
958 2642 1014 2672 ali-

265 2695 350 2729 quos
367 2684 510 2730 genuisse
527 2684 614 2719 fillos
639 2694 737 2721 Noam
765 2686 883 2721 diserte
909 2700 1015 2722 narrat

261 2733 350 2777 Moses
370 2757 380 2772 ,
404 2735 590 2781 oportuerit
607 2734 662 2768 edi
679 2738 830 2781 iaphetmn
841 2748 917 2770 ante
932 2739 1014 2772 cha-

261 2793 341 2815 mum
360 2782 525 2817 minorem
546 2786 580 2817 &
599 2784 677 2818 totis
688 2784 824 2819 duobus
836 2788 928 2819 annis
939 2798 1013 2820 ante

263 2832 415 2865 schemam
433 2857 443 2872 ,
469 2833 525 2879 qui
538 2832 718 2880 postistum
736 2834 1012 2870 centesimumin-

262 2878 419 2913 choatum
432 2882 566 2916 duobus
579 2884 670 2917 annis
684 2896 779 2918 natus
792 2885 844 2918 cst.

310 2928 430 2963 Genes
445 2942 491 2965 10.
508 2944 561 2965 v.z
572 2944 599 2966 1.
617 2931 754 2967 habetur
765 2933 1010 2969 disertis'verbis

264 2977 513 3023 Iaphetumfuiffe
527 2983 684 3025 majorem
697 2985 814 3017 Schemo
834 3009 843 3023 ‚
868 2984 945 3018 licet
967 2985 1008 3019 de

264 3025 358 3070 hujus
369 3026 435 3061 loci
449 3041 528 3063 vero
545 3030 635 3065 sensu
647 3030 834 3066 nobiliflimi
846 3034 1006 3080 interpre-

263 3084 312 3108 tes
325 3084 390 3107 tam
402 3088 526 3111 veteres
537 3078 636 3124 quam
658 3093 804 3116 recentes
818 3082 941 3116 diversa
958 3084 1009 3117 lo-

260 3134 411 3170 quantur.
443 3127 555 3161 Latina
565 3139 656 3165 vetus
669 3130 773 3167 venio
784 3157 794 3175 ,
808 3144 879 3178 quae
891 3133 1009 3169 dicitur

1011 58 1489 99 HISTORch

1100 133 1300 178 Hieronymi
1319 159 1330 175 ,
1356 146 1456 180 quam
1479 133 1649 169 Pontificii
1670 139 1787 168 omnes
1808 140 1846 168 ut

1098 182 1321 217 authenticam
1334 194 1532 218 venerantur
1553 209 1564 224 ,
1590 184 1670 232 legit
1695 187 1846 220 Sthenium

1091 232 1217 278 fratrem
1242 235 1349 280 Iapheti
1367 234 1503 277 majorem
1523 258 1532 273 ‚
1562 236 1596 267 &
1614 235 1648 266 in
1664 233 1724 267 hac
1744 235 1846 267 inter-

1096 284 1279 326 pretatione
1293 281 1488 316 Chaldaeum
1504 282 1738 329 Paraphrasten
1749 293 1845 316 ante-

1095 327 1248 364 cessorem
1261 330 1381 364 habere
1392 332 1511 365 dicitur
1532 356 1542 369 ‚
1567 343 1668 378 quam
1684 330 1727 364 sic
1747 333 1845 366 vertit

1094 379 1206 413 Latina
1218 379 1387 414 translatio
1398 383 1533 423 Montani
1552 382 1585 414 in
1605 381 1719 428 Regiis
1732 380 1844 414 Bibliis

1086 428 1180 472 frater
1205 431 1316 476 laphetz
1340 430 1433 475 major
1447 457 1456 470 ,
1480 429 1556 465 licet
1577 427 1643 476 ipsa
1663 428 1845 463 chaldaica

1096 474 1236 516 (achuctn'
1245 481 1277 512 de
1287 480 1377 525 lepbet
1390 477 1506 522 Rabba)
1525 475 1646 514 rectius
1662 478 1843 513 reddantur

1080 525 1181 570 ftater
1192 530 1301 573 [aphetz'
1312 529 1441 572 majorz'a.
1464 531 1516 563 Sic
1528 529 1660 576 quidem
1674 539 1692 560 L
1701 540 1723 562 x
1733 540 1753 561 x
1762 557 1770 566 ,
1781 530 1838 561 In-

1088 584 1244 622 terpretes
1256 576 1463 620 αἰῶελφᾳῗῐειφὲθ
1477 578 1685 621 τὲμρίζονζῇυ,
1695 578 1716 611 i.
1732 580 1840 624 efra-

1084 627 1124 658 trz'
1134 624 1245 671 iapheti
1255 627 1379 671 majoris.
1406 630 1492 661 Inter
1504 627 1704 662 recentiores
1717 625 1837 674 Angli-

1085 685 1163 707 cana
1175 673 1280 709 nostra
1288 686 1380 709 vetus
1391 674 1535 722 sequitur
1545 677 1698 710 Latinam
1708 675 1757 709 his
1767 687 1838 709 ver-

1085 720 1134 756 bis
1148 727 1161 765 (
1166 726 1264 758 schem
1276 721 1324 760 the
1333 726 1408 759 elder
1421 726 1534 761 brother
1545 728 1579 774 of
1590 726 1709 772 taphet)
1725 723 1775 759 sed
1787 736 1838 757 re-

1085 771 1265 806 centiffima
1275 775 1409 820 corrigit
1425 786 1568 810 veterem
1580 775 1624 808 fic
1645 776 1769 815 (Schem
1789 776 1838 808 the

1085 820 1197 855 brother
1205 824 1341 868 oflapbet
1353 826 1400 857 the
1410 824 1511 867 elder.)
1524 824 1655 858 Eodem
1669 823 1771 857 modo
1783 834 1837 857 re-

1086 868 1265 903 centiffima
1278 869 1412 916 Belgica
1424 876 1458 905 δι
1470 871 1582 907 Italica
1600 874 1771 918 sequentes
1782 871 1836 905 hic

1085 918 1267 953 Tremellium
1282 942 1293 958 ,
1321 921 1439 953 schemo
1453 922 1548 966 fratri
1557 922 1664 968 iapheti
1675 931 1747 956 natu
1767 934 1839 956 ma-

1085 978 1170 1001 xum.

1133 1018 1169 1049 ln
1191 1026 1282 1050 tanta
1309 1017 1530 1062 Interprerum
1558 1015 1740 1052 diversitate
1757 1017 1835 1064 quid
1856 1022 1979 1048 Inter-»a-

1085 1061 1361 1113 facietimperitus
1373 1064 1558 1099 Hebraice?
1588 1066 1834 1100 Inincertitudi-
1855 1063 1992 1089 riantesln-

1088 1125 1128 1148 ne
1139 1113 1290 1163 langueat
1302 1125 1454 1162 oportet:
1468 1112 1521 1148 sed
1533 1114 1701 1148 Hebraice
1713 1114 1835 1149 callens
1853 1109 1963 1170 '‘rff““

1085 1162 1174 1198 videt
1183 1166 1240 1198 ista
1252 1162 1353 1197 verba
1364 1165 1528 1210 Achitephet
1539 1164 1683 1210 haggadol
1692 1163 1835 1198 neceffa-
1855 1152 1980 1211 {222³me

1083 1211 1132 1246 rio
1147 1215 1229 1247 verti
1248 1212 1368 1248 debere
1380 1215 1478 1260 frater
1495 1215 1606 1259 laplaeti
1622 1215 1740 1258 majoris
1762 1225 1832 1247 non
1855 1224 1978 1253 velue-

1082 1263 1175 1306 major
1193 1287 1202 1303 ,
1230 1273 1446 1309 praeterquam
1467 1264 1557 1295 enim
1578 1261 1673 1309 quod
1695 1262 1832 1306 adjecti-
1852 1265 1972 1302 ”elogium

1083 1323 1157 1344 vum
1188 1311 1446 1346 construendum
1473 1311 1510 1346 sit
1535 1323 1610 1345 cum
1630 1308 1831 1345 substantivo
1844 1305 1984 1350 fidehitar-

1080 1359 1270 1396 immediate
1282 1373 1342 1407 prae
1349 1361 1480 1395 cedenti
1497 1362 1604 1406 (quod
1616 1359 1668 1393 hic
1679 1359 1724 1393 est
1736 1362 1833 1408 [aphet
1850 1346 1918 1374 ‘'m''

1080 1411 1269 1458 nonfrater)
1297 1412 1330 1443 in
1343 1410 1407 1444 hoc
1423 1409 1503 1443 loco
1516 1409 1716 1453 adjec‘livum
1728 1408 1831 1443 habet

1077 1457 1312 1507 fibipraefixum
1329 1471 1522 1505 pronomen
1535 1483 1543 1495 ‚
1564 1461 1596 1493 he
1620 1457 1831 1492 demonstra-

1076 1511 1181 1542 tivum
1204 1535 1214 1549 ‚
1242 1509 1334 1556 quod
1357 1508 1475 1543 fortius
1495 1507 1575 1543 illud
1594 1508 1728 1554 colligat
1749 1519 1828 1541 cum

1072 1555 1276 1592 substantivo
1288 1557 1481 1593 immediate
1491 1558 1699 1605 praecedenti.
1722 1558 1829 1602 Qod

1074 1606 1095 1640 si
1110 1608 1189 1641 vero
1201 1609 1234 1642 in
1252 1606 1323 1655 ipfis
1335 1608 1487 1641 Hebraeis
1508 1609 1618 1653 aliqua
1628 1604 1828 1653 ambiguitas

1072 1669 1274 1697 remaneret,
1284 1669 1356 1691 eam
1372 1657 1609 1704 [hronologiae
1621 1655 1766 1689 studium
1779 1654 1830 1690 fa-

1071 1704 1190 1740 cillime
1221 1710 1254 1741 δε
1281 1704 1453 1739 certissime
1466 1705 1678 1753 distingueret
1706 1708 1741 1739 δε
1770 1704 1831 1739 de-

1072 1756 1270 1789 monstraret
1282 1769 1290 1794 ;
1302 1767 1378 1788 nam
1391 1767 1428 1788 ex
1440 1755 1642 1801 praecedenti
1652 1755 1828 1788 ratiocinio

1070 1816 1202 1851 apparet
1212 1808 1358 1852 laphetum
1370 1804 1506 1838 duobus
1518 1806 1611 1837 annis
1624 1805 1743 1839 Schema
1755 1816 1828 1836 ma-

1066 1858 1175 1898 jorem
1188 1866 1266 1888 natu
1277 1851 1382 1887 fuisse.
1414 1856 1450 1886 In
1469 1853 1531 1886 hoc
1542 1851 1694 1899 exemplo
1718 1852 1828 1885 obiter

1069 1904 1293 1937 demonstrare
1329 1903 1421 1937 volui
1465 1913 1567 1947 quam
1612 1898 1825 1935 necessarium

1068 1952 1249 2000 Theologo
1269 1956 1299 1986 ὅ(
1321 1952 1416 1985 omni
1439 1950 1727 1985 tractantiSacram
1740 1951 1827 1983 Scri-

1069 2014 1199 2050 pturam
1213 2028 1223 2042 ,
1238 2001 1274 2035 sit
1286 2001 1430 2035 studium
1443 1997 1513 2034 tum
1525 1999 1642 2048 linguae
1653 1997 1824 2033 Hebraicae

1069 2064 1137 2087 turn
1150 2049 1400 2099 Chronologiae.

1071 2127 1074 2130 ⁴
1106 2100 1169 2136 „Ad
1181 2102 1293 2148 primae
1308 2098 1447 2145 Epocbae
1465 2110 1515 2132 res
1532 2095 1636 2144 gestas
1645 2097 1739 2142 plura
1752 2106 1821 2127 non
1842 2102 1955 2130 Patriar-

1068 2150 1192 2183 addam
1205 2148 1280 2183 cum
1293 2150 1360 2183 duo
1373 2159 1538 2181 monuero
1560 2159 1567 2180 :
1596 2144 1821 2183 Primum‚vi-
1839 2141 1937 2172 charum

1068 2198 1137 2231 deri
1161 2196 1310 2232 fabulam
1336 2208 1407 2243 quae
1434 2196 1559 2243 Iosephus
1584 2204 1750 2227 memorat
1778 2191 1820 2226 de
1839 2181 1887 2210 dm
1895 2187 1966 2251 [0Ῐῖ-

1068 2244 1195 2280 duabus
1207 2246 1371 2280 columnis
1386 2241 1508 2291 Lapidei
1522 2248 1555 2278 δε
1567 2242 1710 2279 Larentia
1723 2266 1732 2279 ‚
1744 2243 1820 2288 qui-
1840 2226 1933 2300 J'szf‘
1949 2237 1978 2254 '⁴‘

1069 2293 1128 2328 bus
1141 2294 1333 2329 Patriarchae
1346 2306 1417 2340 quae
1430 2293 1566 2340 posteris
1578 2290 1752 2326 transmitti
1765 2303 1821 2324 vo—

1066 2342 1197 2378 luerunt
1211 2371 1218 2384 ,
1236 2343 1422 2390 inscripsere
1447 2358 1455 2378 ε
1484 2342 1611 2390 lapides
1623 2339 1820 2374 adhibentes

1066 2404 1182 2427 contra
1200 2395 1266 2427 vim
1282 2405 1442 2439 aquarum
1456 2416 1465 2432 ,
1491 2392 1611 2440 quibus
1625 2401 1745 2424 terram
1762 2389 1822 2425 ali-

1065 2442 1205 2489 quando
1220 2442 1380 2476 obrutum
1394 2443 1431 2475 iri
1442 2441 1621 2476 audiebant
1632 2466 1640 2479 ‚
1658 2440 1821 2473 &lateres

1066 2490 1215 2525 adversus
1227 2491 1436 2525 flammarum
1449 2494 1703 2538 impetum,quo
1715 2488 1816 2519 etiam

1064 2540 1244 2587 aliquando
1272 2542 1452 2588 perituram
1482 2550 1599 2573 terram
1627 2547 1817 2582 praemone‘

1066 2589 1186 2624 bantur
1212 2602 1220 2622 :
1249 2590 1372 2623 nullam
1392 2587 1662 2621 enimliteraruin
1675 2586 1726 2619 vel
1737 2584 1818 2619 scri-

1064 2639 1216 2686 ptionern
1231 2640 1282 2672 vel
1301 2637 1521 2683 sculptionem
1535 2637 1675 2683 legimus
1692 2659 1701 2674 ,
1726 2644 1818 2668 ante-

1062 2699 1162 2733 quam
1174 2686 1296 2733 digitus
1310 2688 1373 2720 Dei
1384 2687 1488 2731 legem
1501 2686 1589 2720 suam
1599 2685 1631 2718 in
1640 2682 1757 2718 tabulis
1770 2682 1815 2716 la-

1061 2736 1167 2782 pideis
1180 2734 1345 2771 exarsisset:
1365 2734 1477 2770 saltem
1490 2748 1560 2770 non
1573 2745 1648 2769 ante
1659 2743 1811 2779 tempora

1060 2784 1178 2821 Molis.

1104 2832 1311 2874 Secundum,
1325 2838 1395 2881 q'uae
1407 2832 1527 2881 scripsit
1538 2833 1676 2866 Manetho
1691 2828 1730 2862 de
1739 2830 1808 2873 Dy-
1830 2826 1939 2874 Vanitaf

1058 2884 1230 2918 nastiarum
1244 2885 1510 2931 AEgyptiacarum
1522 2882 1717 2926 antiquitate
1727 2902 1736 2918 ‚
1748 2891 1806 2912 ve-
1825 2867 1960 2943 ἶῖἕῆζίἕσ·

1056 2932 1175 2969 ῐὶΠῐῐηὲ
1190 2930 1267 2965 fieta
1280 2937 1312 2967 ὃ(
1325 2930 1403 2967 falsa
1415 2931 1475 2966 else
1488 2940 1621 2979 oportet
1640 2943 1647 2963 :
1674 2938 1804 2975 praeter-
1820 2920 1966 2986 §afim-3:

1055 2995 1155 3031 quarn
1167 2983 1256 3016 enim
1275 2980 1368 3028 quod
1388 2994 1497 3015 earum
1510 2979 1738 3025 Dynastiaruffl
1751 2989 1805 3010 ca·
1825 2991 1964 3024 nastiisan-

1055 3043 1114 3080 put
1132 3033 1333 3066 creationem
1353 3029 1454 3077 ipsam
1468 3029 1585 3063 mundi
1603 3026 1699 3074 longe
1712 3037 1803 3060 ante·
1825 3037 1847 3056 te
1864 3031 1943 3057 Dilu-

1053 3092 1177 3117 vertat,
1195 3079 1320 3113 nullum
1339 3090 1414 3113 ante
1435 3079 1606 3112 Diluvium
1625 3077 1802 3123 Imperium
1824 3072 1954 3100 mmm„

1052 3131 1416 3181 legiiuus‚praeterqt1ain
1430 3140 1603 3179 paternum
1617 3138 1672 3161 aut
1685 3124 1806 3180 herile:

1824 3119 1879 3138 ante
1888 3114 1961 3139 Crea-
1978 3131 1979 3134 η

1789 3169 1799 3181 x
1824 3158 1922 3181 tionem.

1737 3184 1745 3205 1
1751 3184 1780 3205 m
1786 3185 1806 3205 o
