2048 3343
507 78 579 107 ετ
634 70 1231 111 CHRONOLOGICI

1293 74 1476 116 Liui.

1697 89 1773 120 291

212 137 282 174 duo
293 150 383 173 erant
395 139 534 188 legitimi
548 143 738 189 Hiempsal&
754 143 904 178 Adherbal.
917 149 970 176 1u-
992 151 996 179 ,¹
1014 143 1315 190 patrocinioMarius
1323 144 1454 192 ejusque
1466 146 1773 193 majoresvixerant:

206 191 316 236 gurtha
327 186 476 223 coanimi
494 195 528 225 δε
550 191 753 226 soititudinis
774 189 871 226 evasit
892 215 902 230 ‚
931 201 967 223 ut

211 237 331 284 Micipfie
344 237 384 271 ab
399 252 440 272 eo
455 241 586 274 timeret
597 238 659 274 suis
670 240 781 273 liberis
808 253 816 272 :
842 250 919 285 ergo
932 249 965 271 ut

211 286 252 320 de
263 291 312 321 via*
324 290 498 322 tolleretur
507 301 583 322 cum
597 288 682 321 misit
694 300 769 321 cum
782 289 885 334 copiis
897 288 966 321 Nu—

212 338 372 370 mantiam
383 338 420 370 ad
438 340 593 384 Scipionem
608 350 615 369 ε
634 335 697 370 Ηίε
715 348 782 370 tam
795 336 923 384 egregie
937 334 965 370 se

213 384 304 432 gessit
316 388 465 432 iugurtha,
476 397 510 419 ut
523 385 607 420 bello
620 384 639 419 fi
648 389 731 425 niro,
743 386 895 421 laudibus
907 398 961 419 cu·

212 435 374 468 mulatuin
394 435 510 483 Micipsa
534 438 623 482 Scipio
650 434 820 470 remiserit.
852 435 967 481 Micipsa

213 494 346 517 mutato
374 495 453 517 tunc
488 483 628 518 consilio
656 485 766 519 statuit
794 484 967 519 beneficiis

208 536 346 580 Iugurtha
358 535 520 574 animuin,
533 533 590 567 sibi
604 532 729 580 suisque
739 535 846 568 liberis
857 536 965 568 devin-

209 585 275 616 cire
287 596 296 622 ς
309 595 417 629 eoque
431 582 498 618 fine
511 586 660 617 cuminis
671 583 743 617 filiis
757 583 963 618 cohaeredcm

209 631 322 680 Regni
349 632 569 667 moribundus
595 634 783 669 constituit.
826 634 964 684 Iugurtha

210 683 323 730 Regni
335 682 428 716 tertifi
438 695 503 715 non
516 694 708 723 contentus,
718 684 757 716 ad
770 693 877 716 totum
891 683 964 729 qui.

208 731 315 765 buivis
335 731 460 765 artibus
479 730 649 777 aspirabat.
692 732 884 779 Hiempsalem
901 734 963 764 im-

208 778 311 814 mislis
338 779 577 829 perculsoribus
611 784 644 814 in
674 782 764 815 leeto
791 779 964 820 confodit,

206 824 341 876 ejusque
352 841 477 878 partem
488 833 593 878 Regni
608 832 804 877 occupavit:
820 830 964 865 Adherba-

211 882 269 915 iem
281 891 419 926 quoque
433 880 584 921 adortus,
602 892 677 914 eum
696 880 809 926 adegit
826 880 869 914 ad
888 881 964 913 Ro-

209 941 328 963 manos
340 929 519 974 confugere
538 943 546 963 :
569 928 962 977 miffisillilegatisinspc-

209 991 284 1011 xete
298 978 463 1012 Numidiae
475 991 524 1013 rcs
537 1003 545 1019 ,
566 980 701 1025 Iugurtha
712 980 858 1024 Opimium
868 979 964 1012 Con-

208 1026 311 1061 sul-<m
333 1032 367 1063 ὃ(
388 1034 529 1063 Scaurum
551 1026 689 1070 Senarus
705 1028 889 1075 principem
904 1039 964 1061 αε-

211 1076 362 1124 torosque
374 1089 491 1111 omnes
508 1078 636 1124 legatos
650 1077 747 1110 donis
759 1076 820 1111 suis
834 1088 963 1122 perver-

210 1128 250 1160 tit
261 1151 268 1163 ‚
279 1129 321 1160 ira
334 1138 368 1159 ut
382 1127 538 1174 Regnum
551 1128 634 1159 inter
644 1138 721 1159 euin
731 1130 764 1160 ὃς
780 1126 962 1160 Adherbalem

209 1174 378 1209 diviserint
390 1198 399 1213 ,
419 1174 511 1209 nullo
525 1176 594 1208 viro
608 1173 848 1209 sceleratissimo
861 1183 965 1226 iugur—

207 1221 397 1258 thainflieto
417 1223 578 1272 supplicio
594 1238 603 1265 ;
629 1226 654 1258 is
672 1222 749 1259 vero
766 1225 964 1271 impunitate

207 1272 378 1313 audacior,
409 1276 593 1309 Adherbalem
628 1286 704 1308 mox
736 1285 810 1308 toto
843 1276 965 1322 Regno

209 1324 326 1367 ejecit,
348 1320 580 1371 obse-[sumque
591 1325 624 1357 in
637 1325 723 1371 regia
732 1324 814 1358 urbe
829 1348 840 1365 ‚
862 1328 896 1358 δέ
910 1336 963 1358 ca-

208 1383 305 1420 ptum
320 1384 461 1408 necaVit.

255 1423 342 1455 Tam
356 1421 444 1457 foeda
456 1434 525 1457 tum
539 1424 774 1457 Romanorum
787 1424 848 1459 fuit
859 1424 966 1457 avari-

207 1471 269 1508 tia,
288 1483 324 1504 ut
346 1485 541 1519 magnatum
558 1473 705 1519 plerique
724 1486 803 1507 auro
818 1475 966 1520 corrupti

206 1523 348 1567 Iugurtha
370 1520 520 1555 facinora
545 1522 765 1556 excusaverint
785 1548 794 1563 ‚
824 1526 863 1557 δί’
887 1522 967 1572 aegre

209 1570 442 1604 Tribunorum
464 1570 569 1617 plebis
593 1572 824 1618 importunitas
851 1584 968 1607 contra

208 1619 380 1656 scelestum
398 1619 414 1654 ὰ
433 1623 547 1654 Senatu
568 1620 689 1656 bellum
715 1621 843 1656 decerni
861 1623 965 1669 impe-

207 1671 340 1705 traverit
359 1684 367 1704 ε
390 1680 455 1703 tam
472 1669 563 1704 vafro
574 1682 686 1705 autem
700 1671 906 1706 &industrio
921 1679 967 1705 lu-

204 1718 316 1768 gurtha
327 1720 464 1767 ingenio
477 1718 537 1753 fuit
549 1744 558 1756 ,
574 1733 610 1754 ur
624 1720 785 1754 Consules
796 1732 872 1754 cum
881 1733 970 1756 exer-

211 1773 278 1803 citu
289 1769 419 1816 aliquot
431 1781 537 1803 annos
553 1769 682 1804 cluserit
692 1795 701 1811 ‚
723 1770 849 1816 aliquos
859 1769 969 1818 praelio

211 1816 357 1867 fregerit,
368 1818 476 1865 plures
489 1831 567 1853 auro
578 1821 770 1867 corruperit,
785 1820 893 1854 donec
911 1828 969 1855 Ca·

58 1870 176 1898 Metellus
217 1871 296 1904 cilzus
309 1870 449 1903 Metellus
465 1871 596 1903 venitin
612 1869 828 1910 Numidiam,-
857 1881 974 1904 contra

57 1913 147 1949 Iugur-

56 1952 127 1979 eham

52 1993 160 2031 frangit.

215 1918 309 1962 hujus
322 1920 559 1965 integritatem,
569 1918 813 1956 fortitudinem,
829 1923 861 1954 &
873 1920 974 1954 indu—

216 1967 325 2001 striam
349 1968 431 2001 nihil
448 1967 618 2002 valuerunt
638 1981 757 2002 omnes
776 1971 916 2018 iugurtha
927 1982 975 2002 at-

216 2030 276 2052 tes.
304 2016 473 2064 Pietasque
493 2017 545 2050 hic
569 2018 737 2053 Numidiae
758 2018 856 2052 urbes
875 2031 975 2066 expu-

215 2068 348 2114 gnavit,
368 2069 538 2114 Iugurtham
556 2069 634 2115 saepe
643 2065 750 2107 fudit,
772 2068 976 2117 fugavitque,

217 2128 325 2162 neque
343 2119 523 2162 quicquam
550 2119 654 2164 ipsum
683 2116 699 2151 a
729 2115 817 2151 bello
829 2116 976 2153 finiendo

216 2177 419 2200 remoratum
435 2165 492 2206 est,
508 2165 564 2200 nisi
577 2166 675 2214 legati
685 2166 729 2200 sui
743 2168 814 2210 Caji'
826 2170 915 2202 Marii
926 2170 975 2203 in-⁴

217 2215 306 2249 vidia
319 2220 351 2249 ὃς
367 2214 518 2249 ambitio.

266 2267 460 2298 Gracchorum
488 2263 624 2296 fratrum
657 2262 823 2300 seditiosus
849 2266 975 2312 spiritus

217 2311 450 2357 cumipsisnon
463 2312 507 2345 est
524 2315 684 2346 extimetus
701 2339 711 2353 ‚
738 2314 865 2347 urbana
883 2314 974 2361 plebs

218 2361 298 2394 licet
319 2361 456 2393 istorum
474 2361 561 2394 caede
581 2360 773 2406 aliquandiu
799 2364 975 2396 conterrita

219 2411 400 2456 quieverit,
421 2421 496 2443 mox
515 2421 624 2443 tamen
640 2409 840 2457 recolligens
859 2435 868 2448 ‚
893 2424 928 2446 ut
941 2425 977 2447 cx

221 2461 416 2493 Gracchorum
428 2459 591 2492 cineribus
605 2471 726 2493 novam
745 2460 909 2494 flammam
924 2474 977 2495 ex-

219 2511 335 2542 citaret
349 2533 358 2548 ,
379 2508 546 2554 utriusque
558 2508 676 2542 statuas
688 2511 719 2542 in
731 2508 843 2544 iisdem
856 2509 978 2555 quibus

222 2556 290 2592 caesi
303 2559 373 2590 sunt
386 2560 466 2592 locis
478 2558 577 2591 erexit
590 2583 599 2598 ‚
619 2557 722 2604 iisque
739 2570 774 2592 ut
793 2561 888 2592 novis
906 2561 978 2594 Diis

221 2605 415 2641 sacrificia&
431 2607 524 2640 thura
537 2607 661 2641 obtulit
677 2626 686 2647 ,-
704 2607 883 2653 hacaperta
895 2609 977 2644 insa-

220 2658 270 2691 nifi
280 2654 488 2689 inflammans
501 2655 641 2690 seditiofi
655 2657 809 2703 cujusque
820 2661 981 2703 animum,

220 2718 259 2740 ut
277 2705 432 2739 audaeter
453 2707 486 2737 in
506 2705 772 2754 populigratiam
784 2718 904 2741 contra
917 2710 975 2742 Se-

222 2767 335 2789 natum
364 2754 544 2802 insuigeret
569 2779 576 2794 ‚
616 2763 706 2799 CaJus
732 2759 846 2789 Marius
871 2757 977 2790 homo

222 2807 364 2839 omnino
392 2817 500 2837 novus
516 2808 549 2838 δεῖ
562 2802 718 2837 obscurus
737 2831 745 2843 ‚
773 2802 976 2838 tribunatum

221 2855 336 2886 metus
356 2855 461 2887 statim
482 2856 589 2900 legem
611 2854 684 2887 tulit
702 2852 882 2898 dejudicii's
895 2854 910 2887 a
923 2856 978 2888 Se·

221 2912 302 2935 natu
312 2901 351 2934 ad
363 2903 474 2949 populi
489 2902 636 2951 suffragia
647 2902 889 2942 transferendis,
899 2903 974 2938 cum

221 2950 297 2985 huic
312 2951 371 2997 ltgi
389 2954 545 2985 Senatus-
557 2951 745 2986 consultum
763 2965 975 3000 opponerent

223 2997 387 3033 Consules
406 3026 413 3037 ,
439 3002 531 3044 (ujus
557 3005 669 3037 Marius
699 3004 823 3036 curiam
849 3003 975 3036 intrans

221 3050 315 3096 petiit
328 3048 343 3082 Ξι
357 3048 502 3100 Consule
516 3048 616 3087 Cotti,
628 3050 751 3086 utillud
763 3050 972 3086 senatuscon-

219 3099 339 3132 sultum
355 3099 598 3132 rescinderetur.
625 3101 775 3146 Rogavit
798 3109 885 3136 Cotta
904 3101 973 3135 sen-

219 3150 356 3184 tentiam
370 3146 504 3196 collegat
517 3151 623 3184 Metelli
631 3152 804 3192 Dalmatici,
813 3150 869 3186 sub
883 3155 973 3197 cujus
1015 3148 1176 3187 divisione
1187 3163 1341 3186 actorum
1369 3152 1401 3184 in
1417 3152 1522 3189 Gallia
1533 3177 1542 3194 ,
1566 3165 1649 3201 quos
1660 3160 1774 3188 Marius

1014 204 1090 225 cum
1110 204 1249 240 uterquc
1271 192 1401 228 Consul
1414 208 1473 241 pro
1487 195 1768 232 senatusconsulto

1013 240 1126 278 staret,
1144 245 1258 277 Marius
1267 242 1465 277 advocatum
1479 247 1511 278 in
1526 247 1660 280 Curiam
1673 247 1769 280 iicto-

1011 300 1079 322 rem
1089 290 1316 337 J'uffitutrique
1332 291 1471 327 consuli
1482 296 1612 329 vincula
1624 297 1773 336 induere,

1010 339 1203 385 vinetosque
1213 341 1366 376 inducere
1376 342 1407 374 in
1419 353 1665 390 carcercm‚qu0
1675 342 1767 379 facto

1009 388 1117 434 legem
1144 387 1233 421 suam
1256 391 1387 424 nemine
1407 393 1493 425 ultra
1513 395 1768 429 contradicente

1010 439 1247 483 promulgavit.
1278 439 1418 486 Aliquot
1430 439 1504 487 post
1516 453 1618 475 annos
1629 442 1688 476 sub
1701 452 1768 478 Me-

1010 489 1073 520 tello
1094 488 1126 520 in
1149 487 1310 521 Numidia
1336 489 1481 523 militans
1507 497 1619 524 Marius
1639 489 1763 527 fortem

1010 534 1082 569 satis
1095 536 1335 572 &industrium
1351 535 1381 571 se
1395 539 1542 582 ptaessitir
1559 565 1567 579 ,
1585 539 1639 574 sed
1660 552 1733 574 cum
1749 542 1767 575 οἱ

1010 588 1123 620 Metello
1132 585 1256 620 dimitti
1267 588 1413 621 Romam
1426 587 1662 635 postula1·et.ut
1673 592 1770 624 Cou-

1010 632 1126 667 sulatus
1146 635 1516 684 candidatusappareret
1535 665 1542 677 ,
1570 642 1604 672 δε
1624 650 1693 672 non
1711 638 1768 672 nist

1009 682 1090 730 :egre
1102 683 1221 718 aclero
1240 684 1425 720 miffionem
1438 687 1636 733 impetrasset
1650 713 1660 726 ,
1678 701 1767 723 exer-

1009 734 1112 766 citum
1139 745 1302 780 quantum
1336 737 1446 782 potuit
1478 749 1591 771 contra
1616 741 1766 774 MeteHum

1010 785 1202 816 commovit
1223 808 1232 823 ,
1257 785 1423 831 variasque
1435 785 1614 820 calumnias
1631 785 1766 821 &multis

1011 831 1152 865 Romam
1165 833 1318 876 perscribi
1331 837 1476 870 curavit:
1505 835 1594 882 quali
1609 837 1768 871 Metellusa

1010 875 1151 926 Iugurtha}
1162 878 1243 914 ficur
1260 884 1314 916 alii
1334 895 1504 930 corruptus
1515 884 1638 919 bellum
1651 897 1768 933 prote-

1009 927 1102 964 laret.
1127 928 1240 964 Marius
1249 943 1283 964 ut
1296 932 1448 966 Romam
1460 936 1546 967 venit
1558 946 1624 968 non
1637 933 1769 969 tantum

1012 977 1235 1013 Consulatum
1255 980 1459 1027 adipiscitur,
1479 993 1591 1016 verum
1612 986 1711 1018 etiam
1724 984 1768 1018 ad

1008 1029 1184 1062 exercitum
1198 1031 1229 1062 in
1241 1029 1439 1065 Numidiam
1453 1030 1561 1064 statim
1574 1033 1769 1072 mittitur,ut

1010 1075 1086 1112 belli
1097 1077 1115 1111 εἰ
1125 1076 1376 1121 Metellotantum
1391 1092 1458 1114 non
1467 1078 1613 1115 confeeri
1624 1081 1769 1129 gloriam

1009 1138 1139 1169 caperet
1156 1141 1164 1161 τ
1188 1128 1317 1163 Metellus
1328 1131 1505 1164 exercitum
1518 1132 1633 1163 animo
1646 1131 1767 1164 nolen-

1009 1173 1132 1210 tiffimo
1151 1176 1272 1211 dimisit
1285 1206 1293 1217 ‚
1311 1177 1515 1226 triumphuni
1529 1190 1639 1214 tamen
1652 1183 1687 1214 δε
1701 1187 1769 1214 Nu-

1009 1227 1106 1260 midici
1125 1227 1257 1261 titulum
1277 1228 1294 1261 εἰ
1316 1228 1448 1277 populo
1471 1240 1505 1263 ut
1522 1229 1602 1265 libet
1622 1229 1718 1264 stulto
1732 1233 1768 1264 &

1007 1277 1140 1323 ingrato
1152 1279 1265 1312 naetus
1275 1277 1330 1312 est.

1055 1329 1176 1360 Parvus
1196 1326 1293 1361 Mario
1313 1339 1387 1361 cum
1409 1330 1548 1375 Iugurtha
1572 1330 1639 1372 jam
1661 1326 1767 1362 fracto
1784 1323 1854 1359 sylis
1863 1324 1907 1351 1¹⁴²

1011 1425 1163 1460 cietatem
1184 1423 1276 1460 suum
1296 1438 1454 1474 generum
1474 1431 1614 1463 Bocchum
1638 1429 1766 1475 Regem

1014 1475 1224 1509 Mauritaniae
1241 1489 1250 1510 :
1277 1476 1319 1510 ad
1338 1476 1425 1511 hunc
1438 1478 1549 1512 Marius
1563 1473 1649 1510 mifit
1664 1479 1772 1522 Syllam

1013 1526 1174 1572 legatum,
1185 1536 1220 1559 ut
1231 1536 1308 1559 eum
1320 1525 1359 1559 ad
1370 1526 1487 1574 populi
1499 1527 1644 1560 Romani
1656 1527 1772 1559 amici-

1014 1576 1088 1609 tiam
1102 1573 1269 1621 pelliceret
1283 1598 1292 1612 ,
1309 1578 1341 1609 δε
1352 1600 1363 1616 ,
1382 1574 1404 1608 si
1420 1573 1524 1622 posset
1535 1578 1708 1625 Iugurtham
1722 1573 1774 1608 so—

1014 1636 1125 1658 cerum
1147 1623 1275 1658 tradere
1295 1624 1516 1671 persuaderet.
1557 1628 1644 1659 Tam
1665 1623 1777 1658 dextre

1014 1675 1088 1718 Sylla
1101 1673 1233 1708 volatile
1251 1675 1352 1709 Bocchi
1368 1674 1540 1722 ingenium
1552 1675 1776 1722 pertractavit,

1015 1735 1050 1757 ut
1076 1725 1190 1758 omnia
1219 1723 1261 1757 ab
1298 1735 1338 1758 eo
1366 1724 1500 1758 tandem
1525 1725 1772 1772 impetraverit,

1014 1772 1113 1806 etiam
1136 1775 1306 1820 Iugurtham
1325 1774 1358 1806 in
1377 1772 1535 1811 vinculis,
1552 1786 1674 1821 magno
1687 1774 1777 1808 Marii

1016 1835 1091 1856 cum
1103 1821 1244 1869 dolore:
1261 1823 1306 1856 ita
1324 1824 1410 1856 enirn
1422 1821 1501 1857 belli
1513 1823 1661 1859 confesti
1671 1821 1776 1871 gloria

1017 1873 1049 1906 in
1070 1874 1176 1915 Syllam
1194 1871 1349 1905 transsata
1371 1871 1425 1906 est.
1463 1872 1649 1918 Utcunque
1662 1873 1776 1907 Marius

1018 1922 1106 1955 duxit
1118 1924 1288 1972 Iugurtham
1301 1924 1334 1954 in
1346 1920 1517 1967 triumpho
1529 1947 1538 1960 ,
1554 1925 1588 1956 ὃς
1603 1924 1635 1954 in
1648 1932 1778 1955 carcere

1021 1972 1143 2005 Romae
1161 1969 1354 2005 confectum
1375 1973 1427 2006 vel
1449 1969 1558 2006 inedia
1578 1970 1629 2005 vel
1655 1972 1777 2016 laqueo

1021 2022 1162 2055 necavit.

1066 2071 1163 2104 Tunc
1176 2068 1338 2115 temporis
1349 2079 1489 2103 centena
1505 2069 1631 2116 aliquot
1642 2068 1774 2103 Cimbro-

1018 2131 1082 2154 rum
1113 2124 1147 2154 &
1174 2127 1332 2153 Teutonum
1358 2117 1610 2154 fortiffimomm
1629 2120 1774 2152 virorum

1021 2169 1120 2203 millia
1139 2167 1320 2203 tendebant
1333 2170 1366 2200 iri
1380 2167 1503 2201 ltaliam
1514 2193 1524 2209 ‚
1539 2167 1777 2202 utiiRomanis

1020 2229 1118 2264 agros
1129 2228 1377 2262 extorquerent.
1414 2219 1571 2265 Scipionem
1592 2212 1775 2251 Consulem

1019 2268 1052 2300 in
1070 2267 1181 2301 Gallia
1194 2265 1408 2314 Transalpina
1427 2265 1457 2301 se
1474 2266 1689 2311 objicientem
1701 2277 1778 2298 cum

1021 2316 1195 2362 o&oginta
1212 2317 1446 2350 Romanorum
1471 2315 1618 2349 millibus
1630 2316 1782 2347 interne-

1021 2366 1115 2397 cione
1127 2364 1317 2398 deleverunt
1327 2388 1335 2400 ,
1347 2363 1496 2409 aliosque
1507 2365 1605 2396 etiam
1618 2364 1781 2396 exercitus

1021 2411 1187 2447 fuderunt.
1223 2414 1356 2447 Contra
1374 2413 1435 2447 hos
1458 2414 1552 2446 unica
1573 2412 1641 2458 spes
1663 2412 1779 2458 populi

1021 2459 1134 2496 Marius
1142 2463 1201 2497 fuit
1215 2476 1222 2495 :
1235 2467 1264 2495 &
1278 2463 1303 2495 is
1314 2462 1450 2508 quidem
1461 2473 1526 2495 tam
1543 2460 1698 2494 industrie
1708 2458 1778 2494 for-

1022 2512 1163 2556 titerque
1181 2511 1304 2544 bellum
1330 2510 1422 2557 gessit
1446 2535 1456 2550 ‚
1479 2520 1515 2543 ut
1532 2508 1624 2556 supra
1635 2509 1780 2543 ducenta

1021 2566 1177 2594 Teutonum
1208 2560 1308 2592 millia
1339 2572 1442 2606 prope
1480 2559 1658 2592 Marsiliam
1685 2571 1781 2594 neca-

1023 2611 1104 2644 verit
1119 2634 1127 2646 ,
1149 2610 1331 2643 Cimbrorum
1350 2610 1450 2642 etiarn
1472 2607 1515 2642 ad
1536 2608 1662 2641 Padum
1684 2607 1779 2655 supra

1021 2670 1155 2692 centum
1170 2659 1270 2692 millia
1286 2682 1294 2694 ‚
1305 2657 1429 2704 reliqua
1441 2657 1661 2691 barbarorum
1673 2658 1780 2691 collu-

1022 2709 1072 2742 vie
1085 2706 1244 2741 omnisub
1257 2706 1343 2740 hasta
1357 2707 1539 2741 vendita.ln
1552 2707 1645 2750 hujus
1657 2705 1780 2742 laboris

1021 2759 1190 2803 praemium
1219 2756 1235 2791 ὲ
1263 2758 1388 2803 populo
1415 2755 1640 2791 volentiffimo
1668 2760 1779 2792 Marius

1020 2817 1103 2850 quot
1123 2806 1218 2839 libuit
1243 2805 1438 2841 Consulatus
1454 2806 1642 2852 impetravit
1660 2832 1669 2844 ,
1698 2805 1777 2841 cum

1020 2866 1129 2888 tamen
1143 2854 1250 2888 nullus
1274 2855 1316 2889 ab
1345 2855 1436 2890 hoste
1454 2866 1563 2888 metus
1589 2867 1773 2902 premeret,

1018 2902 1141 2938 sextum
1165 2904 1385 2939 Consulatum
1419 2902 1625 2952 cupidiffime
1651 2907 1777 2952 appeti-

1019 2964 1088 2987 tum
1111 2978 1120 2992 ‚
1149 2957 1182 2987 δε
1202 2953 1382 3002 largitione
1402 2965 1709 3000 magnamercatuni
1725 2957 1775 2991 vix

1019 3005 1127 3049 potuit
1142 3003 1309 3036 obtinere.

1067 3054 1100 3084 ln
1128 3050 1193 3085 hoc
1215 3051 1402 3087 Consulatu
1423 3056 1571 3088 Metellum
1595 3053 1773 3102 oppressit:

1020 3103 1189 3135 Saturninus
1210 3099 1381 3135 Tribunus
1399 3102 1502 3147 plebis
1516 3105 1623 3151 legem
1644 3106 1717 3138 tulit
1731 3104 1772 3138 de

1207 3178 1227 3200 0

1359 3202 1426 3236 Oo
1453 3213 1470 3235 2
1710 3200 1774 3236 suis

1010 1374 1107 1409 labor
1127 1386 1215 1414 erat,
1235 1387 1410 1412 attraxerat
1420 1379 1603 1425 Iugurthain
1618 1378 1698 1413 belli
1710 1376 1763 1410 so-
1778 1363 1897 1433 {Zttclzaz

1786 1444 1875 1475 tradit.

1795 2072 1898 2100 Marius

1796 2111 1900 2141 Cimbros

1792 2155 1916 2192 profligat.

1793 3049 1879 3077 Marii

1787 3088 1878 3125 fraude

1791 3132 1909 3159 flsetellue

1791 3171 1884 3201 exulat.
