2048 3343
4 374 6 379 .
38 349 113 387 {Alia
121 357 164 378 u·

4 399 5 402 ’
33 393 141 435 'rivius

4 444 5 469 j
33 435 147 464 hemia,

32 476 139 506 aliaeZe-

4 538 5 543 ,
34 517 114 549 dekiae.

446 83 517 115 ετ
576 71 1249 118 Crtrtouotociex

311 199 620 242 QJAEsrro
661 198 806 228 xxxu.

224 273 286 312 fAn
289 273 387 324 plures
395 274 511 324 suerint
521 270 705 321 captivitates
714 266 885 314 Babylonica
896 270 912 301 ?

196 356 397 440 QUaestio
412 367 479 402 μ.Ἰ
493 351 562 394 Qui
572 350 723 400 congruit
743 348 848 384 versus
860 347 945 382 duo-

274 406 419 441 decimus
431 414 484 448 52.
497 401 655 449 Jeremiae,
666 400 726 435 ubi
737 411 825 433 anno
835 396 946 435 Nebu-

190 454 378 492 chadnezaris
405 453 537 487 decimo
559 464 652 486 nono
674 451 837 485 dirimitur
863 448 946 482 Hie-

188 506 354 551 rosolyma
363 515 437 538 cum
451 499 595 547 ejusdem
607 502 665 535 28.
682 500 739 534 ubi
750 511 839 533 anno
849 496 944 544 septi-

184 567 244 591 mo
255 550 536 589 Nebuchadnezms
547 550 686 598 populus
700 549 829 584 ducitur
841 548 946 592 Baby-

190 603 320 643 lonem,
331 607 362 637 &
372 602 525 638 vicesimo
540 612 646 639 nono,
658 598 715 633 ubi
727 594 946 632 Nebuchadne-

190 653 268 691 zaris
289 651 543 687 decimooetavo
554 647 701 690 Zedekim
712 659 787 682 curn
805 647 874 680 aliis
894 656 947 677 ca-

188 700 450 752 ptivisdicuntur
466 697 716 747 transmigrare?
741 694 836 742 Resp·
862 696 948 728 Ver-

188 750 261 787 sum
285 751 326 786 28
352 764 420 786 non
439 749 531 796 loqui
559 747 598 781 de
617 746 803 794 captivitate
821 742 950 784 Zedekiae

190 800 242 836 sed
267 801 384 836 Ieconiae
393 826 402 840 ‚
426 810 498 848 quae
520 794 809 832 Nebuchadnezariae
830 794 949 828 oetavo

191 849 372 886 inchoante
394 852 426 883 &
453 848 593 894 septimo
610 845 771 881 desinente
789 866 799 879 ,
825 841 949 881 loakimi

192 899 318 937 scilicet
329 897 508 934 undecimo
519 895 633 930 accidit
645 892 768 929 :versus
779 890 858 928 vero
869 890 949 924 duo-

194 949 345 985 decimus
365 951 397 982 &
418 944 587 981 vicefimus
604 954 710 978 nonus
721 942 902 988 loquuntur
912 937 952 972 de

195 997 508 1044 Hierosolymorum
534 993 662 1029 excidio
693 994 726 1023 &
761 988 951 1034 captivitate

194 1046 422 1095 Zedeleiae‚quae
432 1055 518 1079 anno
529 1036 811 1075 Nebuchadnezm's
819 1037 951 1071 decimo

193 1099 316 1133 octavo
328 1094 424 1130 finito
442 1095 476 1126 &
487 1090 617 1124 decimo
628 1099 720 1123 nono
731 1086 852 1121 fluente
864 1109 874 1125 ‚
893 1097 951 1119 an-

196 1160 244 1182 no
268 1143 395 1180 scilicet
420 1135 556 1180 zedekiae
588 1137 763 1174 undecimo
798 1144 950 1171 currente

196 1195 416 1241 contigerunt.

241 1243 275 1278 Si
287 1241 428 1286 objicias
439 1251 508 1274 non
518 1239 612 1287 loqui
622 1235 799 1285 Jeremiam
810 1232 889 1271 vers.
897 1234 950 1268 28.

191 1291 232 1328 de
241 1292 428 1338 captivitate
436 1286 575 1329 Zedekiae‚
586 1287 627 1323 eo
637 1286 729 1335 quod
739 1297 812 1321 tum
821 1291 952 1331 tempo-

191 1343 236 1377 ris
248 1340 450 1387 Babylonem
461 1338 600 1373 abducta
617 1336 690 1372 sunt
701 1337 817 1371 decem
828 1332 931 1369 millia
941 1358 952 1374 ‚

190 1401 231 1427 ut
242 1389 376 1425 habetur
395 1402 415 1423 2
428 1389 511 1436 Reg.
526 1399 582 1433 29.
593 1401 625 1423 v.
639 1399 695 1433 14.
718 1387 784 1420 Hic
793 1382 871 1420 vero
881 1394 953 1418 tan-

193 1450 266 1476 tum
278 1441 339 1475 tria
358 1439 460 1474 millia
475 1439 703 1472 nominentur.
730 1433 827 1481 Resp.
853 1433 954 1467 Fran-

194 1500 317 1538 guntur
335 1491 369 1524 in
381 1488 472 1524 dieto
482 1488 562 1521 loco
572 1488 703 1535 Regum
715 1485 819 1520 millia
830 1483 884 1517 illa
895 1481 955 1516 de-

195 1551 269 1574 cem
288 1540 322 1572 in
339 1537 461 1584 septem
474 1540 506 1571 &
516 1537 578 1571 tria
589 1561 599 1576 ,
618 1547 762 1585 quorum
772 1535 827 1568 illa
840 1531 953 1567 viden-

197 1600 251 1623 tur
262 1588 436 1633 complecti
456 1584 546 1620 solos
566 1585 886 1631 Hierosolymitanos
903 1591 957 1616 aut

199 1637 323 1674 milites
340 1648 379 1670 ex
396 1634 483 1672 tribu
500 1634 597 1670 ludae:
622 1634 690 1671 haec
708 1632 786 1669 vero
796 1632 957 1680 reliquum

201 1685 320 1723 Ieconiae
331 1686 506 1720 exercitum
528 1697 567 1718 ex
590 1685 710 1719 caeteris
732 1682 902 1718 tribubus:
923 1682 958 1715 in

203 1737 271 1772 istis
284 1734 408 1782 septem
435 1732 581 1768 millibus
601 1735 791 1768 continetur
809 1729 900 1765 mille
919 1730 958 1764 il-

203 1786 262 1822 lud
273 1783 433 1821 artificum
441 1783 615 1818 dhstoloco
630 1784 775 1831 Regum.

331 1881 404 1921 Qu
427 1883 464 1910 AE
486 1882 502 1909 s
525 1882 552 1909 T
574 1882 586 1910 1
608 1881 635 1908 o
679 1880 843 1909 xxxur.

228 1950 415 2001 ‚Quisafssum
423 1964 456 1988 ut
464 1953 560 1996 excisis
574 1952 774 1999 Herofhlymis
785 1964 844 1987 tam
851 1951 936 2002 pauci

325 2001 500 2050 Babylonem
519 2001 633 2037 abduc‘hv
644 2005 723 2045 sint,
735 2003 779 2051 ft.
790 2002 844 2037 vix

477 2063 580 2102 quater
590 2051 666 2087 mille
678 2056 693 2085 ἓ

279 2131 428 2167 Uaeritur
442 2156 452 2169 ,
479 2127 551 2175 Qui
569 2140 634 2163 tam
662 2129 757 2175 pauci
776 2127 963 2177 Judaeorum

290 2178 529 2228 Babylonicum
539 2178 759 2225 captivitatem
772 2178 962 2213 subiverint‚

203 2241 281 2265 eum
298 2231 388 2264 enim
401 2230 549 2276 jeremiae
566 2227 686 2261 ultimo
699 2228 868 2276 capitatim
888 2238 964 2260 cen-

208 2278 317 2314 sentur
328 2281 386 2327 qui
408 2278 613 2324 Babylonem
626 2287 782 2312 venerunt
793 2303 802 2318 ‚
823 2277 875 2313 vel
888 2288 963 2311 cum

209 2328 323 2362 laonia
333 2338 444 2374 praeter
455 2325 578 2374 septem
590 2327 644 2363 illa
654 2327 758 2361 millia
769 2326 860 2372 supra
871 2326 966 2362 dieta,

210 2377 265 2411 vel
275 2388 349 2410 cum
368 2374 517 2418 Zedckid,
532 2377 583 2412 vel
596 2374 754 2411 inultima
765 2374 818 2409 illa
828 2375 966 2422 captivi-

209 2435 277 2459 tate
290 2436 345 2472 per
358 2423 622 2461 Nebuzaradanem
633 2422 807 2460 transmissa
817 2449 827 2465 ‚
851 2436 967 2458 omnes

210 2486 282 2510 non
297 2473 459 2509 excedunt
469 2483 579 2519 quater
590 2474 678 2507 mille
691 2472 857 2508 sexcentos
868 2498 878 2514 ‚
897 2470 968 2508 imo

211 2522 292 2560 vero
305 2534 457 2557 numerus
477 2521 530 2557 ille
550 2520 708 2557 rotundus
718 2520 763 2555 est
775 2534 843 2555 non
860 2521 969 2566 praeci-

213 2572 284 2612 suS,
298 2584 373 2607 nam
386 2569 407 2604 si
420 2570 559 2618 singulas
570 2569 713 2605 summas
722 2568 868 2604 accurate
880 2581 970 2603 com-

215 2632 328 2670 putes>
344 2620 479 2656 habebis
494 2631 624 2655 tantum
643 2620 857 2668 quatermille
870 2619 967 2666 quin-

214 2682 333 2720 gentos
348 2669 560 2717 septuaginta.
585 2669 680 2716 Resp.
704 2669 850 2703 Paucitas
870 2666 972 2714 capti-

216 2733 336 2756 vorum
354 2718 558 2763 Babylonem
578 2719 800 2753 traductorum
823 2731 861 2752 ex
879 2717 973 2751 variis

217 2769 318 2805 caufis
340 2767 478 2807 accidit,
497 2768 593 2802 multi
605 2780 643 2801 ex
660 2768 785 2813 populo
806 2767 971 2800 calamita-

220 2829 288 2853 tem
310 2818 522 2866 praevidentes
533 2840 542 2853 ‚
556 2828 631 2851 ante
642 2815 864 2862 tempestatem
878 2813 973 2861 fuge-

223 2879 300 2902 runt
320 2870 354 2902 in
370 2868 519 2916 regiones
538 2867 658 2902 vicinas
678 2865 949 2899 Ammonitarum
965 2887 976 2902 ,

224 2916 447 2952 Moabitarum
459 2941 466 2952 ‚
477 2917 693 2950 Idumaeorum
705 2940 713 2952 ,
731 2914 975 2962 AEgyptiorum‚

226 2968 261 2999 δε
274 2966 410 3000 aliorum
425 2989 433 3003 ,
451 2979 488 3000 ut
507 2966 612 3000 videre
631 2964 675 2999 cst
686 2965 801 3010 jerem.
812 2975 871 3008 40.
883 2966 915 2997 &
931 2961 974 2996 se-

226 3015 414 3060 quentibus.
437 3016 565 3050 Deinde
582 3011 790 3049 numerosum
803 3011 896 3047 illum
916 3025 978 3059 po-

227 3063 344 3110 pulum
355 3075 425 3098 ante
437 3076 528 3111 capta
538 3064 767 3110 Hierosolyma
775 3061 974 3097 horrendum

228 3113 264 3146 in
286 3111 421 3145 modum
450 3113 593 3148 vastavit.
638 3114 760 3147 Divina
781 3111 922 3147 vindicta
943 3113 976 3145 in

228 3161 355 3211 gladio,
364 3159 460 3208 peste,
471 3165 505 3196 ὃς
517 3161 615 3208 fame,
629 3174 664 3201 ut
673 3175 743 3201 non
754 3174 820 3200 tam
833 3161 978 3200 miranda

1312 77 1433 119 L113.
1462 77 1491 117 Ῐ.
1691 93 1739 126 91

987 150 1023 184 sit
1036 149 1241 195 reliquorum
1255 151 1459 196 captivorum
1470 150 1616 200 paucitas
1625 151 1745 202 ,quam

989 200 1192 233 redeuntium
1210 198 1380 245 Babylone
1397 201 1468 246 post
1487 204 1614 250 aliquot
1636 216 1744 238 annos

991 248 1193 288 multitudo,
1211 260 1249 283 ex
1270 249 1381 294 paucis
1400 249 1465 284 istis
1481 252 1613 299 captivis
1634 252 1744 290 divine

992 295 1218 334 benedictione
1227 307 1403 344 procreata.

1116 394 1190 435 (ζυ
1212 396 1250 423 AE
1273 397 1289 422 s
1311 397 1337 423 T
1358 397 1371 424 1
1392 396 1419 423 o
1461 394 1618 426 xxx1v.

991 464 1077 497 Num
1085 460 1156 497 anni
1168 474 1227 509 70·
1239 462 1419 510 captivitatis
1433 462 1574 512 incipiam
1590 464 1673 499 annis
1688 466 1744 511 191

1188 524 1256 546 ante
1268 512 1415 547 excidium
1424 512 1526 561 templi
1535 517 1551 546 ε’

1068 587 1210 623 Uaeritur
1228 588 1312 623 unde
1331 587 1457 624 sumant
1471 589 1603 624 initium
1615 587 1746 636 septua-

1070 641 1163 685 ginta
1189 640 1266 672 anni
1291 636 1491 685 Babylonica:
1525 640 1743 686 captivitatis?

992 686 1090 735 Resp.
1114 686 1160 719 Ex
1172 685 1293 731 Jerem.
1307 698 1363 734 25.
1376 702 1408 724 v.
1426 700 1481 725 10,
1499 700 1551 725 11,
1566 701 1615 723 12.
1633 689 1749 736 Appa-

993 747 1039 771 ret
1052 748 1165 771 eorum
1177 737 1309 771 initium
1319 736 1508 773 sumendum
1519 737 1650 785 aprimo
1659 750 1748 772 anno

993 782 1271 822 Nebuchadnezaris
1290 811 1301 826 ‚
1326 785 1423 822 finito
1442 800 1482 822 an
1501 787 1645 828 fluente,
1662 786 1747 822 nibil

995 834 1092 870 refert
1103 857 1112 872 ‚
1140 838 1233 868 annis
1247 836 1401 871 nimirum
1424 837 1651 871 novemdecim
1672 847 1748 871 ante

995 882 1191 918 destructum
1205 885 1368 930 templum
1380 890 1411 920 &
1422 884 1557 920 clausam
1571 899 1632 932 prce
1643 886 1750 921 mani-

996 931 1055 966 bus
1071 930 1242 978 Epocham
1254 957 1262 969 ,
1287 934 1332 966 ita
1350 944 1386 966 ut
1404 935 1474 979 post
1485 935 1572 969 urbis
1586 948 1621 969 ac
1635 934 1748 982 templi

994 980 1156 1015 excidium
1168 1004 1178 1021 ,
1206 993 1264 1027 70.
1287 980 1421 1014 istorum
1439 995 1603 1017 annorum
1619 995 1751 1020 tantum

994 1032 1229 1078 quinquaginta
1241 1032 1274 1064 δε
1288 1041 1371 1064 unus
1393 1030 1513 1064 restent
1523 1055 1533 1071 ‚
1557 1031 1637 1065 adeo
1654 1045 1691 1066 ur
1702 1032 1751 1067 fa-

995 1080 1056 1114 cile
1066 1080 1164 1115 fuerit
1181 1081 1292 1114 multis
1306 1091 1483 1129 utrumqne
1494 1082 1655 1126 templum
1668 1094 1752 1115 con-

995 1127 1135 1176 spexiffe,
1148 1128 1305 1164 Solomonis
1313 1128 1420 1166 eversa
1429 1134 1461 1165 ὅ(
1472 1128 1656 1166 zorobabelu
1667 1130 1751 1176 jacta

996 1177 1206 1218 fundamina.

1130 1276 1446 1312 QUAESTIO
1487 1278 1621 1308 XXXV.

1079 1348 1139 1387 An
1147 1350 1306 1388 zedekias
1315 1349 1357 1386 bis
1373 1350 1462 1388 iverit
1473 1350 1648 1397 Babylonem
1659 1353 1675 1385 ἔ

1070 1432 1142 1467 Um
1160 1431 1305 1474 Zedekias
1323 1445 1393 1470 non
1417 1444 1492 1469 ante
1510 1446 1633 1470 annum
1659 1429 1755 1466 suum

1072 1481 1284 1518 undecimum
1305 1482 1464 1518 abductus
1490 1483 1528 1518 fit
1552 1482 1755 1529 Babylonem

1000 1531 1121 1578 Jerem.
1137 1531 1337 1580 52.v.6.qui
1349 1544 1459 1567 tamen
1481 1543 1534 1578 51.
1548 1546 1578 1568 v.
1594 1546 1647 1579 59.
1665 1541 1754 1564 anno

1000 1581 1057 1616 suo
1067 1593 1186 1630 quarto
1195 1581 1398 1627 Babylonem
1411 1580 1497 1616 ivisse
1509 1583 1645 1617 dicatur?
1657 1578 1758 1626 Resp.

1000 1630 1132 1666 Etiamsi
1144 1643 1239 1665 vetus
1249 1631 1373 1667 Latina,
1385 1635 1416 1664 &
1429 1632 1610 1678 Anglicana
1620 1640 1759 1676 utraque

1002 1683 1115 1716 locum
1136 1680 1282 1728 Jeremiae
1302 1681 1447 1727 priorem
1467 1679 1661 1716 transferant
1680 1690 1759 1713 cum

1002 1728 1147 1772 Zedekid,
1173 1727 1293 1765 rectius
1305 1740 1413 1764 tamen
1427 1753 1436 1766 ‚
1452 1740 1488 1764 ut
1505 1730 1649 1770 videtur,
1665 1726 1760 1762 Arias

1004 1782 1170 1817 Montanus
1195 1781 1229 1813 in
1256 1780 1421 1827 margine,
1448 1778 1640 1817 Tremellim,
1666 1775 1760 1811 Italus

1004 1833 1104 1867 etiam
1116 1833 1145 1862 δι
1161 1827 1256 1861 Gauus
1266 1828 1434 1875 interpres,
1445 1838 1576 1873 vertunt
1586 1826 1603 1861 ὲ
1613 1823 1740 1864 Zedekid
1748 1839 1763 1869 3

1008 1876 1293 1929 quemadmodum
1320 1878 1408 1911 enim
1445 1890 1513 1925 cap.
1537 1889 1590 1923 ,29-
1624 1874 1762 1916 Zedekiaes

1006 1926 1113 1978 primo
1128 1939 1215 1961 anno
1227 1926 1320 1974 regni
1340 1925 1424 1961 misit
1444 1927 1483 1961 ad
1500 1923 1765 1962 Nehuchadneza-

1005 1993 1065 2013 rem
1077 1978 1216 2012 nuncios
1229 1988 1239 2016 ς
1256 1978 1301 2009 ita
1317 1987 1404 2011 anno
1417 1987 1532 2023 quarto
1544 1977 1650 2022 Regni
1661 1972 1763 2009 misis-

1006 2029 1037 2065 se
1046 2027 1172 2064 videtur
1183 2027 1263 2061 al-ios
1274 2036 1350 2060 cum
1362 2022 1481 2070 Set-ajal]
1490 2025 1579 2059 istius
1589 2025 1765 2073 legationis

1009 2078 1154 2128 principe
1165 2100 1175 2117 ,
1185 2075 1400 2123 negotiorum
1413 2075 1505 2121 regni
1517 2074 1620 2109 causfi.
1643 2077 1766 2108 Anno-2

1008 2139 1132 2164 ratores
1144 2126 1321 2174 Anglicani
1334 2126 1369 2158 in
1382 2125 1495 2158 locum
1507 2125 1614 2158 varios
1626 2122 1766 2158 afferunt

1010 2179 1179 2225 Scriptura?
1196 2177 1311 2214 locos,
1331 2173 1388 2208 ubi
1401 2173 1587 2220 Praepofitio
1601 2172 1766 2207 Hebraica

1010 2237 1042 2265 ΝΞ.
1053 2222 1228 2262 necessario
1240 2237 1300 2271 pro
1311 2220 1344 2257 ab
1356 2234 1410 2258 aut
1421 2237 1460 2257 ex
1469 2248 1478 2262 ‚
1492 2235 1698 2270 nequaquam
1712 2234 1770 2257 ve-

1011 2275 1049 2312 ro
1062 2289 1122 2325 pro
1133 2288 1196 2309 cum
1207 2272 1397 2320 accipienda
1404 2272 1458 2308 est.
1485 2273 1517 2306 Si
1531 2273 1588 2307 ista
1601 2270 1709 2306 minus
1719 2283 1769 2304 ar-

1012 2326 1137 2364 rident,
1156 2327 1187 2358 &
1206 2321 1410 2358 neccffarium
1429 2321 1559 2370 putabis
1570 2332 1602 2360 ms
1615 2321 1769 2356 hocloco

1012 2375 1094 2411 sumi
1110 2384 1145 2409 ut
1157 2372 1258 2421 vulgo
1276 2385 1335 2419 pro
1347 2379 1421 2407 Cum
1432 2396 1443 2412 ,
1468 2382 1538 2405 tum
1553 2370 1702 2405 dabimus
1716 2375 1769 2402 Se-

1012 2428 1104 2470 rajam
1115 2423 1312 2458 comitatum
1330 2420 1387 2456 effe
1407 2418 1567 2459 Zedekzam
1586 2417 1693 2460 versus
1709 2417 1770 2450 Ba-

1013 2475 1188 2520 bylonem,
1207 2470 1290 2505 nihil
1306 2480 1417 2504 tamen
1439 2470 1527 2505 aliud
1545 2468 1621 2502 binc
1633 2465 1771 2501 excude-

1013 2535 1068 2557 tur
1079 2520 1175 2569 quam
1190 2518 1344 2558 Zedekiam
1353 2519 1566 2564 negotiorum
1576 2515 1665 2549 cau1i1·
1676 2526 1772 2562 quar-

1016 2582 1051 2604 to
1067 2570 1114 2604 sui
1131 2569 1239 2614 Regni
1257 2579 1343 2600 anno
1361 2566 1563 2608 Babylonem
1585 2563 1643 2598 esse
1659 2561 1772 2611 profe-

1018 2622 1109 2654 &um
1120 2642 1130 2657 ,
1144 2628 1349 2663 nequaquam
1361 2612 1440 2649 vcro
1452 2624 1515 2647 tam
1529 2612 1653 2647 mature
1663 2613 1770 2648 abdu-

1017 2671 1105 2703 &tum
1117 2664 1158 2700 co
1171 2665 1335 2712 captivum
1348 2688 1358 2706 ,
1367 2662 1458 2712 quod
1468 2675 1554 2698 anno
1564 2662 1694 2698 demum
1705 2675 1771 2708 tin-3

1016 2718 1148 2753 decimo
1158 2714 1313 2762 contigit.

1140 2812 1275 2851 QUAE
1301 2812 1450 2840 sTlo
1492 2812 1646 2840 xxxvl.

1044 2886 1117 2922 eAn
1127 2883 1204 2919 idem
1218 2884 1405 2932 annussuerit
1421 2885 1457 2921 &¹
1466 2883 1582 2931 quintus
1594 2883 1631 2920 Θ
1642 2883 1748 2927 triceſs-

1267 2947 1328 2969 mm
1339 2934 1513 2984 captivitatis
1528 2936 1543 2965 ,ἓ

1100 3013 1260 3053 Uaeritur,
1288 3012 1359 3055 Qui
1370 3010 1526 3047 consonet
1543 3011 1646 3047 versus
1666 3012 1775 3060 1.cap.'

1107 3075 1134 3096 1.
1144 3062 1300 3097 Ezekielis
1311 3075 1384 3096 cum
1397 3060 1537 3108 ejusdem
1550 3062 1773 3096 verilzfflnori

1021 3114 1108 3147 enim
1124 3111 1212 3148 versu
1225 3113 1351 3146 mentio
1364 3110 1401 3145 fit
1416 3113 1490 3145 anni
1502 3111 1651 3147 tricesimi
1663 3135 1673 3153 ,
1683 3116 1714 3146 ὅ(
1726 3111 1772 3145 se-

1024 3162 1133 3200 cundo
1142 3186 1153 3206 ,
1169 3162 1246 3199 anni
1260 3162 1365 3210 quinti
1377 3162 1571 3247 {captivitatis
1580 3186 1592 3208 ,
1602 3175 1641 3200 an
1649 3173 1731 3198 unus
1742 3164 1775 3194 &

1406 3212 1420 3246 Ἰ
1450 3223 1468 3246 z
1690 3211 1778 3248 idem
