2048 3343
21 1916 112 1942 Contra

0 1968 3 1979 ι
23 1952 137 1983 Medum.

429 161 493 191 ET
550 154 1213 192 Cnaouoroexct

1276 156 1456 197 Lria'.1.
1651 159 1733 203 259

184 239 282 278 quam
302 225 428 263 sobrius
445 227 473 261 ci
495 225 669 261 refutanda:
693 227 846 274 dignetur
871 224 933 258 im·
985 239 1110 261 novum
1138 231 1169 262 3(
1190 226 1382 274 singularem
1409 224 1499 265 null&
1518 229 1731 271 auetoritate,

181 289 309 314 morari.

224 328 353 361 Contra
372 336 479 360 autem
492 325 641 372 primaria
660 323 821 358 sententia:
837 321 929 366 hujus

176 378 300 426 quintae
335 375 545 410 fundamenta
580 373 621 407 fic
657 383 930 419 argumentamur.

175 425 298 463 Primo.
323 424 488 458 Sententia
508 422 573 457 haec
592 423 720 456 novitas
733 420 777 455 est
796 419 931 468 professa

177 487 290 512 contra
301 484 417 508 omnes
432 471 671 510 Orth0d0x0s;
689 472 856 519 antiquos,
869 483 929 505 no·

176 538 236 561 vos
245 548 256 566 ‚
273 522 291 557 ὲ
302 520 514 573 Bnghrmtnno
525 523 657 555 inventa
669 547 678 560 ,
694 524 724 555 ἃς
735 519 751 554 a
763 520 860 555 Medo
873 533 930 566 po-

175 576 231 610 lita
243 597 253 610 ‚
271 573 325 608 etsi
335 574 367 607 in
380 570 432 606 suz‘i
443 570 579 605 ruditate
590 568 663 604 satis
679 570 783 604 adhuc
794 570 928 616 impoli-

150 629 152 632 ’
174 636 208 659 ta
229 629 342 670 jaceat.
375 620 487 655 Medus
507 621 641 666 quidem
661 632 732 654 eam
755 618 930 653 incrustare

174 683 316 709 conatur
336 669 583 719 quibuscunque
606 669 711 716 potest
728 672 859 702 Parrum
882 678 930 700 te·

174 722 354 761 stimoniis‚
374 718 427 754 sed
441 717 599 764 ejusmodi
619 731 688 764 quae
705 716 926 751 Chilistiarum

166 771 279 808 -haerefi
289 773 538 806 contraPatrum
550 767 825 804 Orthodoxorum
835 777 929 800 men-

175 833 241 857 tem
253 818 362 869 aperte
373 819 630 866 patrocinantur.

224 867 384 905 Secundo.
408 868 512 902 Novae
530 866 578 901 hae
600 865 771 901 Chiliasmi
791 866 928 900 Laciniae

171 920 212 956 ab
227 918 343 955 Inferis
355 917 544 965 Anglorum
561 915 711 950 manibus
727 913 926 950 resuscitatae‚

172 968 273 1017 usque
289 969 370 1003 adeo
380 965 464 1001 vari&
477 965 518 999 ab
531 964 817 1012 interpolatoribus
827 965 930 1010 expri-

174 1030 327 1057 muntur,
347 1027 384 1051 ut
393 1015 450 1051 fibi
465 1016 604 1049 invicem
616 1012 927 1049 adverfisfrontibus

173 1067 349 1104 incursent⁴
383 1068 418 1099 In
430 1064 541 1098 multis
558 1064 666 1110 magni
679 1064 841 1097 momenti
853 1064 928 1097 Me-

173 1118 224 1152 dus
243 1118 259 1152 a
280 1112 508 1167 Brghtmwno,
528 1110 610 1147 &ab
629 1122 768 1159 utroque
788 1110 929 1151 Packerus

174 1164 301 1202 differt,
319 1168 387 1199 imo
397 1164 448 1196 vix
461 1174 541 1195 unus
553 1160 598 1195 est
609 1163 665 1208 qui
675 1160 732 1196 fibi
746 1160 803 1208 ipfi
821 1162 855 1194 in
864 1160 928 1194 hoc

175 1214 404 1250 Chiliastarum
423 1210 554 1246 somnio
572 1208 642 1245 {atis
667 1209 810 1246 constare
826 1209 931 1245 videa·

174 1277 238 1300 tur.

226 1310 356 1347 Tertio.
370 1310 614 1358 Amplefflmur
625 1308 715 1358 quod
729 1307 930 1343 Meduscon-

177 1374 227 1399 tra
238 1359 310 1396 suos
322 1359 427 1395 socios
446 1358 615 1394 nobiscum
625 1360 750 1394 dierum
769 1359 858 1392 mille
870 1357 931 1391 du-

178 1421 351 1447 centorum
369 1411 549 1457 nonaginta
561 1409 757 1457 principium
770 1406 886 1442 statuat
899 1408 931 1440 in

174 1461 360 1510 pollutione
377 1460 495 1506 templi
508 1472 564 1507 per
582 1454 783 1494 eAntiochum
803 1453 934 1505 Epipha—

176 1525 242 1545 nem
256 1525 267 1544 .·
293 1508 347 1544 etfi
367 1520 434 1542 non
454 1508 629 1554 probemus
651 1507 844 1552 daeiaoogloev,
871 1505 933 1554 qufi

176 1559 307 1606 perinde
318 1567 410 1605 putat
421 1557 532 1591 Medus
543 1556 712 1605 aquonam
725 1569 811 1590 anno
826 1555 932 1590 sexen-

175 1611 223 1643 nii
235 1604 588 1655 persecutioni5‚saltem
597 1608 728 1640 triennii
738 1606 934 1653 pollutionis

177 1668 402 1693 numeremus.
429 1655 500 1690 Ubi
513 1658 601 1691 enim
615 1655 776 1702 Propheta
787 1653 933 1702 singulos

177 1708 244 1742 dies
257 1703 489 1741 distinetiffime
506 1716 696 1752 computat,
722 1704 767 1739 ibi
783 1706 936 1739 mortales

179 1770 248 1792 non
260 1756 351 1790 decet
364 1755 530 1790 licentiam
540 1752 686 1801 usurpare
698 1780 707 1793 ,
719 1755 864 1801 quinque
875 1754 934 1788 sal-

178 1818 248 1840 tem
261 1805 358 1840 binos
369 1814 463 1838 totos
474 1816 577 1840 annos
587 1816 647 1850 pro
662 1803 718 1838 suo
729 1803 825 1838 libitu
837 1803 934 1839 trans-

179 1867 317 1891 currere.

228 1904 288 1939 Sed
308 1905 340 1938 in
359 1903 456 1937 Medo
474 1903 623 1951 inprimis
640 1900 789 1950 displicet
805 1921 815 1942 9
841 1900 931 1951 quod

178 1953 304 1988 dierum
313 1954 434 1987 horum
445 1951 543 1987 finem
555 1964 644 2000 putet
653 1951 855 1986 statuendum
864 1964 932 1986 non

179 2004 213 2037 in
226 2003 294 2038 ullo
308 2004 362 2037 seu
371 2001 513 2048 mysterii
531 2002 581 2036 seu
600 2003 738 2037 actionis
751 1999 803 2036 scu
816 2003 858 2036 rei
872 2013 929 2036 cu-

171 2051 321 2100 jusquam
333 2064 410 2087 vero
423 2050 488 2086 fine
499 2077 509 2092 ,
537 2051 587 2086 sed
597 2050 726 2086 tantum
741 2052 774 2085 in
792 2050 929 2099 qufidam

174 2103 373 2137 revelatione
409 2100 483 2135 finis
515 2100 647 2136 istorum
683 2100 907 2145 mysteriorum
921 2114 930 2134 :

171 2151 258 2199 qnafi
280 2150 444 2198 Propheta
460 2150 588 2185 tantum
608 2149 796 2185 collimfiffet
813 2150 852 2184 ad
871 2163 930 2184 an-

173 2213 252 2235 num
274 2199 482 2244 revelationis
492 2196 705 2244 eAntichristi‚
726 2212 796 2234 non
813 2200 850 2233 ad
862 2203 929 2244 ejus

174 2262 285 2284 verum
299 2251 348 2284 vel
359 2261 469 2284 ortum
482 2273 493 2286 ‚
509 2250 560 2284 vel
573 2249 784 2297 progressum,
799 2249 850 2282 vel
861 2250 929 2282 exi-

177 2308 262 2333 tum.
289 2299 362 2333 Nec
373 2299 435 2333 hoc
448 2300 597 2344 inprimis
609 2300 643 2333 in
654 2297 752 2332 Medo
763 2295 927 2345 improba-

177 2359 251 2380 mus
263 2372 272 2386 ,
282 2347 375 2393 qnod
389 2346 592 2393 aliquantum
602 2346 736 2381 fluctuet
746 2350 779 2381 in
790 2347 928 2381 statuen-

178 2395 222 2429 do
233 2394 298 2428 hoc
316 2395 384 2442 ipso
397 2394 454 2429 suo
475 2395 538 2430 fine
557 2396 682 2430 dierum
702 2395 754 2430 seu
767 2397 854 2430 mille
866 2396 928 2429 du-

176 2455 347 2478 centorum
360 2443 604 2491 nonaginta‚seu
613 2444 701 2479 mille
710 2455 932 2480 trecentorum

179 2495 312 2542 triginta
333 2495 480 2542 quinque
501 2497 515 2536 <
530 2494 623 2539 ponit
641 2495 728 2528 enim
744 2494 875 2527 illorum
895 2492 931 2527 fi·

178 2555 253 2577 nem
265 2543 441 2589 aliquando
453 2544 485 2577 in
497 2542 669 2577 millesimo
682 2542 858 2577 centesimo
867 2541 932 2576 sex-

179 2603 236 2632 to,
256 2591 428 2640 aliquando
448 2593 480 2627 in
493 2592 666 2627 millesimo
688 2591 861 2627 centefimo
887 2593 933 2626 vi-

178 2642 299 2675 cefimo
311 2667 320 2681 ‚
338 2646 368 2676 &
381 2642 557 2690 aliquando
571 2643 604 2676 in
613 2641 784 2676 millesimo
795 2641 931 2676 centefi-

177 2703 235 2725 mo
248 2689 516 2731 viccfimoterti0;
534 2695 565 2725 &
577 2691 694 2725 horum
706 2693 738 2726 in
749 2704 836 2726 anno
847 2703 931 2739 quo-

179 2739 260 2774 visa
280 2740 453 2775 millesimo
472 2741 648 2775 centesimo
674 2740 870 2788 sexagesimo
893 2739 931 2773 ad

179 2789 385 2824 millesimum
398 2789 610 2824 centefimum
633 2788 932 2837 septuagesimum)

180 2837 241 2871 Ista
261 2841 396 2873 minoris
419 2841 580 2873 momenti
605 2838 813 2883 ωαξοξαίμαται
838 2837 930 2871 facile

181 2888 428 2923 condonamus:
454 2887 505 2923 sed
518 2890 705 2935 primarium
721 2887 813 2922 Meda
830 2886 931 2933 sphal-

182 2947 237 2969 ma
249 2935 300 2970 hie
312 2938 449 2972 arbitror
466 2938 623 2986 singulare
634 2942 704 2984 ejus
716 2939 749 2971 in
768 2948 836 2984 quo
851 2936 931 2983 glo-

183 2987 280 3019 riatur
297 2987 463 3021 inventum
479 3013 488 3028 ‚
507 2988 592 3036 quafi
609 2988 642 3021 in
670 2986 756 3021 nova
781 2987 797 3020 a
814 2986 932 3033 Spiritu

184 3035 304 3068 Sanao
318 3035 386 3069 luce
403 3061 412 3075 ‚
427 3038 512 3082 quod
523 3037 798 3083 scilicet'Angelus
811 3033 933 3069 Danieli

186 3084 419 3128 nonloquatur
438 3085 475 3117 de
487 3086 555 3118 ullo
566 3085 631 3120 fine
646 3111 655 3126 ,
683 3086 735 3120 sed
754 3086 793 3119 de
815 3085 932 3118 revela-

186 3134 278 3165 tione
289 3131 426 3178 mysterii
450 3133 539 3166 finis:
558 3147 639 3169 certe
659 3135 854 3180 paradoxum
871 3133 934 3168 hoc

189 3183 246 3217 viri
261 3179 433 3215 doctissimi
446 3180 516 3215 satis
526 3183 570 3216 est
581 3182 700 3218 αἶ’τοττοιν.

238 3229 349 3266 Primo
361 3233 448 3266 enim
461 3234 735 3268 commentarium
752 3233 838 3270 hunc
849 3231 938 3268 suum

983 275 1069 310 nullz‘i
1081 275 1332 312 rationcfirmat.

1030 325 1191 360 Secundo.
1206 327 1369 372 Loquitur
1381 325 1498 359 Daniel
1507 327 1569 362 hoc
1584 328 1652 377 ipso
1663 341 1731 376 capo

981 370 1020 404 de
1040 373 1105 406 fine
1118 387 1185 408 non
1197 377 1306 408 minus
1318 372 1412 409 sexies
1430 374 1506 409 vers.
1517 377 1637 413 scilicet
1651 391 1685 424 4,
1697 383 1732 417 6,

982 430 1015 466 7,
1032 422 1062 460 8,
1075 430 1110 466 9,
1126 435 1163 467 13
1193 428 1223 456 δι’
1236 425 1334 458 tories
1344 425 1441 458 etiam
1456 436 1524 471 cap.
1537 428 1731 472 praecedenti

962 471 1124 517 ‘alibique
1145 473 1338 507 multoties:
1366 471 1522 520 nusquam
1544 480 1653 509 tamen
1675 486 1732 510 eit-

984 523 1061 566 poni
1073 521 1174 567 potest
1185 521 1223 555 de
1234 520 1434 556 revelatione
1443 520 1534 563 finis,
1550 522 1599 557 sed
1610 522 1732 570 semper

981 570 1020 603 de
1042 569 1109 616 ipso
1131 569 1194 605 fine
1214 595 1224 611 ‚
1251 569 1304 605 seu
1324 573 1368 605 rei
1384 573 1520 617 alicujus
1535 586 1613 608 vero
1632 576 1732 607 exitu.

982 621 1095 653 Sensus
1107 632 1184 667 ergo
1201 620 1253 654 hic
1264 621 1357 655 Medi
1370 634 1438 656 non
1453 619 1583 657 tantum
1595 622 1639 657 est
1648 635 1731 670 prae-

981 679 1047 707 ter,
1066 667 1119 702 sed
1139 680 1250 703 contra
1269 683 1384 705 omnes
1406 672 1582 719 Scripturas
1602 685 1672 720 quae
1690 671 1730 707 de

981 716 1045 752 fine
1058 719 1248 766 loquuntur.

1026 767 1155 802 Tertio.
1189 769 1277 802 Dato
1297 769 1503 816 temporibus
1520 770 1538 805 εὶ
1555 769 1652 805 Medo
1670 783 1734 806 no·

980 817 1107 851 minatis
1119 818 1292 852 revelatum
1309 818 1539 860 eAntichristum
1554 833 1563 853 ε
1589 820 1668 855 nihil
1680 831 1734 855 ta-

980 879 1056 900 men
1067 868 1243 913 quicquam
1254 866 1270 901 a
1281 867 1379 901 Medo
1391 870 1528 904 citatum
1538 869 1684 917 loquitur
1694 869 1735 904 de

981 911 1172 956 eAntichrilii
1183 914 1264 954 fine,
1276 915 1461 952 Antichriffi
1472 917 1544 953 finis
1558 922 1627 964 ejus
1641 920 1736 954 initia

980 969 1012 998 &
1025 961 1226 1011 progressum
1245 963 1330 998 clare
1343 965 1564 1011 speffitantibus
1580 967 1736 1003 occultis-

980 1012 1076 1048 fimus
1085 1011 1145 1048 effe
1156 1013 1281 1061 potcstK:
1307 1016 1370 1056 jam
1383 1016 1530 1062 loquitur
1544 1017 1656 1051 Daniel
1665 1027 1734 1051 non

981 1062 1021 1097 de
1033 1075 1232 1111 quocunque
1243 1062 1405 1108 mysterio,
1417 1064 1469 1099 sed
1483 1064 1633 1112 mysterio
1645 1065 1732 1105 finis,

981 1125 1048 1147 non
1062 1114 1211 1159 principii
1221 1123 1276 1146 aut
1289 1112 1481 1159 progressu&

1033 1161 1179 1208 Qarto.
1196 1159 1372 1208 Antichristi
1380 1163 1536 1198 revelatio
1545 1173 1634 1198 anno
1645 1175 1657 1198 1
1670 1174 1735 1196 120

982 1222 1056 1246 ante
1069 1209 1278 1246 Waldenses
1288 1214 1380 1246 annis
1402 1215 1642 1261 quinquaginta
1654 1239 1663 1251 ‚
1687 1211 1740 1247 us-

985 1273 1049 1309 que
1061 1261 1140 1296 adeo
1150 1262 1260 1296 tenuis
1275 1265 1309 1296 &
1321 1272 1388 1296 tam
1401 1265 1509 1310 paucis
1521 1262 1601 1298 sarsta
1617 1261 1679 1303 est,
1690 1275 1740 1297 te-

985 1310 1160 1357 nebraeque
1176 1308 1397 1354 Antichn‘sttac
1415 1316 1483 1357 ejus
1501 1313 1643 1360 tyrannis
1663 1324 1742 1346 cen-

986 1361 1067 1394 tenis
1080 1362 1206 1408 aliquot
1217 1362 1309 1395 annis
1321 1360 1390 1407 post
1409 1373 1466 1396 eos
1475 1362 1541 1396 dies
1558 1371 1624 1396 tam
1639 1359 1742 1396 crassae

986 1408 1127 1449 fuerunt,
1139 1421 1175 1444 ut
1186 1412 1279 1457 parvi
1291 1413 1456 1446 momenti
1467 1424 1503 1446 ea
1513 1412 1669 1447 revelatio
1682 1411 1743 1446 ha·-

987 1457 1091 1494 benda
1104 1459 1258 1494 videatur.

1034 1509 1187 1557 Denique
1202 1509 1242 1543 ad
1258 1508 1441 1556 posterioris
1462 1511 1592 1545 numeri
1613 1510 1741 1545 dierum

984 1558 1073 1592 mille
1085 1569 1307 1593 trecentorum
1325 1560 1455 1607 triginta
1475 1561 1621 1607 quinque
1641 1558 1742 1593 finem

984 1621 1101 1655 magna
1110 1606 1171 1642 fuit
1181 1609 1310 1655 piorum
1322 1621 1380 1655 pax
1388 1612 1428 1644 ,δι
1438 1607 1526 1655 supra
1540 1611 1646 1656 priora
1657 1621 1743 1643 tem-

984 1670 1064 1704 pora
1085 1658 1196 1692 laetitia
1217 1670 1250 1691 ac
1265 1658 1433 1692 beatitudo
1446 1681 1456 1695 ‚
1473 1657 1524 1692 sed
1537 1660 1652 1693 Meam
1662 1655 1744 1692 fatea

985 1718 1037 1741 tur
1049 1705 1094 1741 sui
1106 1708 1254 1754 computi
1265 1704 1365 1741 finem
1379 1720 1391 1741 1
1404 1711 1477 1742 160.
1489 1712 1520 1742 δε
1537 1705 1742 1755 1170.usqua

951 1790 954 1794 .
983 1754 1063 1792 adeo
1083 1755 1266 1791 luctuosum
1292 1759 1328 1791 δε
1354 1756 1519 1792 infelicem
1535 1782 1544 1798 ,
1571 1769 1608 1791 ut
1628 1761 1740 1805 pejora

984 1819 1134 1854 tempora
1155 1808 1285 1853 piorum
1312 1807 1344 1841 in
1371 1808 1460 1841 terris
1485 1807 1633 1842 Ecclesiae
1655 1819 1743 1840 nuna

985 1857 1082 1906 quffr'n
1094 1866 1229 1903 expertae
1243 1854 1315 1889 fint.
1340 1855 1439 1891 Certe
1450 1854 1483 1890 ea
1494 1855 1682 1904 tempestate
1690 1853 1742 1889 su-

984 1919 1040 1955 pra
1051 1905 1155 1940 decies
1172 1906 1293 1941 centies
1304 1906 1395 1940 mille
1407 1905 1584 1940 Christiani
1603 1904 1742 1941 crudeli-

984 1968 1030 1991 ter
1041 1955 1142 1990 neeati
1154 1954 1238 1990 sunt„

1032 2007 1068 2039 In
1088 2003 1179 2040 Medi
1191 2003 1349 2038 sententia
1366 2001 1556 2050 displicebat
1570 2000 1661 2044 finis,
1686 2002 1740 2038 scd

985 2056 1018 2090 in
1032 2052 1148 2094 Parkeri
1159 2057 1188 2086 &
1200 2054 1338 2087 aliorum
1351 2063 1417 2086 tam
1431 2054 1626 2100 principium
1640 2051 1742 2101 quaim

985 2103 1072 2140 finis.
1098 2105 1150 2138 De
1163 2101 1226 2138 fine
1239 2115 1306 2137 non
1317 2101 1360 2137 est
1370 2103 1460 2149 quod
1469 2101 1614 2136 dicamus
1625 2127 1634 2139 ,
1649 2101 1741 2149 quasi

984 2166 1071 2189 anno
1087 2157 1148 2200 165
1158 2165 1190 2186 0.
1203 2153 1317 2186 Roma
1326 2149 1429 2186 fuisset
1440 2152 1627 2187 evertenda,
1638 2151 1741 2200 Judaei

984 2201 1223 2239 convertendi,
1242 2202 1357 2236 Turcae
1377 2201 1612 2236 exterminandi
1633 2226 1644 2241 ‚
1670 2201 1741 2235 Re-

983 2264 1153 2301 gnumque
1165 2251 1278 2285 mundi
1291 2252 1324 2284 in
1336 2252 1464 2297 piorum
1483 2262 1596 2285 manus
1609 2249 1742 2285 traden-

985 2302 1076 2336 dum.
1103 2301 1240 2336 Somnia
1250 2299 1318 2334 haec
1334 2299 1402 2334 dies
1423 2303 1454 2334 δε
1470 2300 1743 2348 oculiinvigilan-

984 2352 1073 2386 tibus
1094 2350 1219 2385 dudum
1237 2348 1429 2384 refutarunt.
1455 2352 1578 2383 Verum
1598 2347 1640 2382 est
1653 2360 1741 2382 anno

991 2405 1093 2446 1639.
1109 2400 1258 2447 inprimis
1272 2410 1283 2430 ι
1295 2403 1372 2443 643.
1393 2401 1427 2431 ὃς
1448 2402 1551 2441 1645.
1566 2398 1743 2429 Scotorum

986 2461 1074 2483 arma
1096 2460 1209 2483 contra
1228 2447 1482 2494 Malignantium
1504 2455 1607 2492 partes
1620 2446 1652 2479 in
1669 2443 1744 2479 totzi

986 2497 1151 2532 Britannia
1166 2496 1246 2531 mire
1266 2495 1434 2535 florentia,
1454 2505 1588 2542 magnas
1611 2494 1643 2528 in
1662 2496 1747 2529 mul-

987 2558 1097 2581 torum
1110 2547 1225 2580 animis
1242 2556 1309 2578 tam
1323 2545 1367 2577 cis
1377 2555 1473 2590 quarn
1491 2548 1568 2577 citra
1578 2556 1664 2577 mare
1675 2543 1745 2591 spes

987 2593 1145 2630 excitasse,
1157 2594 1195 2628 de
1208 2591 1392 2640 propinqui
1404 2589 1580 2637 Antichrifli
1589 2591 1695 2630 ruinz'i,
1710 2597 1744 2629 &

987 2646 1162 2679 multarum
1198 2642 1445 2689 Prophetiarum
1493 2642 1741 2688 complemento

982 2697 1114 2739 jamjam
1131 2695 1325 2739 ingruente:
1351 2691 1404 2725 sed
1421 2703 1507 2725 anno
1534 2696 1633 2735 1650.
1664 2704 1740 2727 cum

985 2744 1168 2778 nostrorum
1183 2755 1270 2776 arma
1289 2741 1415 2788 frangi,
1440 2741 1653 2788 nostrumque
1672 2742 1739 2777 Re·-

983 2806 1099 2841 gnum,
1110 2797 1140 2827 &
1154 2791 1295 2826 Ecclefia
1312 2791 1370 2825 sub
1381 2803 1472 2825 novae
1484 2790 1634 2824 faffionis
1646 2791 1739 2838 pedi-

987 2845 1045 2875 bus
1065 2843 1123 2875 teri
1142 2839 1425 2887 conspicerentur,
1444 2852 1514 2873 tum
1533 2841 1565 2873 in
1583 2841 1739 2876 omnibus

985 2889 1193 2925 orthodoxis
1204 2891 1266 2924 illae
1280 2888 1346 2936 spes
1359 2890 1519 2924 decollare
1531 2893 1562 2923 ὅ(
1576 2902 1636 2936 pro
1652 2901 1738 2925 tem·

986 2953 1062 2989 pore
1071 2941 1211 2973 omnino
1224 2938 1433 2986 refrigescere.

1033 2989 1138 3034 Quod
1155 2988 1193 3022 ad
1212 2986 1357 3036 ipsorum
1379 2987 1521 3034 Epochae
1538 2988 1734 3036 principium

985 3051 1072 3072 anno
1087 3035 1193 3082 Christi
1209 3037 1436 3071 trecentesimo
1453 3035 1648 3085 sexagefimo
1668 3039 1734 3072 die-

987 3087 1044 3121 bus
1055 3086 1163 3120 Iuliani
1173 3111 1183 3126 ,
1199 3089 1341 3121 omnino
1352 3099 1419 3120 non
1432 3086 1566 3133 quadrat
1578 3100 1652 3121 cum
1664 3101 1735 3122 ver-

987 3136 1037 3171 bis
1049 3138 1169 3183 Angeli
1182 3138 1268 3169 Dan.
1277 3148 1288 3169 1
1300 3138 1418 3169 2.Trcs
1430 3137 1499 3170 vult
1510 3134 1736 3186 Brightmannuzs

986 3186 1077 3230 hujus
1097 3186 1245 3233 principii
1264 3184 1474 3225 charaeteres,
1496 3188 1619 3232 primus
1638 3187 1681 3221 est
1698 3200 1737 3220 ex

989 3233 1067 3272 vers.
1086 3248 1119 3281 7.
1141 3233 1382 3270 consummatio
1402 3235 1603 3283 dispersionis
1624 3236 1737 3283 populi

1319 3277 1381 3320 le'
1407 3298 1424 3320 2.
1658 3285 1738 3318 San«

1762 2983 1856 3011 Contra

1756 3023 1847 3062 princi-

1755 3067 1823 3103 pium
1834 3065 1896 3103 ¹}''s0c

1759 3116 1810 3132 rum
1820 3110 1884 3145 Epa-

1758 3145 1811 3173 che.
