2048 3343
7 244 9 284 i
41 267 121 296 ochus

6 331 7 335 ,
34 309 130 347 fratres

6 346 9 377 ³¹
33 347 119 390 8¹⁶³sp
132 353 166 378 ‘⁹'
193 355 307 395 evasit,
326 357 417 390 illum
437 353 517 401 ergo
528 354 623 387 ctiam
637 349 736 386 Ochm
753 365 807 399 per
820 352 945 387 ficarios

6 443 8 464 ι
39 439 174 469 nonagena-

6 484 7 500 :
57 474 62 478 '
78 468 173 499 mdolo-

5 509 8 540 ζ
39 482 146 542 Ζαηεω.
190 502 359 552 nagesimo
372 513 498 552 quarto,
508 503 609 550 regni,
622 512 658 535 ut
673 502 743 535 vult
755 499 922 534 Plutarchus
934 525 943 540 ,

0 1776 2 1799 {
42 1789 171 1818 Neaane-

434 93 498 120 ετ
556 83 1239 122 Cnnouotoc1c1

197 158 337 194 filiorum
350 159 539 207 participem
548 182 558 196 ‚
575 157 641 206 ipse
653 157 710 192 fibi
720 168 847 192 veneno
859 166 948 189 rnor-

191 218 264 243 'tem
278 205 460 243 consciscit.

240 256 424 305 Expiscatus
436 253 516 292 ochi
525 254 671 290 fraudem
683 279 693 293 2
715 254 827 288 animo
839 253 870 288 in
883 254 947 286 Ar-

184 308 297 352 Jimem
315 305 414 356 quam
434 302 522 353 prius
543 303 744 351 propensiori
761 305 946 338 Artaxerxfs

36 397 128 430 pm‘m
194 405 234 440 de
245 405 355 440 medio
367 403 510 439 sustulit:
534 405 625 448 cujus
636 401 764 448 accept&
775 414 881 436 morte
892 415 945 448 pa·

193 452 356 490 tetdolori
368 455 472 501 impar
491 450 661 486 succubuit
671 453 772 486 aetatis
783 465 869 486 anno
882 463 943 485 no-

186 553 384 602 sexagefimo
396 551 537 587 secundo
548 574 558 591 ‚
584 562 620 586 ut
629 552 683 585 alii
694 552 835 598 plerique
844 575 854 591 ‚
869 562 943 598 qua-

194 603 376 650 dragesimo
387 602 539 637 secundo.

242 649 343 687 Ochm
361 651 401 686 ad
421 652 546 698 aliquot
563 648 688 683 menses
703 648 801 695 patris
811 648 943 682 obitum

192 701 324 738 obtexit
335 725 345 742 ,
370 701 475 735 donec
489 711 543 746 per
555 697 664 732 fiRam
677 700 773 747 patris
791 697 878 746 quali
890 697 943 730 ad-

195 752 260 786 huc
279 753 312 786 in
331 752 409 786 vivis
430 747 643 797 syngrapham
662 771 672 789 ,
696 749 725 783 se
746 749 873 795 Regem
895 758 948 794 per

193 801 374 849 provincias
384 795 605 834 renunciasset.

245 851 281 885 In
294 851 406 897 primis
419 849 527 896 Regni
547 845 694 892 auspiciis
706 846 845 892 Regiam
863 844 947 877 mul-

196 899 240 934 tis
264 900 530 947 propinquorum
550 895 692 930 caedibus
712 895 847 940 replevit
865 916 874 931 ,
901 894 948 925 O-

195 946 278 981 tham
289 947 431 982 sororem
452 947 557 981 vivam
576 945 771 981 tumulavit,
796 952 948 988 patruum

197 1009 274 1032 cum
290 997 460 1044 oftoginta
475 994 547 1028 filiis
561 1004 595 1026 ac
606 990 784 1039 nepotibus
800 992 834 1024 in
844 1002 948 1024 aream

196 1044 357 1082 conclufis
366 1070 376 1086 ,
387 1046 526 1079 militurn
534 1038 646 1085 jaculis
657 1038 843 1078 transfodit,
853 1038 946 1074 alios-

192 1146 352 1191 suspectos
364 1143 509 1177 criminis
520 1139 643 1174 delevit
655 1164 663 1176 ,
678 1151 714 1173 ut
726 1137 768 1172 fic
782 1139 947 1172 Persarum

191 1193 381 1239 impleretur
392 1201 497 1238 patera
506 1217 514 1229 ,
533 1201 715 1236 eorumque
727 1186 899 1223 sceleribus
910 1187 949 1222 ad

193 1243 324 1276 culmen
342 1238 587 1276 ascendentibus
606 1264 616 1279 ,
642 1240 677 1272 in
705 1248 864 1273 maturam
880 1241 947 1282 jam

192 1291 274 1327 Asiae
295 1288 423 1326 messem
450 1288 674 1324 Macedonum
695 1285 760 1322 falx
788 1288 949 1322 immitte-

193 1352 291 1376 retur.
939 1355 944 1361 ι

242 1392 334 1425 Dum
345 1397 494 1438 regnaret
502 1385 611 1424 Ochus,
622 1388 742 1436 Bagose'vs
753 1388 882 1434 Sati-apa
893 1388 952 1433 Sy-

197 1441 248 1475 riae
260 1439 391 1486 Judaeos
403 1437 492 1474 valde
505 1436 630 1471 afflixit.
654 1440 776 1470 Ioannes
798 1435 950 1470 Pontifex

198 1501 348 1524 metuens
364 1514 373 1529 ,
384 1501 424 1523 ne
433 1487 528 1522 frater
541 1489 615 1535 Iesus
623 1487 774 1521 Eunuchi
787 1484 951 1520 familiaris

199 1537 363 1573 Persarum
381 1536 504 1572 viribus
523 1536 552 1570 se
571 1538 677 1582 ejecto
689 1548 846 1571 crearetur
860 1533 949 1569 sum-

198 1600 272 1624 mus
283 1587 442 1623 sacerdos,
457 1599 531 1620 eum
543 1587 575 1620 in
587 1585 654 1633 ipso
666 1587 793 1634 templo
812 1584 952 1619 obtrun-

199 1649 263 1674 cat.
292 1636 352 1671 Ob
370 1636 434 1670 hoc
453 1634 625 1669 Pontificis
640 1634 763 1669 facinus
775 1646 879 1669 totam
890 1633 952 1679 ju-

199 1688 343 1722 daeorum
367 1697 499 1734 gentem
520 1685 632 1719 multis
651 1683 744 1719 malis
762 1681 869 1719 affecit
887 1684 955 1718 -Eu-

202 1736 337 1772 nuchus.
891 1752 895 1758 .

249 1782 438 1820 NeHanebos
453 1784 624 1832 AEgyptius
642 1781 702 1818 suo
721 1784 844 1831 Regno
859 1781 954 1818 Phoe-

200 1835 318 1876 niciam
329 1833 535 1878 adjunxerat:
561 1833 612 1868 sed
624 1833 701 1868 dum
715 1832 844 1868 veniss‘ct
855 1831 954 1867 ochus

201 1886 358 1920 Sidonem
371 1894 447 1917 cum
458 1884 600 1918 exercitu
613 1908 621 1920 ‚
640 1884 748 1929 primo
765 1883 865 1917 Sidon
877 1895 954 1929 pro-

39 1394 155 1433 :Afflisb'

39 1438 72 1465 ab
82 1441 164 1466 Eunu-

42 1479 86 1507 cbo
93 1478 176 1508 Iudai.

44 1830 71 1858 ln·
75 1830 173 1868 pufillae-

41 1873 141 1899 nimitas

38 1910 181 1991 ’2522'ss
199 1935 337 1974 ditione,
348 1943 418 1967 tum
429 1943 536 1968 caetera
546 1932 714 1967 Phoenicia
725 1942 812 1966 metu
824 1931 880 1980 ipsi
889 1942 951 1966 tra-

42 1992 123 2022 tradit
200 1984 266 2019 dita
277 1983 321 2018 est
338 1995 347 2016 :
372 1981 442 2016 imo
457 1980 534 2017 vero
552 1979 734 2016 Neelanehos
751 1979 866 2030 ignavz'i
883 1980 953 2016 for-

41 2034 119 2075 011’02
200 2033 325 2070 midine
359 2043 548 2079 correptus,
572 2035 753 2079 AEgyptum
780 2042 893 2065 contra
917 2043 955 2065 o-

199 2094 313 2119 mnem
331 2081 399 2117 vim
417 2079 543 2129 optime
569 2084 731 2116 munitam
755 2080 900 2115 descrens
922 2081 955 2114 in

204 2131 408 2179 AEthiopiam
435 2128 597 2178 confugit.
632 2133 678 2164 Ita
704 2130 794 2164 nullo
820 2131 957 2177 negotio

200 2191 311 2218 totum
322 2180 415 2216 suum
429 2182 601 2227 imperium
617 2190 842 2227 recuperatum
860 2178 957 2214 stabi-

202 2233 276 2268 livit
295 2233 329 2265 in
343 2242 438 2277 pace,
460 2228 509 2264 sed
529 2242 595 2263 non
614 2229 775 2263 diuturnis
795 2227 889 2273 hujus
903 2241 957 2276 pa-

204 2283 252 2315 cis
282 2279 440 2314 fructibus
467 2279 578 2315 divina
611 2279 752 2313 vindi&a
786 2276 851 2312 frui
876 2278 958 2325 paffa

46 2381 169 2421 effingas·
255 2380 367 2427 Bagoas
378 2375 555 2410 Eunuchus
575 2374 727 2410 tribunus
738 2373 881 2410 militum
898 2389 957 2424 gc-

43 2425 161 2470 sqmst-
209 2439 284 2462 nere
303 2427 365 2461 fuit
382 2425 554 2472 AEgyptius
574 2437 581 2455 :
608 2422 707 2458 Ochm
725 2427 897 2472 AEgyptios
915 2427 960 2458 vi·

42 2473 97 2535 τίω
105 2475 179 2494 “m‘'
208 2478 280 2511 ἂος
289 2475 408 2509 duriter
419 2472 570 2519 oppressit
580 2496 591 2513 ‚
611 2477 642 2507 &
654 2485 690 2505 ex
704 2477 846 2520 AEgypto
859 2474 960 2508 multa

65 2513 93 2536 ἰ’
207 2525 394 2572 Judaeorum
406 2524 507 2556 millia
518 2524 552 2556 in
572 2522 771 2566 Babylonem
791 2528 820 2556 ἃ
832 2523 960 2569 Hyrca-

206 2577 297 2610 niam
318 2572 477 2608 transtulit
498 2586 507 2607 ε
545 2569 598 2605 sed
617 2571 706 2619 quod
727 2572 960 2618 AEgyptiorum

207 2625 352 2659 bilemin
369 2618 486 2656 Ochum
495 2631 568 2655 ante
581 2622 640 2655 alia
659 2624 842 2655 commovit
854 2645 864 2661 ,
884 2620 959 2655 suit:

206 2671 350 2709 insolens
371 2674 405 2705 in
424 2669 564 2717 ipsorum
580 2672 689 2704 Deum
712 2672 813 2718 Apim
836 2682 958 2705 contu-

206 2723 311 2757 melia.
347 2723 447 2755 Hunc
465 2720 519 2753 ille
546 2720 579 2752 in
605 2717 761 2753 sacrificio
781 2722 959 2756 immolans

209 2772 314 2810 asino,
338 2783 374 2804 ut
390 2770 571 2817 gregarium
594 2769 734 2802 vitulum
756 2772 960 2815 coquimanu

211 2818 421 2860 dissectum&
433 2816 565 2852 affatum
582 2817 698 2851 mensae
711 2818 770 2851 suae
782 2820 901 2864 apponi
916 2818 962 2852 fe-

58 2861 169 2926 ξὲιξΐω
215 2870 269 2902 cit.
295 2870 363 2903 Hac
376 2872 461 2903 inter
470 2869 544 2902 alias
556 2868 605 2900 irae
619 2866 728 2901 causas
743 2871 852 2909 Baqoas
864 2871 961 2915 AEgy-

59 2939 194 2968 osbumey
218 2919 303 2964 ptius
316 2929 502 2952 commotus
515 2914 631 2951 Ochum
643 2917 681 2951 dc
693 2910 803 2951 medio
816 2916 939 2951 sustulit
953 2942 962 2957 ‚

59 2980 181 3017 ;„s,ust.,
216 2968 307 3013 regni
320 2980 404 3001 anno
425 2967 577 3001 vicesimo
597 2967 714 3007 tertio,
733 2965 910 3014 corpusque
929 2968 961 3000 in

61 3030 176 3054 conculam
218 3019 344 3050 minuta
377 3014 538 3050 austerum
571 3015 685 3050 felibus
717 3017 959 3050 comedendum

62 3059 182 3106 ‘mins‘-
216 3065 368 3112 praebuit‚
381 3068 410 3098 δε
423 3078 461 3098 ex
473 3065 782 3111 offibusgladioruni
796 3065 964 3100 manubria

64 3100 133 3130 ΜΨ·
218 3115 428 3148 concinnavit
447 3125 455 3146 :
489 3113 571 3147 aliud
591 3128 699 3150 autem
719 3116 856 3149 cadaver
875 3117 964 3163 regio

218 3163 305 3201 lecto
316 3161 502 3210 supposuit,
523 3164 612 3211 quod
625 3177 684 3211 pro
694 3177 769 3201 vero
779 3166 905 3213 Regum
917 3169 962 3216 le·-

1295 81 1471 123 L113.1.
1665 91 1737 125 131

993 155 1131 201 pulchris
1147 155 1266 190 intulit.
1293 155 1351 190 Ista
1373 155 1549 200 cAElianm
1576 156 1740 193 auc0wrern

994 217 1090 250 prout
1099 204 1192 244 solet,
1205 205 1434 240 conticescens.

1043 255 1130 288 Cum
1152 251 1236 288 Ocho
1252 266 1369 288 omncs
1396 265 1527 303 quoque
1554 255 1612 292 filii
1629 256 1744 292 sublati

993 299 1079 339 sunt,
1091 315 1201 349 praeter
1214 304 1338 349 osfrfem
1350 314 1427 338 natu
1439 306 1630 347 minimum,
1644 319 1746 353 quem

994 352 1026 384 in
1045 352 1130 386 solio
1150 352 1329 387 Eunuchus
1356 353 1533 388 collocavit
1555 366 1563 386 :
1596 355 1649 389 sed
1668 354 1746 390 cum

993 399 1043 434 hic
1055 400 1248 436 adolesceret
1258 427 1268 443 ,
1285 413 1432 439 metuens
1450 401 1626 437 Eunuchus
1638 417 1677 437 ne
1689 415 1747 449 pa.-

991 460 1116 485 ternam
1139 451 1259 486 caedem
1278 451 1459 487 vindicaret
1474 479 1482 491 ,
1507 465 1584 486 eum
1608 463 1744 499 quoque

989 502 1111 534 curavit
1129 500 1325 541 necandum,
1343 506 1374 536 &
1386 501 1511 536 Darium
1525 501 1746 536 Codomannum

992 550 1144 583 ultimum
1158 549 1315 585 Persarum
1328 550 1468 598 praefccit
1479 563 1592 598 regno.

1039 600 1129 634 Num
1150 598 1349 635 codomawus
1371 614 1410 635 ex
1427 601 1498 643 Cyri
1517 598 1638 634 familia
1652 608 1743 634 ortus
1760 596 1868 625 Sublatis

993 645 1030 680 sit
1049 672 1058 686 ‚
1087 650 1120 682 &
1144 647 1304 683 Persarum
1331 651 1435 699 Reges
1453 648 1516 684 ullz'i
1541 649 1743 698 cognatione
1761 638 1890 689 ⁰,‘¹’²l¹¹’5‘

993 698 1167 744 eontigerit
1178 723 1188 738 ‚
1204 700 1326 732 variant
1342 701 1488 734 au&ores
1498 701 1622 748 antiqui
1648 700 1744 732 etiam
1762 681 1899 748 ἕξιξζιέῒ.

993 748 1124 792 optimae
1137 759 1218 782 nata
1234 761 1242 780 z
1269 759 1433 797 utcunque
1444 759 1569 784 certum
1580 748 1625 783 est
1645 751 1746 797 Bagoae
1763 772 1792 788 „0
1801 763 1894 798 Bagam

994 796 1115 846 artibus
1133 799 1166 830 in
1187 796 1312 832 throno
1330 799 1527 833 collocatum
1545 814 1554 839 ;
1583 799 1615 832 in
1631 809 1697 845 quo
1710 806 1746 831 ut
1762 801 1881 830 dambro-

995 845 1144 878 conledit
1159 847 1192 878 iu
1207 848 1290 879 euris
1303 849 1406 893 prima
1420 848 1494 888 fuit,
1504 859 1538 882 ut
1550 847 1588 881 de
1598 845 1695 897 Bagoas
1703 845 1748 880 ob
1765 854 1834 872 ”um-

997 892 1047 926 sua
1067 895 1098 926 in
1114 895 1234 940 priores
1254 895 1362 943 Reges
1375 895 1490 930 scelera
1508 896 1682 931 vindi&am
1695 894 1744 930 su-
1764 888 1874 931 Bagoam

995 954 1095 976 meret
1108 960 1116 982 ς
1133 954 1280 977 metuens
1293 957 1332 979 ne
1343 943 1542 979 facinorosus
1553 945 1670 985 homo,
1682 945 1748 978 Re·
1764 927 1824 994 Za?
1834 926 1897 952 Da·

994 1005 1074 1038 gum
1088 994 1236 1039 [anguini
1255 991 1423 1028 fundendo
1439 996 1507 1038 jam
1527 992 1665 1026 assuetus
1680 1018 1691 1033 ‚
1717 990 1750 1026 se
1788 977 1802 995 u
1815 986 1822 995 ”

995 1043 1092 1083 etiarn
1110 1042 1282 1090 aliquando
1307 1042 1525 1078 decessoribus
1541 1042 1669 1076 adderet
1687 1053 1750 1075 no-

996 1103 1068 1125 vam
1088 1092 1265 1126 victimam.

1042 1141 1136 1182 Dum
1155 1138 1203 1176 hae
1221 1144 1256 1175 in
1275 1139 1346 1175 aulai
1364 1139 1482 1176 Persic&
1499 1151 1673 1189 agerentur
1683 1136 1751 1173 trass

994 1189 1112 1237 goediae
1126 1214 1135 1229 ‚
1158 1191 1192 1225 in
1202 1189 1326 1226 Graeciz'i
1342 1191 1459 1225 ωηᾶει
1478 1190 1702 1238 procedebant
1711 1187 1752 1223 ad

994 1239 1210 1275 facilitandam
1233 1240 1335 1277 divini
1356 1240 1475 1275 decreti
1501 1241 1752 1280 executionem,

995 1289 1034 1324 de
1061 1288 1288 1325 transferendo
1316 1289 1331 1324 a
1354 1290 1451 1325 Persis
1479 1289 1520 1324 ad
1548 1289 1753 1324 Macedonas

996 1340 1148 1386 imperio.
1159 1336 1306 1389 Philippus
1319 1340 1461 1374 Macedo
1469 1350 1540 1374 tum
1552 1340 1708 1387 temporis
1718 1338 1753 1371 in

999 1389 1086 1423 bello
1097 1388 1186 1425 sacro
1197 1401 1288 1425 totus
1301 1386 1526 1438 occupabatur
1535 1412 1545 1430 ‚
1565 1388 1656 1438 quod
1664 1388 1753 1422 hunc

997 1438 1026 1473 se
1041 1438 1158 1473 habuit
1169 1439 1206 1474 ad
1217 1440 1366 1475 modum.

1042 1488 1267 1536 Amphiffyones
1283 1488 1373 1524 fuere
1394 1487 1590 1536 Synedrium
1614 1483 1756 1529 Delphis
1772 1485 1899 1517 Philome-⁴

999 1539 1034 1573 in
1048 1538 1194 1585 Apollinis
1210 1539 1338 1587 templo
1354 1537 1395 1572 ad
1405 1548 1600 1573 communes
1618 1537 1754 1570 Graeco-
1775 1530 1871 1557 luscum

998 1600 1070 1622 rum
1081 1589 1150 1622 lites
1162 1587 1354 1623 decidendas
1369 1586 1584 1622 constitutum
1603 1598 1612 1619 τ
1638 1594 1705 1619 erat
1720 1584 1754 1616 in
1773 1568 1905 1639 {CMD‘JJJ‘

999 1635 1126 1671 Phocide
1144 1637 1275 1685 quidam
1290 1650 1365 1686 ager
1377 1636 1512 1685 Apollmi
1528 1634 1697 1684 quondam
1708 1630 1754 1666 sa·
1771 1624 1872 1691 pilia-um

1002 1698 1106 1722 cratus
1119 1712 1129 1728 ,
1139 1689 1227 1722 hunc
1237 1685 1326 1736 quod
1338 1684 1494 1734 Phocenses
1507 1686 1637 1732 privatis
1651 1682 1756 1718 usibus
1776 1693 1892 1731 templum

1002 1736 1238 1785 applicuissent,
1246 1738 1374 1785 ingenti
1385 1736 1517 1784 pecunia
1528 1735 1568 1769 ab
1577 1729 1757 1781 Amphzc'tyo-
1775 1740 1882 1773 occupat.

1002 1785 1086 1822 nibus
1104 1787 1251 1821 mulctati
1271 1787 1342 1822 sunt
1354 1811 1364 1827 ,
1385 1785 1640 1821 Lacedaemoniis
1656 1783 1759 1817 etiam

1002 1836 1047 1871 ob
1066 1846 1165 1883 captae
1184 1835 1500 1880 Cadmeaeinjuriam
1513 1835 1635 1869 mulCta
1652 1833 1761 1881 gravis

1002 1884 1124 1920 inflicta
1135 1884 1199 1920 est:
1225 1885 1369 1933 utrisque
1381 1883 1473 1932 quod
1484 1885 1525 1918 ad
1536 1884 1660 1918 dicium
1672 1882 1762 1916 diem

1003 1936 1160 1970 mulffihm
1176 1947 1243 1970 non
1261 1935 1435 1974 solverent,
1449 1933 1611 1981 duplicata
1621 1931 1663 1966 est
1675 1929 1764 1966 sum·

1005 1997 1079 2020 ma:
1105 1981 1282 2019 Philomelus
1292 1982 1401 2031 aperte
1418 1993 1514 2019 vocat
1527 1978 1712 2016 Phocenses
1723 1979 1764 2014 ad

1004 2047 1113 2069 arma:
1132 2034 1196 2081 ipse
1207 2034 1350 2069 delectus
1361 2033 1536 2080 imperator
1548 2029 1763 2079 proficiscitur

1005 2086 1163 2131 Spartam,
1181 2096 1256 2118 cum
1266 2081 1327 2131 quii
1339 2083 1524 2117 communis
1533 2091 1597 2115 erat
1608 2079 1763 2114 Phocen-

1005 2134 1086 2168 sium
1109 2131 1202 2168 causa
1221 2157 1231 2170 ‚
1270 2129 1460 2167 Archidamm
1483 2131 1554 2165 Rex
1575 2128 1659 2164 clam
1682 2127 1762 2163 facit

1004 2182 1104 2217 fidem
1117 2180 1280 2217 sociorum
1293 2193 1460 2216 armorum
1474 2193 1482 2214 :
1501 2179 1559 2214 hac
1569 2177 1698 2214 inflatus
1708 2178 1763 2225 spe

1006 2229 1183 2266 Philomelus
1201 2229 1323 2266 armata
1341 2243 1440 2265 manu
1458 2227 1742 2276 Delphosinvadit
1754 2251 1765 2267 ‚

1008 2283 1265 2329 AmphiStyonas
1281 2282 1390 2326 ejicit,
1416 2280 1585 2314 oraculi&
1598 2278 1764 2312 bonorum

1009 2330 1170 2378 eApollinis
1199 2328 1263 2377 ipse
1279 2330 1336 2364 fibi
1357 2328 1532 2363 custodiam
1553 2328 1671 2362 sumit,
1694 2338 1765 2360 non

1009 2380 1143 2429 quidem
1165 2381 1300 2427 attingit
1320 2379 1473 2417 donaria,
1501 2387 1627 2411 tantam
1651 2386 1764 2409 tamen

1008 2432 1152 2477 pecuniae
1173 2431 1302 2475 copiam
1324 2426 1483 2462 ditisfimis
1507 2437 1580 2460 tum
1600 2438 1637 2459 ex
1664 2421 1765 2471 longz‘i

1009 2491 1085 2525 pace
1098 2478 1237 2523 Delphis
1255 2479 1379 2510 invenit
1391 2500 1400 2512 ‚
1423 2488 1494 2521 quae
1509 2473 1564 2520 ipfi
1576 2484 1643 2507 non
1660 2471 1763 2507 inodo

1007 2527 1046 2561 ad
1058 2526 1265 2560 numerosum
1279 2526 1417 2558 militem
1429 2522 1593 2561 alendum,
1603 2519 1655 2556 sed
1664 2523 1762 2557 etiarn

1009 2575 1047 2610 ad
1064 2572 1303 2622 potentissimas
1318 2571 1458 2621 quasque
1471 2572 1603 2607 Graeciae
1615 2573 1764 2606 civitates

1008 2627 1041 2659 in
1065 2623 1253 2658 societatem
1275 2621 1504 2671 largitionibus
1523 2620 1761 2667 pertrahendas,

1007 2673 1135 2709 abunde
1144 2671 1279 2708 suffecit.

1059 2725 1259 2770 Qanquam
1272 2719 1477 2756 necessarium
1489 2719 1628 2755 habuere
1640 2718 1759 2759 Graeci,
1781 2733 1917 2770 BeHamfia

1009 2783 1080 2806 turn
1093 2773 1248 2818 temporis
1261 2772 1294 2805 in
1307 2768 1500 2804 Ethnicismi
1512 2768 1657 2805 sordibus
1674 2769 1761 2804 altis-
1781 2785 1888 2814 crumgs-

1010 2818 1086 2855 sim&
1100 2818 1235 2855 demersi
1249 2844 1259 2860 ‚
1286 2818 1537 2855 scelestiffimum
1550 2818 1613 2854 hoc
1623 2820 1761 2860 bellurn,
1775 2824 1912 2856 ganeam-3

1011 2882 1198 2918 novamque
1210 2881 1324 2905 contra
1335 2868 1427 2904 Deos
1445 2869 1762 2916 Gigantomachiam
1782 2857 1844 2887 clm.

1010 2919 1204 2959 existimare,
1218 2918 1434 2954 nihilominus
1452 2928 1488 2951 ut
1505 2919 1647 2964 primum
1664 2917 1766 2953 Philo-

1010 2967 1099 3002 melus
1117 2968 1204 3015 suam
1232 2980 1377 3003 mentem
1399 2967 1600 3015 publicavit,
1625 2968 1763 3017 augendi

1010 3018 1125 3052 diurna
1143 3020 1285 3053 militum
1302 3017 1455 3063 stipendia
1472 3018 1510 3052 ad
1523 3017 1678 3052 semissem
1694 3041 1704 3054 ,
1727 3021 1764 3052 δε

1012 3066 1167 3102 referendi
1191 3067 1363 3101 liberaliter
1375 3067 1500 3101 cunffis
1511 3068 1644 3115 gratiam
1660 3095 1668 3107 ,
1686 3068 1763 3114 qui-

1013 3129 1142 3163 cunque
1153 3116 1241 3151 suam
1265 3117 1391 3151 nollent
1409 3118 1585 3151 amicitiam
1597 3116 1762 3164 respuere,

1014 3165 1151 3218 confluit
1170 3165 1277 3203 statim
1289 3190 1300 3210 ,
1326 3176 1399 3202 utut
1418 3165 1456 3200 ad
1477 3168 1614 3216 impium
1636 3168 1740 3203 virum
1755 3190 1765 3202 ,

1391 3215 1421 3252 R
1450 3227 1468 3250 2
1662 3215 1766 3250 maxi-
