2048 3343
156 1658 215 1689 „Ad
230 1669 269 1687 ar-

149 1708 269 1738 gumenta

154 1743 273 1779 Sualigeri

154 1783 274 1821 responfio.

155 2006 212 2037 Aa!
226 2018 247 2036 ι.

153 2689 211 2720 Ad
221 2702 246 2720 2.

311 128 386 160 174
640 110 954 148 OPER1S

308 185 424 220 darum
443 179 533 217 finis.
570 180 622 214 De
638 183 758 228 majori
769 175 943 213 totalisest
956 198 965 212 ‚
979 185 1052 207 eam

310 234 495 283 probamus
506 243 543 265 ex
557 231 678 272 Dan.9.
689 241 772 275 νας.
781 229 819 262 Ab
830 225 1054 272 exitufhrmonis

310 286 350 318 ad
365 289 389 318 C
396 281 511 328 hristum
522 281 617 314 ducem
623 280 689 326 fimi
701 278 874 314 hebdomada
876 276 982 322 septem
993 297 1003 314 ‚
1018 275 1054 311 ῤ’

314 332 486 367 hebdomada
490 330 645 376 sexaginta
655 331 710 363 dua
727 342 735 362 .·
760 325 810 361 hic
827 327 844 360 a
866 324 980 360 christo
996 334 1056 356 no-

314 382 442 415 minato
461 390 517 414 aut
528 375 618 426 palso
632 403 642 418 ‚
661 376 711 411 sed
723 374 854 424 publice
868 386 924 422 per
933 371 1055 419 baptis-

312 442 406 464 mum
418 431 548 462 initiato
561 431 689 461 muneri
702 426 904 460 mediatorio
915 448 924 463 ‚
937 432 1056 455 nume-

310 490 424 513 rantur
458 476 680 512 hebdomadae
712 476 876 522 sexaginta
907 480 1026 504 novem
1048 481 1056 501 :

310 529 382 576 post
397 539 473 574 quas
491 528 525 560 in
544 525 776 574 septuagesima
787 517 993 557 unavtantum
1004 528 1056 550 ie-

310 590 432 611 manet.

360 626 411 661 Ut
438 625 503 660 hoe
528 627 628 659 evitet
655 627 888 667 argumentum
915 617 1053 667 Scaliger,

308 675 446 722 utrique
463 675 610 709 editione
633 667 857 703 hebdomadas
877 664 1054 701 miserrime

308 726 462 764 involvit,
473 734 584 757 earum
597 730 700 768 partes
711 718 1055 755 dilcontinuat‚unam,

309 773 431 821 septem
450 797 458 812 ,
489 776 521 806 &
543 769 704 816 sexaginta
723 766 803 800 duas
828 764 1057 799 hebdomadas

312 823 388 862 huc,
405 823 481 856 illuc
493 820 635 863 conjicit,
649 812 850 856 ante,retro‚
862 811 1056 848 confusione

313 870 542 918 inexplicabili.
564 867 629 903 Sed
641 876 744 902 vertat
755 862 1058 904 sursum,deorsum,

315 924 349 954 &
368 918 509 967 quoquo
529 916 600 952 vult
620 914 908 949 hebdomadarum
931 924 1038 961 partes
1053 935 1060 949 ,

312 980 381 1002 non
409 966 544 1015 effugiet
569 965 756 1011 argumenti
780 962 909 997 nodum
934 980 945 1003 ς
980 974 1056 995 nam

310 1017 479 1065 Propheta
493 1013 702 1050 disertiffimis
722 1012 829 1048 verbis
845 1010 982 1046 affirmat
993 1011 1057 1045 flu-

308 1066 380 1101 xisse
391 1066 512 1114 septem
524 1069 557 1099 δε
568 1063 727 1112 sexaginta
740 1062 817 1097 duas
826 1060 1058 1096 hebdomadas

309 1127 385 1150 ante
405 1116 547 1159 Christum
563 1138 573 1151 ‚
587 1125 696 1148 utrum
708 1124 819 1146 natum
829 1136 838 1152 ,
856 1123 898 1144 an
911 1110 1057 1159 baptiza-

309 1176 445 1205 tum‚an
457 1163 577 1211 passum
596 1191 604 1203 ,
631 1161 713 1196 nihil
725 1162 767 1196 ad
778 1173 846 1195 rem
859 1159 1057 1207 praesentem,

309 1214 503 1249 dummodo
531 1213 604 1260 post
625 1211 769 1258 Christum
789 1222 854 1244 una
876 1208 1007 1244 tantum
1021 1221 1057 1242 ex

308 1264 514 1310 septuaginta
551 1260 817 1296 hebdomadibus
852 1256 986 1306 supersit
1019 1259 1058 1292 ad

308 1314 482 1360 perioches
493 1311 594 1345 finem
617 1323 624 1343 :
645 1310 713 1344 hoc
725 1310 804 1343 dato
814 1309 961 1354 (quodin
973 1307 1057 1341 Pro-

309 1362 429 1409 phetiae
447 1361 555 1395 verbis
577 1359 649 1394 satis
668 1359 712 1394 est
726 1356 959 1404 manifestum)
990 1368 1059 1390 non

310 1409 445 1458 possunt
463 1410 536 1458 post
558 1410 699 1456 Christum
717 1406 931 1441 hebdomadae
949 1405 1060 1440 claudi

309 1459 406 1495 serius
427 1459 616 1508 septennio.
651 1458 857 1493 Claudentur
878 1467 989 1490 autem
1016 1453 1060 1488 se-

312 1511 458 1557 ptenniis
473 1511 619 1556 quinque
642 1533 653 1549 ,
677 1511 711 1542 &
731 1505 822 1553 quod
835 1506 975 1540 excurrit
993 1504 1061 1552 post

313 1559 455 1596 christum
470 1557 592 1605 pass'um
612 1582 623 1597 ‚
649 1555 671 1590 si
683 1567 799 1590 eorum
816 1555 917 1591 finem
929 1557 963 1589 in
975 1553 1062 1588 urbis

311 1608 440 1643 excidio
458 1608 649 1642 statuamus.

360 1658 425 1691 Pro
443 1655 500 1691 sua
519 1656 679 1691 sententia
689 1653 756 1689 haec
770 1654 862 1689 affert
879 1656 1001 1702 Scaliger
1013 1666 1061 1687 ar-

313 1718 485 1755 gumenta.
511 1707 746 1746 Primum,non
759 1703 917 1738 finiuntur
934 1703 1060 1737 hebdo-

315 1756 421 1791 madoe
444 1768 518 1792 ante
540 1755 722 1802 completas
747 1765 796 1788 res
823 1752 865 1787 ab
885 1754 1059 1802 Angeloin

315 1804 565 1840 hebdomadum
577 1802 705 1839 historia
716 1813 930 1837 memoratas.
955 1805 1059 1849 Atqui

315 1857 464 1902 Angelus
474 1854 623 1889 distincte
641 1855 759 1887 trastat
772 1853 811 1887 de
821 1852 1060 1887 calamitatibus

314 1900 477 1950 populi&
490 1905 614 1938 excidio
628 1901 762 1936 urbisin
774 1900 1059 1936 hebdomadarum

317 1951 464 1987 histori'a'.
682 1966 687 1971 '

361 2000 462 2048 Resp.
486 2000 728 2049 Distinguendo
742 2025 751 2042 ,
763 1999 824 2035 alia
835 2002 1014 2036 tractantur
1027 2002 1060 2035 in

312 2050 448 2085 historia
466 2048 718 2085 hebdomadum
737 2075 747 2091 ‚
771 2049 830 2084 alia
841 2062 917 2084 cum
929 2050 1062 2085 historia

312 2100 566 2134 hebdomadum
581 2115 588 2134 ε
601 2099 743 2134 fatemur
752 2099 980 2134 hebdomadas
994 2112 1062 2135 non

313 2147 401 2182 finiri
423 2159 497 2182 ante
517 2147 660 2195 perfedhi
677 2150 788 2196 priora
805 2173 816 2189 ‚
841 2148 894 2184 sed
913 2160 948 2183 ut
968 2162 1062 2185 com—

310 2199 464 2244 pleantur
481 2198 663 2243 posteriora
690 2209 765 2231 ante
782 2197 1060 2232 hebdomadarum

311 2244 414 2279 finem
425 2245 546 2278 nonest
561 2242 694 2279 necesse.
732 2246 810 2278 Hoc
827 2246 964 2290 quidem
983 2245 1060 2278 loco

312 2293 407 2328 simul
417 2307 488 2328 cum
501 2293 642 2328 adventu
655 2293 768 2327 christi
777 2304 942 2327 memorat
953 2294 1062 2341 Auge-

312 2345 362 2377 lus
382 2343 467 2378 urbis
484 2343 642 2377 excidium
655 2367 664 2380 ,
684 2340 733 2376 sed
746 2343 839 2375 istum
855 2341 1061 2390 diserteprae-

312 2394 409 2440 ponit
423 2392 566 2441 Angelus
587 2391 879 2426 hebdomadarum
893 2391 975 2427 fini,
995 2392 1060 2424 hoc

311 2441 391 2476 vero
409 2452 475 2474 tam
495 2440 609 2475 diserte
638 2440 821 2488 postponit.
854 2441 962 2487 Qiod
980 2439 1061 2487 ergo

311 2490 540 2525 hebdomadas
553 2495 586 2525 δέ
599 2503 708 2525 earum
720 2489 890 2523 historiam
902 2515 910 2528 ,
932 2492 1061 2523 omnia-

311 2552 376 2586 que
390 2540 426 2573 iis
440 2551 598 2574 contenta
611 2539 801 2573 claudamus
813 2538 869 2572 diu
887 2549 961 2572 ante
972 2537 1060 2572 urbis

310 2590 475 2623 excidium
490 2613 498 2625 ‚
516 2589 547 2624 id
557 2586 696 2622 facimus
709 2586 839 2635 Angelo
852 2599 1015 2636 praeeunte
1028 2592 1061 2624 &

311 2635 507 2686 praeferente
518 2639 612 2671 nobis
624 2636 742 2673 facem.

359 2686 550 2721 Secundum
562 2696 793 2732 argumentum
804 2683 868 2718 hoc
881 2684 936 2719 est.
973 2683 1058 2718 Sub-

307 2738 434 2783 jeftum
462 2735 751 2772 hebdomadarum
772 2743 837 2767 erat
855 2734 1000 2780 populus
1026 2737 1059 2767 Sc

309 2788 424 2820 civitas
436 2787 510 2819 Dan
527 2797 558 2826 9.
573 2797 624 2819 v.z
635 2794 661 2829 5.
683 2783 873 2830 Septuaginta
886 2782 1062 2817 bebdomada

309 2838 501 2870 determinata
518 2837 581 2879 ficnt
601 2835 682 2880 super
700 2836 830 2880 populum
843 2840 924 2866 tuum
937 2832 1060 2878 &fitper

304 2886 436 2929 sanciam
452 2884 601 2918 civitatem
611 2893 708 2917 tuam:
738 2880 824 2929 Ergo
834 2892 908 2915 ante
919 2880 1057 2915 excisum

309 2935 468 2980 populum
485 2937 519 2967 &
538 2931 680 2967 eversam
691 2932 855 2966 civitatem
866 2929 1056 2964 hebdoma-

311 2982 359 3015 dae
372 2995 437 3015 non
449 2981 518 3016 sunt
531 2980 694 3015 finiendae.

358 3031 455 3076 Resp.
474 3030 642 3079 Negando
664 3029 938 3075 consequentiam
952 3053 962 3066 ‚
982 3038 1056 3060 nam

309 3075 528 3114 hebdomadae
540 3093 607 3114 non
619 3090 711 3114 erant
729 3080 954 3113 determinatae
966 3075 1057 3123 super

309 3125 470 3172 populum
492 3132 525 3160 &
545 3131 713 3163 civitatem
741 3126 888 3162 absolute*
914 3143 923 3161 ι
956 3127 1057 3160 multa

308 3175 395 3208 enim
414 3174 455 3210 ad
471 3178 632 3222 populum
647 3177 823 3223 judaicum
837 3181 870 3216 &
891 3178 1057 3214 civitatem

1016 101 1503 141 H13TOR1C1

1099 173 1364 221 Hierosolymam
1386 174 1562 221 spectantia
1581 175 1845 213 tam‘anteceffe-

1098 236 1173 258 runt
1194 223 1292 271 quam
1321 224 1523 271 consequuta
1545 224 1617 259 sunt
1642 226 1847 275 septuaginta

1100 273 1331 308 hebdomadas
1350 286 1359 307 :
1387 272 1439 307 sed
1450 273 1680 310 determinavit
1695 278 1786 311 Dens
1798 275 1846 310 se-

1101 325 1271 370 ptuaginta
1293 322 1527 363 hebdomadas
1551 324 1591 359 ad
1611 336 1647 358 ca
1670 325 1847 371 praestanda

1101 373 1148 404 isti
1158 372 1283 417 populo
1295 376 1329 406 &
1343 371 1413 406 urbi
1428 385 1500 419 qnae
1512 374 1657 421 Angelus
1670 373 1849 421 subjungit,

1101 419 1220 454 scilicet
1243 423 1439 467 pertinentia
1458 421 1497 455 ad
1519 423 1666 469 Christum.
1682 423 1797 457 ducem
1812 427 1848 457 δε

1102 467 1253 503 desolatae
1265 471 1351 504 urbis
1363 471 1767 518 reparationem‚quorum
1780 484 1848 505 tam

1100 519 1231 552 initium
1245 517 1345 564 qudm
1358 519 1459 553 finem
1473 519 1563 553 versu
1579 520 1726 566 sequenti
1739 524 1851 568 Ange-

1098 568 1146 602 lus
1166 567 1237 614 figit
1257 571 1290 601 in
1310 570 1396 602 exitu
1410 566 1570 602 sermonis
1583 572 1617 603 &
1633 570 1744 615 Christo
1755 570 1850 604 duce.

1102 619 1141 651 Et
1155 617 1232 652 vero
1242 629 1316 651 cum
1331 617 1450 665 Angeli
1469 616 1584 664 scopus
1601 616 1676 652 effer
1697 621 1849 654 Danielem

1102 671 1135 701 &
1146 667 1340 713 Judaeorum
1355 665 1465 701 fideles
1478 669 1616 712 optimis
1630 669 1756 702 nunciis
1768 680 1852 702 con-

1101 715 1424 762 solari‚nequaquam
1437 715 1513 750 vero
1523 714 1717 763 praesentern
1730 730 1850 752 eorum

1102 766 1224 799 luctum
1237 765 1419 799 futurarum
1431 766 1650 800 calamitatum
1673 768 1852 801 denuncia-

1103 815 1198 847 tione
1214 816 1400 853 cumulate,
1418 826 1453 849 ut
1478 814 1708 850 hebdomadas
1726 817 1852 862 incepit

1103 861 1255 909 amagnae
1268 861 1507 897 consolationis
1521 866 1653 899 materia
1669 891 1677 904 ,
1697 865 1786 899 urbis
1799 878 1851 899 re—

1104 910 1332 952 aedificatione,
1344 912 1388 944 ita
1399 911 1522 946 easdem
1537 912 1644 947 voluit
1654 914 1804 949 claudere
1818 917 1851 948 in

1106 963 1237 1005 majoris
1246 961 1353 1008 gaudii
1367 972 1564 1008 argumento
1573 986 1583 1002 ‚
1593 966 1717 1009 peccati
1728 963 1850 998 scilicet

1106 1012 1213 1045 omnis
1233 1014 1266 1044 δι
1288 1011 1341 1043 irae
1359 1008 1543 1044 abolitione
1564 1023 1621 1059 per
1638 1012 1746 1059 christi
1762 1024 1852 1046 mor-

1105 1071 1170 1094 tem
1191 1082 1199 1096 ,
1227 1063 1261 1094 &
1285 1056 1398 1093 foedus
1417 1062 1486 1104 ejus
1504 1060 1659 1107 sanguine
1678 1059 1851 1095 sancitum.

1107 1111 1193 1155 Qiae
1220 1118 1329 1142 autem
1359 1108 1400 1143 de
1427 1108 1514 1143 urbis
1540 1110 1667 1143 excidio
1695 1122 1731 1145 ut
1756 1109 1854 1157 poenfi

1103 1157 1244 1205 Christum
1262 1156 1527 1205 crucifigentibus
1547 1183 1557 1199 ,
1584 1160 1716 1206 ejusque
1742 1158 1853 1195 foedus

1105 1205 1350 1255 aspernantibus
1370 1206 1490 1241 inflicta
1510 1219 1634 1247 narrat,
1649 1220 1732 1243 caut
1745 1209 1854 1243 minus

1105 1257 1327 1291 consolatoria
1347 1283 1355 1296 ,
1381 1257 1530 1304 adeoque
1544 1256 1652 1292 minus
1664 1258 1702 1292 ad
1717 1258 1851 1304 praesens

1105 1305 1197 1341 suum
1210 1306 1386 1347 institutum
1399 1304 1560 1346 facientia,
1570 1308 1758 1342 commode
1767 1319 1855 1342 extra

1105 1355 1393 1390 hebdomadarum
1405 1357 1567 1390 terminos
1579 1356 1733 1403 seposuit.

1156 1406 1309 1439 Tertium
1336 1416 1569 1451 argumentum
1582 1432 1590 1440 .
1629 1405 1684 1440 Ad
1720 1408 1855 1453 scaligeri

1108 1465 1300 1501 computum
1345 1465 1500 1501 tempora
1543 1453 1627 1500 belle
1675 1457 1970 1504 quadrant-Ad&

1110 1501 1353 1551 Resp.Minime
1366 1504 1752 1551 omniumzprzeterquam
1766 1506 1854 1538 enim

1109 1552 1205 1600 quod
1225 1550 1345 1586 necesse
1372 1550 1473 1585 habet
1496 1554 1621 1598 Scaliger
1633 1551 1785 1601 singulari
1800 1554 1857 1586 in-

1110 1612 1234 1642 vento,
1252 1613 1285 1635 nt
1297 1603 1336 1636 ad
1348 1601 1438 1636 urbis
1449 1601 1612 1636 excidium
1626 1602 1857 1637 hebdomadas

1110 1651 1255 1686 deducat
1268 1675 1278 1690 ,
1301 1660 1365 1686 tres
1381 1662 1487 1685 annos
1501 1655 1534 1686 &
1547 1646 1724 1686 dimidium
1738 1663 1856 1685 contra

1108 1702 1309 1748 Scripturam
1323 1725 1332 1741 ,
1354 1700 1599 1748 quadringentis
1611 1703 1793 1749 nonaginta
1803 1700 1856 1735 su-

1107 1749 1286 1798 peraddere
1305 1765 1317 1793 3
1343 1754 1512 1785 Artaxerxis
1529 1752 1628 1784 etiam
1647 1751 1794 1786 edietum
1814 1751 1858 1785 de

1110 1801 1273 1835 mittendo
1286 1800 1371 1846 Eftlra
1384 1799 1425 1834 ad
1436 1801 1503 1843 ejus
1514 1800 1665 1845 quintum
1678 1813 1744 1835 non
1757 1799 1855 1848 septi-

1109 1862 1200 1884 mum
1213 1874 1223 1891 ,
1236 1860 1272 1883 ut
1290 1848 1352 1896 ipse
1375 1849 1470 1893 Esdras
1481 1853 1514 1882 δέ
1525 1861 1641 1882 omnes
1652 1852 1858 1897 interpretes,

1108 1896 1236 1934 referre.
1266 1899 1347 1938 His,
1364 1896 1857 1944 inquam‚omi[lis?1veroheb-

1108 1948 1329 1984 domadarum
1355 1947 1517 1995 principio
1553 1952 1725 1992 Artaxerxis
1751 1945 1859 1995 Longi-

1109 2002 1191 2034 mani
1211 1996 1351 2044 septimo
1368 1996 1410 2040 ad
1429 1996 1518 2030 urbis
1531 1997 1691 2031 excidium
1713 2019 1722 2033 ‚
1749 1994 1857 2030 mult&

1110 2051 1215 2096 plures
1233 2048 1436 2095 septuaginta
1453 2045 1721 2080 hebdomadibus
1739 2045 1858 2079 decur-

1109 2108 1233 2132 rerunt.
1271 2101 1318 2130 Ita
1339 2107 1374 2130 ut
1392 2095 1433 2129 ad
1451 2093 1756 2142 Scaligericalrulum
1769 2104 1857 2127 tem-

1109 2160 1192 2195 pora
1219 2143 1360 2180 omnino
1384 2157 1451 2177 non
1480 2144 1677 2188 quadrenF,
1704 2141 1761 2175 nifi
1786 2145 1856 2186 ejus

1108 2196 1182 2229 falsa
1202 2194 1360 2240 principia
1378 2193 1552 2237 largiamur
1571 2215 1581 2231 ‚
1604 2188 1696 2224 fuiffe
1725 2194 1857 2226 Nothum

1108 2244 1162 2288 qui
1190 2241 1330 2275 extruxit
1357 2240 1517 2286 templum
1539 2242 1573 2273 δε
1599 2247 1777 2275 Mnemonem
1799 2242 1857 2286 qui

1107 2291 1223 2337 Esdram
1249 2293 1282 2324 &
1308 2291 1480 2324 Neliemiam
1506 2287 1635 2324 miserat
1664 2288 1858 2335 Hierosoly-

1108 2352 1207 2374 mam.

1159 2391 1330 2435 Qartum
1353 2390 1481 2436 Scaliger
1505 2399 1737 2435 argumentum
1757 2385 1855 2422 sumit
1876 2419 1888 2430 ι

1107 2438 1123 2473 ἆ
1146 2437 1432 2485 Matth.24.v.25.
1457 2438 1584 2482 Christus
1602 2438 1678 2472 dicit
1692 2437 1855 2471 Hieroso-

1107 2489 1192 2533 lyma
1203 2487 1385 2522 excidenda
1398 2512 1405 2528 ,
1418 2487 1556 2534 quando
1569 2485 1775 2520 abominatio
1789 2486 1852 2519 de·-

1107 2536 1288 2577 soluimus,
1301 2537 1342 2570 de
1353 2536 1417 2582 qua
1430 2536 1536 2571 Daniel
1550 2561 1559 2574 ,
1586 2534 1807 2570 collocabitur
1820 2536 1853 2568 in

1106 2584 1234 2633 templo
1255 2611 1265 2626 ,
1296 2585 1382 2632 Ergo
1408 2583 1628 2619 hebdomadae
1646 2582 1797 2618 finicndae
1820 2584 1855 2618 in

1107 2635 1196 2670 urbis
1208 2633 1350 2670 excidio.
1773 2661 1777 2666 .

1157 2682 1258 2728 Resp.
1286 2681 1387 2716 Nulla
1399 2680 1450 2716 hic
1461 2681 1503 2716 est
1515 2682 1763 2729 consequentia,
1776 2682 1852 2714 citat

1104 2733 1240 2780 quidem
1258 2732 1384 2777 Christus
1403 2731 1515 2765 locum
1529 2734 1657 2767 Danielis
1673 2756 1681 2768 ,
1708 2736 1741 2764 δέ
1763 2730 1855 2764 urbis

1104 2782 1267 2816 excidium
1281 2780 1297 2815 a
1309 2782 1429 2816 Daniele
1442 2781 1635 2828 praedictum
1646 2779 1748 2812 afferit
1763 2803 1772 2818 ,
1801 2777 1854 2814 sed

1102 2833 1231 2866 nullum
1243 2829 1379 2864 verbum
1391 2827 1517 2877 profert
1527 2829 1568 2863 de
1579 2825 1853 2868 hebdomadibus,

1102 2879 1190 2926 quasi
1205 2881 1265 2914 illae
1275 2881 1324 2913 vel
1335 2879 1377 2913 ad
1392 2878 1480 2912 urbis
1491 2877 1649 2911 excidium
1663 2901 1672 2917 ,
1698 2877 1748 2910 vel
1760 2876 1799 2911 ad
1811 2877 1853 2910 il-

1102 2931 1162 2962 lius
1181 2927 1402 2969 sscstadysaa'l&
1422 2928 1456 2959 in
1474 2926 1553 2959 loco
1567 2924 1679 2962 sanc‘to
1699 2924 1852 2960 collo-ca—

1102 2979 1232 3011 tionem
1245 2975 1513 3009 extenderentur.

1148 3025 1312 3061 Ultimum
1330 3023 1465 3069 scaligeri
1484 3034 1716 3071 argumentum
1729 3047 1738 3060 ‚
1757 3022 1852 3070 quod
1873 3026 1931 3060 Ad
1944 3038 1965 3063 ς.

1099 3074 1165 3121 ipse
1187 3070 1413 3108 validissimum
1436 3070 1536 3105 telum
1562 3084 1681 3112 vocat,
1703 3073 1767 3106 hoc
1786 3073 1849 3106 est.

1102 3126 1202 3159 Darius
1222 3123 1279 3168 qui
1298 3121 1450 3155 Zacharia
1464 3120 1632 3167 Prophetae
1647 3123 1852 3168 temporibus

1102 3170 1273 3209 extruendi
1292 3171 1407 3219 templi
1425 3169 1546 3218 Judaeis
1566 3170 1760 3218 potestatem
1773 3180 1852 3251 cgn-

1752 3228 1785 3252 cc
1813 3228 1852 3257 it,

2027 1589 2031 1703 g

2029 1708 2032 1860 ζ

2030 1861 2039 1943 i.
