2048 3343
38 957 71 984 Iu
82 953 176 986 ,Alsie-

40 1008 85 1025 nu
93 1003 168 1032 tolum

33 1040 106 1075 suum
122 1047 155 1063 ex

39 1082 164 1117 inopinato

38 1127 170 1147 exercitum

41 1162 161 1186 :otii-ertit

36 1201 175 1238 Philippum

440 93 508 120 aa·
567 81 1236 120 CHRonotocici

198 160 309 204 eiepta
328 153 480 190 faucibus
489 154 555 195 est,
577 151 786 189 nonrantiim
798 152 944 186 adventu

197 211 404 254 satraparum
426 228 433 240 ‚
457 217 541 251 quos
559 201 741 238 numerosis
752 213 826 235 cum
838 202 943 248 copiis

196 259 269 292 Rex
287 255 453 290 Persarum
475 253 601 287 miserat
623 252 665 285 ad
682 250 770 285 urbis
790 252 941 290 tutelam,

194 319 265 354 quo
278 305 362 340 sicin
374 303 440 352 ipsa
453 304 581 337 Graecia
596 300 784 348 Philippicae
802 299 943 334 fortunae

193 356 302 390 cursus
316 349 778 397 refraenaretur,sedinprimis
791 352 942 396 Byzanti-

193 416 314 440 norum
326 401 446 450 operzi,
464 403 522 448 qui
534 399 586 434 sua
598 401 714 433 onmia
724 398 943 434 defendendae

193 455 328 490 Perintho
351 451 621 486 contribuerant.
665 450 742 483 Hoc
759 448 942 497 indignatus

193 505 333 549 Philippus
346 526 356 541 ,
377 500 488 534 reliftfi
500 499 542 533 ad
561 501 726 534 Perinthmn
737 498 876 532 <limidi-31
886 510 942 532 co-

190 555 318 600 piarum
331 561 435 598 parte,
446 548 508 596 ipse
525 561 600 582 cum
613 550 729 583 caeteris
741 546 872 582 festinat
883 558 940 580 oc-

192 613 310 648 cupate
323 603 514 646 Byzantium
527 625 534 637 ,
544 599 636 646 quod
648 610 748 643 parvo
758 594 943 643 praestitiffet

192 652 335 698 negotio
354 675 362 688 ,
391 650 422 682 ni
448 646 698 682 denuncisss‘ent
727 644 944 680 Athenienses

193 700 331 747 praescns
362 697 485 733 bellum
513 694 944 732 continuanriobsidionem

195 751 345 796 Byzantii
358 749 497 781 civitatis
510 745 584 795 ipsis
597 746 726 780 sociarae
743 759 750 780 ε
771 745 837 779 hoc
854 755 946 778 metu

194 812 270 833 cum
281 799 469 843 Byzantinis
481 796 575 831 simul
585 794 800 830 &Perinihi'is
811 795 942 841 pacisci-r

194 860 321 888 tur‚ne‚
333 845 354 881 si
366 858 517 895 pergeret
529 871 539 887 ‚
556 844 640 879 Asiae
655 843 796 879 simul&
809 845 946 878 Graeciae

191 897 345 932 infestum
356 898 389 929 in
403 894 431 929 se
441 897 540 929 robur
551 894 739 928 attraherer.

237 947 360 981 Noluit
373 956 483 980 tamen
494 938 945 990 intempestivamAthenien·

197 988 946 1042 fiumimportunitateminultamabirezstatuit

197 1058 298 1095 quain
321 1045 471 1079 maximis
490 1044 597 1088 poruit
615 1041 722 1086 copiis
741 1040 945 1086 imparatam.

199 1098 344 1130 Atticam
370 1092 522 1127 invadere
549 1104 588 1124 ex
608 1091 793 1135 inopinato.
831 1090 945 1134 Ingre-

197 1144 286 1179 ditur
303 1143 389 1176 viam
402 1166 411 1181 ‚
431 1141 605 1174 nunciatur
618 1138 753 1172 Athenis
764 1149 832 1170 non
843 1134 945 1185 longe

195 1194 354 1238 Philippum
365 1187 471 1223 abeise
481 1215 489 1229 ‚
499 1199 736 1237 properantem
745 1189 781 1221 ad
792 1185 883 1221 urbis
892 1198 943 1220 ex-

192 1242 317 1275 cidium
333 1253 341 1273 ε
359 1240 501 1273 maxima
512 1239 549 1273 fit
561 1239 680 1286 populi
696 1237 807 1278 ἀγωνία
818 1264 826 1276 ,
836 1237 944 1283 primo

192 1303 288 1324 marie
300 1288 507 1325 descenditur
523 1291 556 1321 in
573 1287 739 1323 theatrum
755 1305 766 1327 ,-
791 1286 946 1331 jubentur

187 1341 363 1388 aliquoties
389 1338 524 1385 publico
546 1339 717 1386 praeconio
739 1347 887 1370 oratores
899 1335 946 1370 di-

185 1402 259 1424 cere
274 1415 284 1431 ,
310 1390 423 1437 prodit
443 1401 544 1422 nemo
560 1414 568 1427 ,
588 1389 727 1432 conjicit
745 1384 947 1420 inoestiffima

188 1439 283 1486 plebs
296 1441 329 1473 in
346 1439 557 1485 Demosthenem
571 1436 683 1471 oculos
697 1463 704 1474 ,
717 1436 946 1471 εκεῖαξὶυείῌε

191 1489 304 1535 populi
319 1488 501 1535 aspecti'bus
530 1486 723 1521 conscendit
748 1484 946 1533 suggestum,

192 1539 304 1571 multis
324 1537 433 1571 verbis
451 1538 549 1571 docet
572 1536 646 1571 satis
665 1536 770 1570 adhuc
791 1532 852 1570 effe
865 1533 942 1582 spei,

192 1586 216 1620 si
235 1586 407 1621 Thebanis
427 1586 612 1633 persuaderi
627 1585 727 1633 possit
739 1584 877 1619 societas
895 1597 944 1618 ar·

192 1649 326 1671 motum
345 1661 356 1677 ‚
377 1634 444 1683 ipse
464 1635 638 1671 confestim
660 1636 801 1669 mittitur
820 1635 945 1681 legatus

166 1690 169 1691 ⁷
193 1685 348 1726 Thebas,
365 1686 445 1720 totis
457 1685 508 1718 hic
519 1685 655 1720 dicendi
668 1672 865 1718 fluminibus
876 1682 945 1718 sua-

5 1835 7 1844 '
31 1841 175 1877 Demosthe-

32 1883 172 1920 nesperfiaa-

33 1922 71 1951 det
80 1923 171 1951 Theba-

4 1968 8 2020 Ι
33 1966 70 2013 nis
81 1965 168 2000 secon-

28 2016 129 2075 ¹:555:

32 2087 149 2124 niensihus

31 2137 114 2157 COUUYa

29 2168 126 2206 Phihp-

27 2217 98 2249 pum.

34 2317 93 2348 ,Αᾶ
101 2317 161 2345 Che-

35 2370 139 2386 ron-[am

34 2400 164 2438 Plnlipfus

34 2451 84 2468 cum
94 2442 171 2470 „Ale-

3 2476 5 2517 Ι
32 2481 132 2509 :andro

2 2522 5 2563 1
35 2525 131 2550 Grecos

3 2571 5 2609 ζ
32 2563 151 2602 Jubpagat.

194 1735 252 1770 der
270 1760 280 1776 ,
309 1739 343 1770 δε
363 1737 498 1769 tandem
517 1733 691 1781 persuadet
703 1733 943 1768 occurrendam

194 1784 436 1818 communibus
447 1787 544 1818 armis
562 1786 714 1819 Macedoni
732 1808 743 1824 ,
772 1781 889 1826 objicit
916 1782 944 1817 se

194 1844 334 1880 utraque
355 1833 433 1867 urbs
462 1835 495 1868 in
521 1836 592 1868 unis
621 1834 731 1867 castris
759 1835 882 1880 Philippo
906 1833 944 1867 ad

194 1885 333 1918 Boeotiae
345 1886 525 1918 Clieronaeam
537 1909 546 1923 ‚
563 1895 675 1931 pugna
685 1881 723 1916 fit
734 1886 891 1917 acerrima
902 1882 943 1916 de

191 1932 343 1966 libertate
357 1935 490 1967 Graeciae
501 1958 508 1970 ,
521 1946 592 1979 quae
602 1932 654 1966 hic
667 1929 811 1979 primum
823 1929 944 1970 amissa,

191 1995 363 2030 nunquam
385 1985 418 2015 in
446 1982 613 2029 posterum
640 1982 733 2030 plene
761 1983 944 2030 recuperari

189 2035 315 2080 potuit.
341 2031 500 2066 Habebat
516 2034 652 2079 Philippus
669 2032 721 2065 ad«
733 2032 844 2065 tricies
857 2031 944 2065 mille

189 2082 354 2130 peditum,
370 2084 536 2116 Graecivix
549 2082 720 2128 panciores
737 2097 748 2120 ς
775 2079 943 2115 fortiffimi

189 2133 345 2180 utrinque
359 2133 433 2172 viri,
447 2133 479 2164 in
495 2130 622 2165 sinistro
632 2131 856 2164 Macedonum
870 2143 942 2164 cor-

189 2193 234 2214 nu
246 2181 351 2215 stabat
371 2179 635 2216 adolescentulus
654 2182 856 2215 Alexanderin
868 2192 943 2213 tne-

191 2230 249 2264 dio
260 2230 577 2278 praeclariffimornm
591 2232 892 2277 ducum,pugnatur
903 2228 943 2262 ab

192 2282 285 2312 omni
305 2292 394 2326 parte
413 2279 542 2314 summa
570 2281 788 2313 contentione
809 2281 942 2313 animo-

192 2339 277 2361 tum.
306 2331 334 2361 ls
343 2332 480 2373 quidem
501 2330 534 2362 in
548 2330 710 2362 Alexandro
721 2328 829 2362 adhuc
843 2327 942 2375 ephe-

193 2377 238 2410 bo
250 2378 416 2423 pugnandi
428 2377 487 2411 fuit
499 2379 599 2411 ardor
610 2401 618 2416 ‚
636 2388 673 2410 ut
690 2379 799 2424 prima
810 2379 941 2412 Graeco—

192 2437 267 2459 rum
286 2424 368 2473 fuga
381 2426 509 2460 dicatur
525 2425 566 2459 ab
578 2437 614 2458 ea
625 2428 702 2458 aciei
718 2438 807 2471 parre
826 2437 944 2460 contra

192 2487 292 2522 quatri
305 2475 360 2509 ille
371 2474 607 2514 dimicavit,sed
621 2476 827 2509 nemea-andro
838 2476 943 2508 viCto-

191 2528 244 2558 riae
254 2523 452 2559 tribueretur
460 2523 568 2572 gloria
579 2549 589 2564 ‚
604 2526 741 2570 Philippus
753 2535 845 2570 pater
857 2522 946 2557 rant&

191 2575 223 2607 vi
238 2574 398 2607 connixus
416 2574 461 2608 est
487 2599 496 2614 ‚
522 2584 557 2607 ut
575 2573 801 2607 totaliostium
814 2574 945 2620 agmina

190 2623 326 2658 dederet
338 2625 369 2656 in
383 2623 582 2671 praecipitcm
595 2623 717 2670 fugam.

241 2675 316 2706 Hac
335 2673 467 2706 vietorih
483 2685 618 2706 cernens
646 2675 785 2721 Philippm
804 2669 944 2718 acquisi-

192 2720 266 2756 visse
291 2722 321 2755 le
338 2721 550 2756 certillimum
564 2722 699 2755 Graeciae
710 2724 945 2768 principatum,

193 2770 288 2816 supra
302 2772 440 2806 modum
452 2771 555 2805 elatus
565 2773 688 2818 gaudio
707 2795 717 2810 ,
734 2769 946 2804 liberioribus

195 2824 248 2859 (ut
260 2833 333 2854 cum
346 2823 457 2855 amicis
469 2819 657 2868 frequenter
674 2817 822 2863 solebat)
839 2830 944 2866 pocu-

195 2868 232 2901 lis
243 2868 374 2903 indulsit
387 2896 396 2911 ‚
409 2873 505 2905 etiam
521 2871 599 2903 vino
611 2870 717 2903 calens
732 2893 739 2905 ,
757 2865 948 2903 insolentius

198 2918 376 2964 incipiebat
387 2922 525 2967 captivis
537 2919 688 2954 insultare
701 2937 710 2960 ,-
731 2920 836 2954 donec
849 2917 947 2951 sarca-

198 2967 275 3000 stica
291 2969 424 3002 Demadis
453 2967 658 3003 Atheniensis
674 2967 834 3016 parrhesia
858 2980 945 3000 men-

198 3026 267 3049 tem
283 3027 353 3049 utut
367 3018 459 3051 ebrio
473 3018 674 3058 reddidisset,
691 3031 760 3052 non
773 3030 815 3055 te,
829 3019 950 3063 inquit,

199 3066 271 3099 Rc<
286 3065 388 3112 pudtt
401 3079 498 3111 quem
511 3067 614 3102 hodie
630 3067 765 3102 fortuna
777 3066 855 3101 fecit
870 3076 947 3114 Aga-

199 3126 387 3149 memnonem,
396 3115 543 3158 Tlierfitem
555 3129 661 3163 agere:
673 3117 737 3152 alte
751 3118 833 3150 adeo
848 3115 949 3150 sarca-

198 3166 256 3198 lmi
268 3163 491 3211 liiijusdentcs
504 3168 622 3213 Philippi
633 3168 949 3213 animum-momor-

1299 84 1419 122 141ss.
1450 85 1476 124 1.
1668 91 1737 130 133¹

990 154 1126 194 derunt,
1150 165 1185 188 iit
1205 153 1312 188 statim
1327 154 1393 190 sine
1404 159 1510 202 pretio
1522 168 1741 205 quotquotex

991 202 1245 238 Atheniensibus
1268 202 1371 237 essent
1388 209 1529 252 captivi,
1556 207 1679 243 liberos
1690 210 1757 243 dir

989 254 1335 300 mitteret,pacemque
1345 265 1419 287 cum
1435 265 1506 288 tota
1518 257 1646 292 Graecia
1657 270 1740 292 con·

987 300 1172 335 ditionibus
1182 301 1368 350 aequiffimis
1379 303 1637 351 pcpegerir,s01is
1646 306 1741 342 The-

988 349 1036 384 bis
1049 351 1206 396 iinpofito
1219 350 1386 399 praefidio.

1036 401 1116 434 Mox
1129 401 1334 434 Corinthum
1345 411 1511 435 convocat
1522 413 1738 436 communem

989 451 1182 483 Graecorurn
1203 451 1374 495 Synoduni
1395 475 1403 488 ‚
1431 451 1601 486 civitatum
1628 454 1740 498 legatis

989 510 1154 532 memorat
1166 500 1277 533 multis
1286 504 1319 535 ἃ
1332 497 1521 534 efficacibus
1533 502 1741 547 verbis‚quas

990 559 1094 594 nupci-
1106 552 1139 582 &
1152 547 1234 583 olim
1247 548 1425 584 intulissent
1437 550 1536 584 Fersae
1549 552 1666 584 Graeco
1676 562 1743 584 no-

991 599 1071 630 mini
1086 598 1221 642 injurias
1243 623 1252 639 ,
1280 599 1424 633 ostendit
1436 599 1742 635 commodiffimum

991 646 1057 680 hoc
1070 644 1132 681 esse
1144 648 1293 682 vindictae
1304 659 1450 695 tenipus,
1463 649 1571 684 modo
1585 662 1741 684 commu-

992 695 1089 731 nibus
1109 698 1207 731 armis
1225 695 1334 731 Asiam
1356 706 1482 733 tentare·
1500 699 1620 734 vellent
1642 725 1652 741 ‚
1681 697 1742 732 sese

993 745 1140 780 dicentes
1152 748 1390 794 Imperatorem
1417 759 1426 782 ε
1457 747 1564 793 placet
1585 749 1745 782 omnibus

994 797 1118 836 oratio,
1133 807 1257 830 creatur
1269 799 1411 843 Philippus
1422 797 1619 832 Graecorum
1631 808 1747 832 contra

995 844 1102 878 Persas
1120 847 1300 889 Imperator
1317 872 1325 884 ,
1356 844 1488 893 singula:
1506 849 1658 882 civitates
1683 859 1747 894 pro

994 891 1114 926 viribus
1132 892 1255 939 aliquid
1276 892 1388 927 saltem
1402 896 1519 941 opellae
1534 896 1748 931 contribuere

993 941 1203 987 pollicentur.
1212 943 1351 990 Philippm
1360 945 1563 989 antiquijjain
1571 948 1641 979 voti
1653 958 1750 979 coni-

994 1002 1057 1038 pos
1069 1001 1157 1025 totus
1168 992 1212 1026 est
1231 993 1265 1024 in
1277 991 1347 1026 Afia
1358 1015 1366 1029 ‚
1380 995 1647 1028 Parmenionem&
1659 1001 1750 1028 Atta-

993 1043 1052 1075 lum
1063 1041 1096 1074 in
1110 1043 1238 1075 Ioniam
1249 1041 1416 1087 praemittit
1425 1053 1501 1076 cuin
1514 1044 1622 1089 aliqua
1635 1045 1749 1090 copia-

994 1102 1067 1124 rum
1080 1101 1170 1137 parte
1178 1098 1194 1130 '‚
1207 1091 1246 1125 ad
1260 1090 1473 1125 liberandum
1486 1094 1616 1128 Graecas
1627 1094 1660 1126 in
1673 1092 1747 1126 Asia

994 1140 1220 1187 civitates‚ipse
1232 1140 1269 1174 ad
1280 1139 1483 1186 sequendum
1495 1145 1608 1176 omnia
1620 1153 1725 1190 parat.

1045 1187 1205 1223 Habebat
1218 1191 1250 1221 in
1271 1186 1399 1225 familia
1419 1190 1649 1226 adolescentes
1661 1191 1746 1225 duos

995 1249 1173 1285 utrumque
1186 1239 1365 1285 Pausaniam
1380 1263 1391 1281 ,
1406 1251 1588 1288 utrumque
1598 1241 1748 1281 charum,

995 1289 1075 1322 alter
1087 1287 1262 1324 satellitum
1272 1301 1356 1322 unus
1370 1313 1379 1329 ,
1391 1290 1473 1324 alter
1483 1293 1584 1338 Regis
1595 1291 1748 1326 invidens

994 1335 1146 1372 favorem
1161 1337 1385 1386 exprobrabat
1404 1342 1583 1374 mollitiem
1605 1356 1614 1381 ,-
1642 1342 1751 1388 impa-

996 1390 1079 1422 tiens
1092 1387 1146 1421 hic
1157 1388 1366 1423 contumeliae
1381 1392 1478 1423 Attalo
1493 1389 1688 1437 significavit
1700 1393 1752 1423 in-

996 1439 1113 1482 juriam
1127 1463 1137 1477 ,
1155 1437 1319 1484 simulque
1331 1449 1457 1472 certum
1470 1439 1566 1474 suum
1586 1440 1753 1474 moriendi

996 1489 1143 1520 animum
1158 1511 1166 1524 ‚
1178 1489 1212 1520 in
1221 1488 1375 1533 proximo
1388 1489 1485 1535 igitur
1497 1501 1612 1523 contra
1627 1489 1752 1533 lllyrio's

996 1538 1109 1584 praelio
1125 1536 1315 1571 densissimis
1332 1548 1408 1570 anre
1430 1534 1558 1585 Regem
1571 1540 1642 1573 telis
1656 1538 1751 1573 suum

997 1598 1117 1634 corpus
1128 1585 1396 1633 objiciens2pene
1409 1587 1751 1635 spontanefioccubuit

998 1646 1106 1669 morte
1120 1648 1128 1673 3
1146 1638 1263 1670 Attalus
1279 1635 1402 1669 tristitizi
1410 1636 1548 1671 obrutus
1564 1638 1749 1672 vindictam

996 1685 1038 1720 de
1048 1686 1153 1720 altero
1164 1685 1311 1732 Pausania?
1322 1684 1445 1721 sumere
1460 1698 1569 1735 parat:
1580 1689 1699 1721 invitat
1707 1687 1751 1722 ad

995 1736 1127 1783 pocula,
1138 1739 1172 1770 &
1185 1735 1343 1782 paulatim
1354 1735 1396 1770 ad
1407 1737 1601 1771 ebrietatem
1612 1735 1752 1783 pellicit,

995 1785 1193 1830 ebriumque
1221 1784 1344 1831 objicit
1367 1785 1561 1819 rusticorum
1587 1785 1721 1820 libidini
1740 1799 1749 1820 ε

995 1833 1266 1870 evanescentibus
1280 1835 1346 1869 vini
1363 1834 1547 1882 vaporibus
1566 1835 1649 1869 redit
1668 1836 1707 1870 ad
1721 1835 1752 1871 se

996 1884 1173 1930 Pausanias,
1192 1887 1226 1918 δε
1249 1884 1399 1932 cogitans
1410 1886 1653 1919 contumeliam
1664 1886 1753 1933 Regi

995 1934 1238 1981 querimoniam
1250 1934 1369 1968 defert.
1396 1935 1469 1968 Rex
1489 1936 1523 1969 in
1537 1936 1671 1968 Attalum
1686 1936 1752 1967 ira-

996 1984 1036 2018 sci
1054 1982 1193 2030 quidem
1210 1981 1282 2017 satis
1300 1983 1444 2031 graviter
1462 2007 1472 2023 ‚
1500 1981 1554 2017 sed
1572 1995 1642 2016 non
1655 1981 1752 2017 ausus

996 2035 1137 2067 nimium
1149 2033 1285 2069 ,liri-itare
1307 2032 1415 2065 virum
1427 2058 1437 2071 ,
1456 2035 1547 2076 cujus
1559 2030 1624 2065 fide
1636 2036 1670 2066 &
1684 2035 1753 2066 vir-

996 2094 1066 2117 tute
1087 2081 1205 2117 bellica
1229 2080 1392 2115 statuebat
1416 2082 1450 2114 in
1474 2080 1548 2115 Asia
1566 2080 1751 2128 plurimum

995 2134 1063 2173 uri,
1089 2133 1258 2166 convertit
1278 2131 1311 2165 se
1327 2131 1368 2164 ad
1388 2128 1631 2164 adolescentem
1645 2128 1752 2165 amica

995 2184 1153 2216 oratione
1166 2184 1201 2214 &
1214 2180 1313 2214 donis
1326 2180 1528 2226 placandum
1557 2193 1566 2215 ε
1594 2191 1751 2214 caeterum

993 2230 1086 2265 altius
1097 2230 1328 2265 vulnerabatur
1338 2230 1486 2275 Pausaniae
1497 2242 1589 2264 mens
1611 2254 1620 2268 ,
1648 2229 1751 2278 quain

994 2291 1029 2315 ut
1049 2281 1101 2315 vel
1124 2279 1230 2314 verbis
1248 2282 1300 2314 vel
1323 2279 1422 2313 donis
1440 2277 1667 2327 curaripoffet.
1694 2279 1749 2313 Ab

994 2332 1091 2364 Attalo
1110 2331 1208 2376 igitur
1221 2330 1252 2362 in
1265 2327 1369 2376 ipsum
1384 2330 1512 2375 Regem
1533 2356 1540 2368 ,
1565 2332 1657 2373 cujus
1681 2340 1751 2361 erar

993 2378 1143 2426 plceterel
1154 2375 1286 2417 sontes,
1306 2380 1471 2413 convertit
1482 2377 1600 2412 odium
1629 2391 1637 2412 :
1662 2378 1751 2410 occi-

993 2428 1097 2462 dendi
1111 2427 1234 2475 Philippi
1247 2425 1285 2460 fir
1297 2438 1403 2462 certus
1419 2440 1428 2468 ;
1455 2428 1488 2460 in
1499 2426 1658 2460 sententia
1668 2437 1751 2459 conb

994 2476 1139 2510 firmavit
1156 2476 1349 2520 imprudens
1376 2474 1597 2517 Philosophus
1625 2481 1751 2510 Hermo·-

992 2537 1090 2561 crates‚
1099 2525 1177 2559 duni
1190 2524 1362 2569 quaerenti,
1374 2535 1443 2569 quo
1454 2521 1561 2570 posset
1572 2525 1646 2570 quis
1654 2521 1748 2558 facto

994 2571 1176 2623 plurimum
1189 2571 1373 2613 nobilitari,
1384 2570 1610 2620 responderet,
1622 2573 1750 2607 caeden-

993 2626 1037 2658 do
1049 2621 1298 2657 nobiliffimum.
1326 2623 1418 2654 Dum
1430 2634 1510 2669 ergo
1517 2624 1658 2670 Philippus
1669 2634 1748 2658 ante

993 2672 1132 2707 suumin
1145 2670 1256 2706 Asiam
1272 2672 1334 2704 iter
1346 2673 1411 2705 tori
1431 2673 1563 2706 Grazciae
1572 2671 1746 2708 solenniter

993 2722 1084 2769 quasi
1097 2721 1222 2756 diceret
1232 2721 1302 2755 vale
1325 2745 1335 2758 ‚
1363 2725 1397 2755 δε
1412 2722 1445 2754 in
1458 2720 1696 2756 maximfisociis
1709 2725 1746 2756 δε

994 2771 1130 2805 subditis
1140 2770 1238 2804 semet
1249 2770 1427 2805 ostentaret
1437 2769 1543 2818 glori&
1553 2797 1562 2812 ‚
1576 2769 1746 2807 confossus

996 2819 1137 2866 Paufiiniae
1156 2831 1258 2853 manu
1277 2820 1368 2854 cadit
1390 2822 1560 2855 exanimis.
1585 2821 1745 2855 Celebra-

996 2869 1052 2904 bat
1074 2867 1213 2903 maxima
1235 2881 1320 2912 curn·
1338 2882 1464 2917 pompa
1492 2868 1566 2905 filiae
1594 2872 1746 2917 Cleopatra

996 2932 1071 2953 cnm
1084 2921 1246 2954 Alexandro
1265 2919 1474 2966 Epirotarum
1490 2920 1581 2968 Rege
1594 2921 1744 2966 Olympia—

996 2971 1036 3003 dia
1048 2969 1144 3004 fratre
1157 2971 1306 3015 nuptias3
1322 2968 1456 3003 aderant
1474 2981 1511 3002 ex
1524 2971 1680 3003 omnibus
1699 2971 1746 3003 ci-

998 3020 1154 3052 vitatibus
1167 3020 1300 3052 Graeciae
1312 3019 1412 3066 legari
1423 3043 1433 3058 ‚
1446 3018 1518 3065 post
1529 3018 1660 3065 aliquot
1672 3018 1748 3054 die-

996 3081 1066 3101 rum
1088 3070 1245 3101 convivia
1264 3067 1454 3101 indicuntur
1470 3070 1556 3116 regia
1568 3068 1700 3114 prorsus
1713 3073 1749 3104 δε

998 3120 1120 3164 Philippo
1135 3118 1235 3164 digna
1253 3115 1437 3164 spestacula
1455 3131 1462 3150 :
1489 3117 1629 3152 confluit
1641 3119 1749 3152 multo

1761 412 1876 440 Corinthi

1761 454 1886 488 constitui-

1761 501 1800 521 tur
1817 494 1880 522 Plu·-

1762 534 1843 572 lzppm

1763 578 1789 603 G
1791 586 1900 606 raecorum

1763 625 1848 644 contra

1763 660 1852 693 Per-fin

1764 699 1902 737 Imperator.

1769 1187 1904 1225 Pausaniae

1770 1230 1865 1268 Plnltp-

1765 1279 1825 1310 pum
1835 1279 1906 1297 neca-

1770 1323 1795 1341 re
1797 1314 1897 1348 statuit.

997 3179 1090 3203 mane
1100 3166 1244 3215 populus
1255 3178 1287 3202 in
1295 3167 1463 3202 theatrum
1477 3192 1487 3207 ‚
1499 3168 1622 3204 intrant
1634 3166 1750 3216 perso·
1788 3203 1792 3208 ,

1354 3217 1387 3251 R
1413 3231 1430 3264 3
1678 3216 1747 3250 nati
