2048 3343
291 130 369 170 276
653 119 963 157 OPER1S
1024 117 1502 155 H1sr0n101

344 191 493 240 Qinto.
536 192 587 227 Ut
613 192 842 226 Annotatores
871 190 1045 238 Anglicani

292 246 391 279 medii
405 242 490 277 male
500 254 574 276 cum
588 244 666 276 lunio
675 239 881 276 discesserunt
898 239 914 274 a
934 241 1047 287 primis

291 296 325 328 in
338 290 591 340 Interpretando
604 288 738 332 Ezekielis
750 298 809 337 Gog
829 290 870 324 de
887 289 1048 337 tempori-

295 343 357 376 bus
369 342 499 377 Antzocln'
511 366 520 380 ‚
538 343 584 375 ita
596 352 664 374 tam
677 341 774 374 rnedii
787 352 886 386 quam
899 339 1004 376 ultimi
1015 340 1047 372 in

293 396 421 438 Apoc.2
431 392 495 426 1.8.
504 393 594 437 pejus
604 389 773 426 discedunt
783 389 798 425 a
809 392 887 424 iunio
897 393 931 424 &
941 389 1049 422 omni—

295 440 355 474 bus
374 440 574 475 orthodoxis
591 465 601 481 ‚
628 441 706 474 dum
725 440 864 475 nimium
882 437 1051 483 χιλιεὶξοιῆες

295 491 466 537 Gogicum
485 493 596 525 loannis
618 488 743 524 bellum
764 490 843 523 totis
862 489 948 522 mille
960 488 1051 520 annis

292 539 366 586 post
382 539 580 578 destrufmm
598 539 798 586 antichristum
819 542 853 573 &
872 533 1050 571 conversos

290 589 421 637 Judaeos
433 586 606 623 differunt:
629 588 723 625 absit,
734 587 828 627 absit,
838 598 871 619 ur
882 582 1050 619 dileetissi-

292 650 366 672 mus
387 639 495 673 noster
515 636 650 685 sponsus
667 638 737 683 lesus
756 637 827 670 suas
847 635 973 667 tamdiu
986 645 1047 666 nu-

291 689 375 734 ptias
387 690 577 735 prolonget.
607 688 765 720 Ponimus
775 684 908 729 quidem
922 681 1046 717 bellum

294 738 461 786 Gogicum
482 737 550 783 post
571 732 871 780 Pseudoprophetae
899 732 1046 767 Romani

291 785 518 833 depulsionem
533 786 566 817 in
579 794 698 816 tartara
709 808 720 824 ‚
740 781 997 829 Judaeorumque
1009 793 1047 814 ac

290 834 503 869 lsrae'litarum
525 833 666 866 reditum
684 833 725 867 ad
743 828 967 865 obedientiam
987 829 1045 863 suo

293 885 414 923 Davisii,
428 887 461 917 &
472 881 572 916 fidem
583 882 616 916 in
629 881 717 928 Iefitm
731 882 875 924 christum
887 879 1003 927 Ezek.3
1013 893 1045 925 7.

293 937 326 967 ἃ
353 935 403 976 38.
430 930 484 966 sed
498 939 568 979 Gogt
583 943 724 966 conatus
736 933 769 965 in
783 927 958 964 Ecclesiam
971 941 1044 963 toto

292 981 478 1015 millenario
491 982 561 1028 post
575 981 610 1015 id
622 980 766 1016 seculum
779 979 944 1027 protelare
957 978 1048 1018 velle,

290 1031 336 1064 est
351 1031 494 1079 chiliastu
505 1028 646 1064 nimium
659 1030 839 1079 indulgere.

343 1079 454 1115 Sexto.
482 1080 776 1126 Qandoquidem
801 1077 925 1113 bellum
941 1077 1048 1124 Gogi-

291 1142 366 1165 curn
384 1131 416 1162 in
427 1130 456 1164 se
467 1141 624 1177 magnum
638 1129 672 1164 sit
685 1129 871 1177 mysterium
895 1153 906 1169 ,
934 1131 967 1162 &
983 1130 1050 1170 ejus

290 1180 439 1227 perafflo
452 1178 526 1227 post
538 1180 627 1213 huuc
636 1179 724 1214 diem
738 1178 849 1214 futura
864 1202 874 1218 ,
892 1189 1049 1211 commo-

294 1230 374 1265 dum
387 1229 518 1264 videtur
526 1228 685 1264 abstinere
697 1227 714 1263 ὲ
724 1227 944 1275 peremptori&
955 1227 1048 1260 omni

296 1279 588 1318 determinatione,
599 1278 649 1313 vel
659 1280 698 1312 de
709 1281 778 1322 ejus
791 1289 942 1324 ternpore
950 1274 1001 1310 vel
1012 1276 1052 1309 de

295 1325 442 1374 personis
457 1329 508 1360 vel
519 1329 557 1361 de
569 1329 719 1373 plurimis
738 1329 770 1359 in
786 1339 829 1360 eo
842 1325 1053 1360 circumstan-

296 1378 363 1416 tiis,
373 1377 605 1411 audaciaenim
617 1379 649 1410 in
663 1373 829 1422 ejusmodi
839 1373 1054 1422 singularibus

300 1426 430 1460 decreta
440 1424 475 1465 ,d
488 1424 598 1460 multis
609 1425 775 1461 censuram
789 1425 984 1459 temeritatis
997 1448 1006 1462 ,
1019 1427 1052 1457 &

297 1474 339 1508 ab
352 1474 419 1509 aliis
434 1473 616 1509 irrisionem
637 1477 756 1510 erroris
774 1485 928 1523 procurat
955 1486 964 1507 τ
990 1473 1054 1506 lioc

299 1535 409 1558 tamen
423 1522 512 1558 bonai
522 1535 596 1559 cum
609 1524 788 1559 destorum
802 1524 894 1559 venia
906 1520 1055 1570 proferre

298 1573 319 1608 si
341 1585 410 1606 non
431 1576 652 1620 pronunciare
674 1571 760 1621 posse
781 1574 936 1608 videmur
957 1589 970 1617 ς
995 1580 1055 1620 Gog

298 1635 365 1656 non
375 1621 434 1658 esse
446 1624 743 1671 Antichristum,cum
756 1623 808 1658 hic
817 1627 1052 1671 cap.11.Apoc.

297 1683 389 1706 exeat
403 1683 478 1706 ante
491 1672 573 1706 illius
585 1674 761 1708 introitum
774 1685 904 1720 cap.20.
922 1676 956 1707 δε
969 1674 1054 1707 Anti-

296 1722 410 1767 christus
421 1728 563 1757 Romanus
583 1724 696 1757 omnia
706 1721 762 1757 sub
775 1722 958 1770 Religionis
969 1734 1051 1769 prae-

298 1782 388 1805 textu
399 1782 436 1805 ut
447 1778 466 1806 C
477 1772 555 1819 bristi
567 1773 706 1806 vicarius
715 1782 848 1820 peragat
869 1786 879 1805 ·.
899 1775 959 1819 Gog
976 1769 1054 1806 vero

297 1832 364 1854 ram
375 1820 462 1866 apud
474 1820 631 1861 Ezekielem
642 1820 741 1868 queim
754 1828 888 1856 loannem
898 1820 1053 1868 deposito

297 1873 332 1904 ὃ(
345 1869 453 1916 spreto
467 1873 562 1904 omni
574 1882 733 1918 praetextu
748 1869 953 1918 Religionis,
973 1873 1053 1904 San-

298 1921 430 1953 <storum
439 1922 554 1952 onmia
564 1921 666 1953 castra
677 1931 792 1966 aperto
807 1931 910 1954 marte
919 1920 1054 1958 invadit,

296 1980 360 2016 pro
369 1969 511 2015 imperio
523 1969 636 2015 potius
647 1969 745 2016 quam
754 1981 866 2004 errore
875 1970 1055 2004 decertans·

300 2024 360 2064 Gog
372 2019 469 2051 etiam
481 2019 513 2050 in
523 2019 680 2058 nomine,
695 2018 847 2053 moribus
861 2044 870 2059 ,
890 2023 923 2054 ὃς
936 2019 1054 2053 militi-

296 2065 357 2100 bus
367 2068 635 2114 Septentrionem
645 2068 933 2115 spirat,Antichrillus
942 2080 1053 2104 autem

295 2114 463 2150 Romanuszi
474 2117 659 2161 multisjam
670 2119 766 2151 annis
777 2117 857 2152 nihil
869 2130 924 2153 aut
935 2131 1052 2166 parum

295 2176 372 2197 cum
384 2165 676 2211 Septentrionibus
693 2166 954 2215 habuitnegotii.
982 2169 1053 2203 Pri-

297 2210 355 2245 mo
367 2215 456 2247 enim
469 2214 665 2248 Graecorum
687 2219 720 2250 &
735 2215 847 2261 postea
867 2219 1052 2252 Protestan·

294 2262 378 2295 tium
406 2260 423 2294 εὶ
450 2262 613 2296 Romanis
639 2262 802 2310 separatio
832 2269 1052 2310 Aquilonares

292 2309 378 2357 pene
392 2322 511 2344 omnes
521 2323 558 2345 ex
569 2312 737 2346 antichristi
747 2313 876 2359 gremio
890 2315 1004 2359 rapuit.

344 2360 464 2406 Neque
475 2362 575 2394 etiam
586 2367 680 2395 'furca
691 2365 761 2408 Gogi
773 2363 909 2395 nomine
920 2361 1050 2396 videtur

289 2407 472 2456 indigitari.
493 2410 600 2442 Turca
610 2412 699 2443 enirn
712 2410 811 2444 hostis
825 2413 891 2452 jam
904 2421 997 2445 verus
1009 2410 1051 2445 ab

287 2461 379 2490 annis
391 2456 643 2504 quadringentis
656 2463 689 2494 δε
702 2458 793 2493 senio
805 2457 937 2494 effoetus
949 2462 987 2496 ad
999 2463 1049 2494 in-

288 2508 422 2541 teritum
434 2519 507 2542 cum
520 2507 690 2554 Antichristo
704 2508 907 2556 palpabiliter
920 2510 1049 2544 dudum

289 2568 425 2604 vergens
444 2558 572 2590 ruinam
591 2558 744 2591 minatur.
783 2558 846 2592 Sed
867 2566 928 2609 Gog
947 2559 1049 2594 hostis

289 2617 394 2640 novus
406 2609 441 2640 &
452 2618 586 2654 vegetus
598 2608 741 2652 majori,
763 2611 797 2642 <Sc
812 2607 922 2656 'magis
932 2606 1049 2643 formi-

290 2654 403 2690 dando
415 2657 544 2700 impetu
563 2656 664 2702 quam
675 2668 750 2691 ante
761 2657 864 2702 ipsum
876 2657 1046 2705 quisquam

290 2703 376 2750 quasi
397 2706 561 2740 Leviathan
581 2715 685 2739 totam
700 2704 877 2741 Ecclesiam
888 2708 1046 2743 unohau-

291 2754 336 2787 stu
351 2754 570 2788 devoraturus
584 2755 745 2787 imminet.

337 2802 498 2850 Septimo.
513 2801 577 2837 Etsi
590 2802 695 2836 nolim
708 2814 784 2836 cum
796 2801 918 2849 Jesuita
930 2807 1042 2839 Sanc‘lio

291 2854 325 2885 &
346 2855 413 2886 aliis
435 2856 552 2903 Magogi
571 2853 702 2888 titulum
730 2853 770 2887 nd
792 2853 902 2887 India
912 2854 1041 2902 Regem

287 2900 394 2935 multo
409 2907 588 2937 maximum
607 2928 616 2943 ,
645 2908 792 2948 Magorem
810 2902 851 2936 de
864 2907 1043 2940 Tamerlam‘s

286 2949 381 2996 stirpe
392 2963 593 3001 prognatum
605 2953 789 3000 applicare:
811 2964 919 2998 neque
932 2960 993 3001 Gog
1005 2957 1040 2988 δε

285 3004 391 3046 Magog
409 3013 486 3035 cum
514 3001 609 3037 Paulo
629 3004 738 3037 Veneto
763 3002 797 3035 in
823 3002 1039 3037 Tartarorum

283 3050 396 3082 Tenduc
408 3051 650 3095 Septentrionis
660 3049 828 3086 orientalis
839 3049 1041 3099 ultimfi'pro-

286 3095 389 3128 vincia
400 3109 540 3141 quaerere
555 3127 564 3141 ,
578 3112 687 3135 tamen
698 3105 810 3135 loannis
822 3112 898 3134 cum
911 3100 1042 3142 Ezekielis

286 3144 902 3194 prosopograpiu'aconjunctaindicate
911 3151 1042 3185 videtur

286 3191 463 3239 profanum
492 3200 658 3243 quendam
686 3203 720 3235 &
739 3198 905 3236 crudelem
926 3212 965 3235 ex
982 3202 1041 3236 Se-

1092 192 1283 235 ptentrione
1295 189 1461 224 Orientali
1474 189 1658 239 Principem
1678 207 1687 227 :
1712 196 1746 228 &
1760 193 1851 229 certe

1092 241 1144 273 vel
1166 237 1362 286 praesentem
1385 265 1394 278 ,
1420 241 1472 274 vel
1493 250 1569 273 ante
1588 241 1720 287 aliquot
1746 241 1854 278 secula

1093 287 1182 322 orbis
1203 299 1361 322 terrarum
1391 287 1512 322 statum
1540 289 1721 334 prudenter
1748 293 1862 340 inspe-

1094 338 1219 378 έὶειηῑὶ,
1238 342 1270 372 &
1288 336 1542 372 formidandam
1563 340 1739 374 Tamerlania
1750 344 1857 377 totius

1096 385 1176 420 Asiae
1196 386 1480 421 conculcationem
1503 400 1576 421 curn
1600 387 1721 435 nuper-'i
1736 391 1855 425 Tarta-

1096 447 1208 468 rorum
1224 435 1470 481 Cathajensium
1479 435 1712 486 subjugatione
1722 437 1854 479 Chinae3

1096 485 1315 518 Tartarorum
1345 485 1462 532 aliquis
1496 489 1592 521 cham
1619 487 1750 522 videtur
1776 491 1853 535 Gugo

1096 532 1253 570 similior,
1274 532 1371 581 quam
1395 537 1501 581 quivis
1512 537 1593 570 alius
1612 535 1716 570 hodie
1729 539 1855 571 interra

1096 581 1257 618 mortalis.
1289 584 1351 618 Sed
1374 584 1429 617 ista
1449 585 1781 632 temporipandenda
1800 599 1854 620 re-

1093 630 1293 679 linquentes,
1305 634 1440 679 piorum
1451 635 1603 668 omnium
1616 646 1768 680 putamus
1778 634 1856 670 offi-

1094 682 1181 716 cium
1197 680 1251 715 sua
1263 683 1398 728 perstora
1411 681 1608 717 confirmare
1620 684 1854 719 contrahorri-

1092 732 1221 765 diorem
1237 731 1345 766 adhuc
1360 744 1397 765 ex
1410 732 1702 780 Septentrionibus
1719 745 1851 781 tempe-

1092 780 1318 829 statemquim
1328 793 1400 829 quae
1411 780 1479 817 ullo
1489 781 1597 817 seculo
1609 782 1650 817 ab
1662 782 1725 817 ulla
1736 784 1854 819 mundi

1091 830 1184 878 plaga
1194 829 1308 864 sanstae
1322 832 1443 865 civitati
1455 830 1617 866 incubuit.
1630 833 1756 867 Contra
1765 832 1849 868 hanc

1092 878 1269 924 procellam
1280 880 1297 911 εὶ
1307 881 1483 926 ὃρδειηᾶο
1496 884 1683 924 munimur,
1696 895 1767 916 non
1780 895 1854 917 tan-

1093 926 1166 961 tum
1185 926 1354 962 certissimi
1373 926 1439 962 fide
1456 928 1669 965 iilustriffimae
1689 931 1796 967 multo
1808 935 1856 968 vi-

1095 979 1204 1012 storiae
1215 975 1403 1024 reditusque
1413 978 1527 1012 c'lirz'ffl
1548 978 1760 1023 adjudicium
1773 995 1852 1018 tunc

1094 1029 1127 1060 in
1147 1025 1276 1061 foribus
1288 1052 1298 1067 ‚
1314 1025 1368 1061 secl
1382 1027 1481 1060 etiam
1495 1039 1656 1074 quantum
1669 1031 1718 1063 vel
1729 1042 1766 1064 ex
1775 1040 1854 1070 Eze-

1093 1075 1163 1115 Liele
1174 1076 1221 1110 vel
1231 1085 1338 1111 Ioanne
1348 1077 1495 1112 valemus
1506 1078 1664 1126 colligere
1677 1103 1686 1116 ,
1697 1078 1788 1114 bona
1798 1080 1853 1128 spe

1098 1129 1167 1173 Cogi
1191 1125 1445 1160 formidandum
1477 1138 1637 1162 conatum
1662 1127 1744 1163 nihil
1770 1130 1855 1165 ultra

1097 1187 1202 1209 minas
1224 1175 1448 1221 processurum
1470 1202 1480 1217 ‚
1507 1178 1629 1212 nullam
1647 1180 1735 1212 enim
1748 1179 1854 1225 cujus-

1096 1237 1196 1271 quam
1218 1224 1409 1259 sanc'korum
1429 1225 1591 1273 sanguinis
1611 1239 1741 1273 guttam
1755 1231 1856 1263 armis

1098 1275 1236 1323 Gogicis
1257 1274 1348 1309 fundi
1368 1274 1506 1322 legimus
1531 1290 1539 1310 ι
1567 1275 1621 1309 sed
1634 1279 1854 1323 piiomnesin

1095 1323 1157 1358 suis
1168 1324 1275 1358 castris
1286 1324 1480 1359 delitescunt
1491 1324 1525 1359 ea
1536 1326 1854 1371 tempestate‚donec

1099 1373 1138 1407 ab
1153 1375 1246 1407 omni
1259 1384 1348 1407 metu
1361 1373 1575 1408 coelestibus}
1589 1378 1701 1409 Christo
1709 1375 1852 1412 flammis

1098 1425 1129 1457 in
1142 1423 1294 1456 hostilem
1308 1425 1486 1457 exercitum
1501 1424 1649 1458 immissis
1664 1424 1848 1473 plenissime

1097 1472 1287 1507 liberantur.
1323 1472 1378 1506 Ad
1399 1475 1579 1506 minutiora
1599 1485 1666 1507 non
1684 1475 1856 1510 descendi-

1100 1534 1172 1556 mus
1193 1548 1204 1561 ‚
1230 1523 1301 1556 aliis
1320 1522 1361 1556 ad
1382 1522 1578 1567 quaestiones
1600 1526 1856 1572 Apocalypticas

1097 1569 1247 1607 remiffis.

1238 1668 1510 1709 QUAESTI
1541 1671 1569 1698 o
1618 1670 1718 1699 v111.

1102 1745 1146 1778 Ad
1155 1754 1211 1789 quae
1223 1751 1351 1789 tempora
1363 1743 1458 1789 templi
1465 1742 1580 1790 fabrica
1595 1743 1757 1791 &partitio
1768 1736 1863 1780 terra}

1144 1794 1260 1839 altaque
1272 1793 1414 1834 Ezekielis
1431 1793 1641 1840 quadragesimo
1649 1806 1683 1827 ac
1692 1794 1808 1841 fhqtten-

1317 1842 1401 1882 tibus,
1413 1844 1636 1890 referendafint?

1175 1922 1235 1959 [1ae
1246 1921 1346 1957 habet
1359 1924 1475 1966 Ezelqiel
1484 1921 1647 1969 capitibus
1658 1922 1719 1958 suis
1729 1924 1853 1958 ultimis
1872 1931 1988 1968 ,Quaestio-

1182 1985 1300 2008 novem
1333 1973 1371 2007 ad
1404 1970 1554 2006 Ecclesia:
1585 1973 1854 2008 consolationem
1872 1974 1908 1999 ’¹³³
1917 1970 1985 2014 d¹ffi7

1099 2021 1246 2069 apprime
1257 2021 1456 2061 commoda,
1465 2020 1516 2055 sed
1526 2021 1651 2056 summe
1662 2020 1810 2059 difficilia
1821 2027 1855 2058 &
1874 2012 1956 2042 ‘'¹¹³⁶‘’

1098 2072 1234 2107 obscura
1245 2071 1353 2106 lucem
1365 2083 1520 2118 caperent
1530 2072 1679 2119 inprimis
1695 2070 1857 2119 Extempo-

1099 2134 1132 2155 re
1147 2146 1156 2162 ‚
1176 2121 1198 2156 si
1217 2121 1382 2155 constaret
1400 2120 1443 2155 ad
1464 2121 1558 2167 quod
1574 2121 1709 2155 tandem
1722 2132 1855 2167 tempus

1098 2171 1191 2206 certo
1209 2170 1408 2206 referrentur
1434 2184 1443 2204 ε
1470 2182 1568 2204 aurea
1587 2166 1742 2216 profecto
1755 2168 1855 2204 clavis

1098 2232 1232 2266 tempus
1251 2219 1303 2253 hic
1324 2219 1401 2254 esset
1421 2220 1461 2251 ad
1481 2218 1653 2264 pandenda
1670 2231 1742 2265 quae
1755 2220 1854 2265 peni-

1098 2268 1216 2300 tissime
1237 2268 1464 2301 reconduntur
1484 2263 1666 2301 suavissima
1686 2269 1853 2312 mysteria:

1097 2314 1154 2349 sed
1175 2327 1273 2361 quam
1293 2317 1491 2363 Interpretes
1515 2314 1638 2362 semper
1657 2314 1724 2350 fassi
1742 2317 1809 2351 sunt
1822 2319 1856 2352 in

1099 2361 1231 2403 Eukielis
1253 2363 1777 2411 Chotographiainextricabilem
1792 2365 1859 2401 dif-

1098 2412 1275 2448 ficultatem
1287 2438 1296 2453 ‚
1313 2414 1430 2447 eadem
1441 2439 1449 2451 ,
1470 2413 1492 2448 si
1505 2425 1574 2447 non
1587 2418 1692 2460 major
1703 2440 1712 2452 ‚
1733 2417 1766 2449 in
1781 2420 1852 2462 ejus

1097 2462 1378 2510 Chronographifi
1397 2461 1479 2497 serio
1492 2463 1737 2510 inspicientibus
1747 2478 1853 2511 appa-

1096 2511 1190 2548 rebit.
1233 2512 1287 2545 Ab
1304 2512 1366 2545 hac
1383 2515 1519 2557 Echelis
1537 2525 1627 2561 parte
1646 2513 1850 2548 mandabant

1095 2561 1178 2596 olim
1194 2562 1300 2610 Judaei
1320 2573 1439 2596 omnes
1451 2575 1563 2597 cavere
1575 2573 1650 2597 ante
1660 2562 1852 2597 sacerdota-

1092 2612 1157 2644 lem
1170 2613 1303 2658 triginta
1313 2623 1479 2645 annorum
1492 2623 1620 2646 aetarem
1631 2638 1639 2650 ‚
1651 2623 1685 2645 ut
1697 2611 1797 2646 habet
1809 2625 1849 2647 ex

1094 2661 1259 2695 Rabbinis
1271 2662 1434 2699 Calatinus,
1446 2664 1575 2696 sanaim
1586 2686 1597 2700 ,
1607 2665 1637 2695 ἃ
1652 2662 1719 2696 alii.
1746 2660 1849 2697 Certe

1092 2711 1237 2744 Deodatus
1257 2712 1291 2743 &
1311 2710 1406 2742 multi
1427 2709 1566 2744 omnino
1582 2709 1622 2744 ab
1634 2723 1670 2745 ea
1687 2712 1851 2758 interpre-

1090 2759 1187 2793 tanda
1195 2756 1474 2799 abstinuerunt‚&
1486 2773 1523 2794 ex
1535 2760 1772 2808 Interpretibus
1782 2770 1849 2792 tam

1090 2807 1258 2842 veteribus
1282 2807 1380 2854 quam
1400 2811 1636 2843 recentioribus
1648 2810 1798 2855 plerique
1813 2820 1851 2841 ea

1086 2857 1309 2904 asierunt,quae
1319 2869 1438 2906 parum
1447 2860 1486 2894 ad
1496 2859 1610 2892 locum
1619 2856 1847 2891 illustrandum

1088 2905 1224 2940 faciunt.

1134 2958 1319 2997 Hieronymus
1330 2980 1339 2994 ,
1357 2954 1433 2989 cum
1446 2954 1581 3001 Eustachii
1590 2954 1725 3002 virginis
1737 2955 1843 3002 preci·
1861 2951 1982 2998 Hl‘fmy·

1088 3004 1148 3038 bus
1160 3004 1262 3037 νίᾶιιε
1274 3004 1475 3036 obstinatum
1497 3002 1613 3039 silendi
1634 3003 1841 3052 propositum
1859 2991 1969 3039 mimade-

1088 3057 1122 3088 ὅτ.
1135 3053 1263 3086 tacendi
1276 3051 1550 3099 perseverantiam
1565 3052 1716 3100 rupisset,
1737 3053 1844 3101 prosi-
1854 3035 1915 3069 stus.

1089 3114 1174 3137 tetur
1183 3103 1215 3135 in
1230 3102 1458 3147 explanatione
1469 3104 1580 3149 templi
1594 3105 1729 3140 Ezekieliaes
1741 3104 1842 3149 trepi-

1087 3153 1256 3186 dationem
1269 3149 1413 3188 suam,&
1426 3152 1458 3183 iu
1472 3164 1571 3198 opere
1584 3150 1781 3186 difficillimo
1792 3146 1843 3186 su-

1086 3198 1248 3248 spiciones
1264 3194 1332 3234 suas
1344 3225 1353 3240 ,
1368 3199 1569 3235 denuncians
1590 3201 1706 3237 lectori
1719 3199 1799 3253 [ηοξ
1822 3198 1844 3232 si

1732 3259 1849 3282 verita-
