2048 3343
106 157 208 188 Walroni

103 201 226 228 temeritas

105 243 133 268 in
143 240 220 267 Chro-

103 281 213 319 nologos.

113 2314 164 2340 Pro
171 2310 239 2339 veri-

113 2360 164 2379 tate
173 2363 246 2390 argu-

111 2404 147 2421 m?
151 2401 173 2419 nl
177 2404 217 2420 unt

109 2435 222 2472 primum.

266 92 314 116 13
603 72 926 110 OPERIS

270 178 272 180 v
306 151 398 185 Plura
418 158 486 182 non
503 143 594 180 affert
619 141 783 179 VValtonm
804 153 1011 191 argumenta,

260 196 388 235 tantum
408 199 441 231 in
454 194 682 243 disputationis
700 192 760 228 suae
772 203 838 226 tam
850 192 1013 238 principio

261 249 357 297 quam
370 246 496 285 medio,
521 248 553 279 &
565 241 631 277 fine
649 242 886 289 Chronologos
903 241 1014 288 super-

261 295 400 333 ciliosiiis
417 306 523 334 taxat,
547 292 638 341 quod
665 291 760 339 ipsius
784 289 1014 338 profeffionem

263 346 427 383 modestiae
436 346 488 380 vix
496 344 606 379 decere
622 342 760 380 videtur,
771 338 856 374 certe
867 353 904 374 ex
917 337 1016 388 Jesui-
1044 353 1046 357 ·

263 395 489 443 ta'Spondano
502 392 668 429 censuram
681 388 915 425 acerbissimam
932 402 965 423 in
978 401 1017 422 o-

260 459 352 481 mnes
364 444 601 491 Chronologos
615 440 765 487 producit
777 462 786 476 ‚
810 439 897 487 quasi
910 439 1016 473 inutili

262 495 374 530 labore
391 493 509 541 seipsos
523 499 714 539 torquentes
727 491 760 523 in
780 489 942 536 perpetuis
952 487 1018 521 dis-

260 545 356 580 sidiis.
392 543 586 578 Dolendum
612 539 761 589 equidem
788 540 887 572 nimis
918 549 1016 584 quam

259 593 447 643 frequentes
472 591 768 639 Chronologorum
789 586 848 622 esse
865 585 1018 620 differen-

259 645 343 683 tias‚-
368 643 421 678 sed
432 640 661 690 exaggerandae
678 639 725 673 hae
742 649 809 670 non
828 635 902 668 sunt
914 635 964 670 vel
979 635 1012 668 in

259 695 354 733 artis,
371 694 468 727 velin
485 689 644 726 artificum
666 684 923 723 doctiffimorum
935 696 1015 718 con-

259 743 430 777 tumeliam
442 765 452 782 ,
477 740 625 788 inprimis
643 740 676 772 in
696 735 830 769 materia
847 733 987 781 praesenti
1000 757 1011 773 ,

260 792 317 826 ubi
355 792 491 840 magnu's
528 786 821 831 Chronologorum
860 785 1012 817 omnium

262 839 432 877 consensus
441 840 485 874 est
495 841 527 873 in
537 834 727 882 rejiciendo,
739 833 836 879 idque
847 845 885 866 ex
894 833 1013 884 §.Scri-

262 901 364 939 pturae
373 886 542 924 certiffimfi
566 881 725 920 sententia
751 879 899 915 VValtom
916 884 948 914 &
962 879 1012 913 so-

260 943 388 975 ciorum
416 938 544 972 calculo
561 961 572 974 ‚
597 935 654 980 qui
681 930 952 977 Chronologiam
975 942 1015 963 o-

262 999 374 1024 mnem
394 988 514 1022 sacram
534 1009 544 1022 ‚
564 982 634 1017 imo
659 992 797 1016 omnem
819 978 966 1014 funditus
982 991 1014 1013 e-

262 1038 369 1074 verrit.

307 1082 421 1120 Multo
432 1081 573 1115 atrocior
581 1079 622 1114 est
636 1091 735 1127 quem
756 1078 842 1126 quasi
861 1091 899 1111 ex
910 1075 1013 1122 Jesui-

260 1148 293 1171 ta
305 1133 425 1169 Petavio
446 1140 562 1165 contra
581 1129 700 1174 vulgus
719 1126 1017 1173 Chronologorum

259 1184 386 1232 stringit
396 1180 557 1218 stimulus,
570 1178 658 1226 quasi
668 1176 749 1211 nihil
763 1175 837 1223 ipsis
850 1176 924 1211 esset
935 1186 1018 1209 curae

259 1233 359 1282 quam
370 1230 445 1265 falsa
457 1228 590 1275 &quam
602 1226 735 1261 absurda
745 1223 1019 1270 assererent,quod

259 1283 334 1331 ipsis
343 1281 388 1317 nil
397 1283 480 1314 intra
489 1277 533 1312 est
546 1277 716 1312 oleammil
728 1286 816 1310 extra
825 1275 870 1309 est
878 1276 911 1309 in
923 1285 1017 1308 cruce

260 1334 343 1369 duri.
369 1331 451 1364 Non
460 1327 572 1362 debuit
584 1326 753 1360 dicterium
765 1324 829 1359 hoc
840 1324 976 1371 impingi
986 1323 1021 1356 in

264 1381 516 1426 ChronologOS‚
526 1377 581 1423 qui
590 1376 766 1410 secundum
781 1377 812 1409 S.
822 1376 1018 1420 Scripturam

263 1431 281 1465 ἃ
293 1431 429 1465 Diluvio
442 1427 482 1462 ad
492 1423 697 1462 Abrahamum
706 1434 810 1459 annos
819 1422 948 1458 tanttim
959 1420 1018 1455 du-

261 1491 378 1514 centos
389 1477 570 1524 nonaginta
580 1475 662 1510 duos
677 1484 848 1510 numerant
862 1498 871 1512 ,
895 1483 970 1506 nam
980 1483 1019 1505 ex

262 1529 327 1564 hoc
338 1528 452 1563 ordine
461 1527 535 1562 sunt
547 1525 647 1560 multi
658 1525 715 1558 viri
728 1521 920 1572 gravissimi,
940 1524 972 1556 δι
984 1520 1020 1555 ea

259 1578 446 1614 eruditione
456 1602 466 1618 ,
481 1588 552 1623 quae
573 1572 660 1621 ipsos
679 1572 773 1620 supra
788 1583 923 1607 omnem
937 1581 1017 1606 con-

261 1637 405 1674 temptus
415 1628 517 1662 aleam
530 1624 719 1658 collocavit.

307 1677 413 1723 Qod
435 1671 514 1710 vero
540 1671 770 1719 disputationis
801 1669 898 1704 initio
923 1681 1017 1703 num.

261 1737 320 1772 57.
348 1729 381 1759 V
381 1727 415 1759 V
411 1723 519 1758 altanus
531 1720 720 1769 quaestiones
749 1717 1019 1765 Chronologicas

259 1774 299 1809 ad
317 1773 416 1808 fidem
444 1776 477 1807 δε
497 1783 605 1805 mores
629 1769 709 1804 adeo
729 1781 840 1816 parum
857 1770 1015 1816 pertinere

260 1823 423 1858 existimat
434 1846 444 1862 ,
473 1832 509 1855 ut
528 1820 836 1867 quomodocunque
862 1818 1018 1852 determi-

260 1885 341 1910 natae
352 1883 460 1906 textus
472 1869 618 1903 αὐθεντίαν
633 1881 702 1902 non
712 1868 828 1901 tollant
839 1891 849 1907 ,
870 1868 920 1901 vix
930 1867 1016 1901 vide-

261 1933 313 1956 tur
326 1920 511 1956 consonum
524 1919 560 1951 iis
571 1931 639 1964 quae
651 1916 715 1964 ipse
728 1929 806 1950 mox
820 1914 921 1951 adfert
934 1940 943 1955 ,
962 1914 1019 1950 ubi

262 1981 371 2005 textus
388 1969 544 2004 Hebraici
565 1966 583 2001 a
600 1967 718 2001 Graeco
743 1978 903 2000 annorum
928 1965 1020 2000 mille

251 2019 487 2060 ¹sexcentorum
498 2014 712 2051 differentiam
722 2014 797 2049 satis
807 2016 918 2061 magni
930 2014 1020 2052 facit,

264 2069 354 2104 certe
376 2082 412 2104 ea
430 2069 595 2114 Scriptura
613 2078 682 2100 non
703 2064 809 2112 potest
826 2064 885 2099 effe
910 2062 928 2099 εὶ
945 2065 1019 2098 Deo

264 2120 430 2159 veritatis,
454 2130 526 2165 quae
544 2113 751 2150 manifestum
772 2115 919 2149 continet
930 2126 1019 2148 erro·

263 2180 331 2202 rem
343 2194 351 2206 ‚
370 2179 512 2215 eumque
522 2168 699 2199 immanem
712 2189 722 2202 ,
747 2162 887 2198 sedecim
898 2162 1019 2198 scilicet

264 2215 444 2251 seculorum
464 2216 503 2250 ad
521 2224 635 2250 verum
661 2223 854 2259 computum
880 2212 1019 2247 additio·

265 2277 352 2300 nem.

315 2311 476 2360 Perpensis
483 2314 551 2357 jam
563 2311 652 2358 Isaaci
668 2309 749 2356 Vossii
759 2308 901 2345 &Briani
910 2311 944 2343 V
941 2311 976 2344 V
972 2307 1018 2343 al-

265 2366 327 2399 toni
337 2374 451 2398 contra
462 2364 631 2397 veritatem
642 2360 844 2409 argumentis
857 2383 866 2398 ,
883 2357 1019 2406 superest

264 2425 302 2449 ut
328 2426 386 2460 pro
405 2413 536 2447 veritate
560 2412 669 2459 aliqua
702 2410 811 2457 paucis
837 2405 1022 2458 afferamuss

268 2476 298 2498 1.
325 2463 406 2496 Loci
426 2460 610 2496 Bibliorum
636 2458 875 2497 Hebraeorum,
900 2457 1019 2506 quibus

263 2512 374 2548 nullus
393 2523 537 2557 unquam
554 2513 647 2544 variae
668 2509 820 2543 lectionis
831 2509 922 2542 litem
944 2520 1018 2542 rno-

262 2564 309 2595 vit
328 2586 338 2601 ‚
365 2573 434 2594 non
454 2559 574 2594 debent
591 2558 804 2594 controverti.
837 2555 962 2604 Cape-llus
984 2560 1018 2591 &

263 2613 296 2646 V
296 2614 328 2644 V
327 2608 440 2643 alconus
453 2621 506 2655 per
519 2610 620 2644 varias
631 2608 788 2642 lectiones
806 2606 1017 2641 sinceritatem

262 2661 417 2697 locorum
438 2659 535 2693 nimis
545 2656 641 2704 quam
660 2658 843 2690 multorum
863 2665 1019 2689 vocarunt
1040 2686 1041 2689 ,

267 2710 304 2743 in
314 2708 449 2742 dubium
459 2730 468 2743 ‚
494 2717 528 2740 ut
537 2718 600 2753 ego
613 2704 747 2752 quidem
760 2703 912 2743 arbitror,
925 2701 1017 2737 valde

269 2756 452 2796 immerito,
467 2755 520 2790 sed
531 2756 588 2789 ubi
600 2755 695 2788 nullae
708 2765 853 2799 unquam
867 2752 960 2786 variae
972 2753 1017 2786 le-

268 2808 541 2852 &ionesallegatae
551 2803 623 2838 sunt
632 2829 641 2843 ‚
661 2803 707 2837 ibi
719 2804 800 2837 velle
812 2802 1017 2848 depravatum

268 2856 395 2891 fontem
409 2852 650 2894 Hebraeum,est
661 2851 701 2887 ab
713 2853 785 2886 imis
798 2849 1019 2886 fundamentis

267 2906 510 2942 auctoritatem,
528 2903 645 2938 nedum
656 2901 854 2937 authentiam
865 2903 1018 2935 omnium

268 2953 428 2988 sacrorum
447 2953 599 2988 codicum
622 2963 771 2987 evertere.
805 2948 1021 2985 Confitentur

268 3002 459 3047 quibuscum
471 3005 597 3050 agimus
606 3029 614 3041 ‚
627 3013 733 3050 neque
754 3011 771 3033 ι
781 3013 800 3034 x
812 3013 844 3034 x.
860 3001 1020 3047 Interpre-

267 3061 338 3083 tum
358 3052 539 3086 versionem
555 3077 564 3092 ‚
590 3063 695 3099 neque
711 3050 858 3084 Latinam
878 3073 888 3088 ,
914 3062 1018 3097 neque

268 3098 440 3133 Arabicam
450 3124 458 3139 ,
486 3114 544 3135 nee
556 3103 657 3135 ullam
667 3101 762 3134 aliam
774 3097 827 3133 seu
838 3099 1018 3146 antiquam,

267 3149 321 3182 scu
332 3160 451 3183 novam
462 3148 518 3184 esse
529 3150 747 3185 authenticam
762 3147 947 3196 scripturam
958 3173 968 3188 ,
994 3146 1016 3182 si

982 67 1454 111 nisa-onim

1065 141 1143 191 ergo
1163 143 1296 179 αὐθεντίοι
1321 149 1354 180 &
1379 145 1545 184 sinceritas
1577 147 1722 187 fontium
1748 153 1822 188 He-

1065 192 1223 228 braeorum
1240 196 1340 229 etiam
1354 196 1387 230 in
1400 197 1440 231 iis
1457 199 1557 240 locis,
1575 201 1631 235 ubi
1643 203 1738 236 nullae
1756 216 1820 237 un-

1065 255 1163 288 quam
1178 246 1268 279 variae
1284 245 1442 280 lefflones
1462 260 1678 294 apparuerunt
1692 277 1701 292 ,
1723 265 1821 287 voce-

1064 302 1119 326 tur
1138 294 1171 327 in
1183 293 1320 328 dubium
1333 319 1343 335 ,
1365 295 1444 330 nihil
1456 299 1490 330 in
1503 299 1574 332 ullis
1584 299 1698 335 Bibliis
1709 314 1822 336 mane-

1065 340 1114 375 bit
1126 354 1260 377 certum.
1286 345 1625 382 Protestantibuscum
1638 349 1822 385 Pontificiis

1066 402 1181 437 magna
1192 389 1255 426 fuit
1274 396 1491 430 controversia
1505 409 1615 433 utrum
1626 409 1734 433 textus
1751 401 1823 434 He-

1065 438 1140 473 braei
1159 453 1198 475 an
1218 443 1325 476 Latini
1346 444 1442 479 essent
1460 447 1638 482 authentici
1661 473 1671 489 ,
1696 447 1750 483 sed
1768 447 1821 483 hic

1067 489 1174 522 multo
1184 490 1281 525 altius
1294 491 1433 528 ascendit
1447 496 1486 529 lis
1499 509 1506 530 :
1532 497 1672 532 demitur
1686 499 1820 532 certitu-

1067 537 1111 571 do
1121 537 1196 573 fidei
1207 540 1323 576 Bibliis
1336 543 1506 584 omnibus,
1521 546 1646 581 Gtaecis
1657 549 1798 583 ‚Latinis
1808 569 1819 589 ,

1067 590 1100 621 ὃς
1110 588 1267 623 omnibus
1281 591 1481 628 versionibus
1490 618 1501 635 ,
1526 607 1684 643 quatenus
1694 596 1735 631 ab
1748 598 1821 630 He—
1836 607 1840 611 ·

1067 636 1153 673 braeo
1163 638 1343 687 discrepant
1353 642 1570 679 Protestantes
1585 657 1702 680 omnes
1713 670 1723 686 ‚
1737 658 1822 680 con-

1068 684 1225 722 sentiente
1232 692 1327 724 etiam
1338 691 1493 726 VValtono
1503 698 1533 727 ὃ(
1545 692 1637 729 sociis
1646 694 1743 730 fidem
1755 695 1824 729 adi-

1069 748 1176 774 munt,
1187 737 1208 772 si
1220 739 1406 782 VValtonu's‚
1417 746 1448 777 &
1459 742 1503 777 sui
1516 743 1628 778 Bibliis
1639 746 1735 779 etiam
1746 745 1822 779 He-

1040 819 1043 824 ,
1068 783 1159 820 braeis
1170 800 1310 824 errorem
1324 792 1507 840 impingant
1520 817 1530 833 ‚
1545 795 1692 841 inprimis
1710 796 1743 828 in
1760 794 1823 827 illis

1067 834 1168 875 locis,
1194 837 1251 870 ubi
1271 837 1289 870 a
1301 841 1461 887 principio
1477 842 1515 876 ad
1528 842 1616 878 hunc
1626 843 1712 878 diem
1732 841 1822 878 nulla

1065 882 1215 917 ledfflonis
1225 885 1404 922 differentia
1421 891 1558 938 allegata
1568 893 1612 927 est
1626 915 1635 930 ‚
1660 906 1732 941 quae
1749 904 1823 927 tan-

1067 932 1141 965 dem
1155 931 1307 979 supererit
1319 936 1481 982 Scriptura
1494 940 1626 980 divina,
1653 955 1732 989 pura
1749 941 1823 976 abs-

1066 993 1129 1028 que
1149 993 1256 1015 errore
1274 989 1285 1015 Ξ
1314 986 1346 1016 &
1367 986 1487 1031 quaein
1510 990 1604 1022 terris
1621 992 1823 1039 relinquetur

1067 1031 1211 1064 veritatis
1221 1033 1388 1070 norma‚ad
1397 1046 1494 1081 quam
1506 1035 1610 1070 secure
1621 1039 1655 1071 in
1666 1042 1823 1075 omnibus

1068 1080 1164 1112 liceat
1174 1085 1375 1126 provocare?
1401 1084 1477 1118 Hoc
1490 1086 1688 1132 principium
1701 1090 1824 1123 multos

1066 1127 1201 1163 deducet
1213 1129 1252 1163 ad
1261 1131 1450 1166 Romanum
1462 1133 1657 1169 Pontificem
1670 1163 1677 1175 ‚
1697 1148 1732 1171 ut
1743 1151 1826 1173 con-

1068 1178 1289 1213 troversiarum
1301 1182 1451 1216 omnium
1464 1183 1652 1231 Religionis
1662 1184 1824 1222 summum

1064 1227 1206 1269 judicem
1226 1251 1234 1264 ‚
1261 1227 1312 1263 sed
1336 1231 1440 1277 plures
1459 1232 1498 1266 ad
1515 1232 1692 1280 Pyrrhonis
1709 1236 1825 1283 scepti-

1067 1289 1136 1310 cam
1151 1295 1174 1317 ‚v
1198 1281 1230 1312 δι
1249 1291 1360 1313 verum
1378 1279 1585 1317 atheismum.
1615 1283 1825 1319 Pontificiam

1067 1325 1300 1361 authoritatem
1335 1328 1457 1364 dudum
1488 1330 1653 1377 explosam
1681 1334 1826 1381 plerique

1064 1378 1131 1421 jam
1144 1376 1268 1418 rident,
1290 1388 1454 1426 corruptas
1468 1380 1652 1416 Bibliorum
1665 1382 1827 1418 versiones

1069 1434 1137 1460 non
1149 1436 1333 1469 morantur,
1348 1428 1369 1463 si
1381 1429 1473 1476 quod
1484 1430 1644 1477 reliquum
1655 1442 1723 1466 erat
1733 1455 1744 1472 ,
1768 1433 1827 1466 Bi-

1068 1474 1212 1511 bliorum
1225 1477 1433 1525 originalium
1447 1479 1622 1514 auctoritas
1634 1490 1802 1516 enervetur
1811 1504 1824 1522 ‚

1066 1524 1218 1558 nihilerit
1227 1525 1367 1559 cuis-ides
1376 1525 1466 1561 certo
1487 1529 1664 1567 innitatur,
1685 1534 1719 1565 &
1733 1531 1824 1578 quod

1067 1570 1159 1607 unice
1179 1575 1279 1609 vellet
1293 1576 1408 1616 Satan,
1435 1575 1595 1625 singuliin
1611 1578 1705 1614 rebus
1714 1581 1826 1615 omni-

1067 1621 1127 1656 bus
1139 1621 1230 1657 sacris
1243 1647 1253 1663 ,
1279 1627 1310 1658 &
1324 1626 1459 1661 veritate
1471 1639 1682 1677 quacunque,
1692 1628 1824 1665 suarum

1067 1672 1225 1708 mentium
1236 1673 1344 1708 ductui
1357 1675 1596 1722 relinquentur.

1094 1736 1098 1748 r
1113 1721 1219 1762 Quod
1231 1722 1270 1757 ad
1280 1727 1466 1771 argumenti
1487 1726 1650 1761 minorem
1662 1751 1672 1767 ‚
1684 1726 1751 1762 loci
1763 1738 1827 1775 prat

1066 1770 1215 1805 manibus
1230 1772 1319 1806 nulla
1338 1786 1483 1821 unquam
1503 1775 1656 1810 lectionis
1673 1777 1827 1811 varietate

1067 1819 1221 1855 solicitati
1239 1820 1332 1861 sunt,
1359 1835 1543 1870 percurrant
1569 1825 1686 1872 quibus
1698 1827 1826 1862 otium,

1068 1871 1166 1904 nimis
1183 1882 1279 1917 quam
1302 1872 1425 1920 largum
1442 1873 1459 1906 ὰ
1474 1872 1628 1908 VValtono
1645 1874 1824 1908 collectum

1068 1919 1224 1956 variarum
1245 1920 1423 1955 lectionum
1447 1921 1641 1958 Biblicarum
1662 1920 1824 1967 syllabum

1070 1971 1102 2004 in
1114 1968 1196 2003 locis
1206 1969 1322 2004 nostris
1341 1972 1429 2006 Gen.
1445 1981 1477 2018 5.
1497 1983 1536 2007 ne
1554 1973 1709 2008 velunam
1723 1973 1826 2008 vatie-

1070 2029 1169 2054 tatem
1179 2031 1333 2053 inveniet-

1117 2067 1266 2102 Secundo
1283 2079 1510 2115 argumentor.·
1541 2072 1668 2107 Veritas
1689 2071 1823 2105 illorum
1843 2081 1938 2106 Secun-

1070 2117 1221 2152 locorum
1232 2119 1264 2152 in
1275 2117 1393 2152 Bibliis
1402 2120 1572 2155 Hebraicis
1586 2133 1654 2156 non
1666 2119 1761 2154 debet
1772 2118 1824 2153 so·
1842 2117 1909 2148 dum.

1069 2167 1196 2205 licitari‚
1205 2180 1288 2213 quos
1301 2167 1461 2202 verfiones
1468 2180 1585 2203 omnes
1594 2170 1733 2217 antiquae
1746 2181 1824 2216 prae-

1068 2225 1116 2249 ter
1128 2228 1226 2249 unam
1239 2218 1265 2248 L
1274 2229 1293 2249 x
1305 2218 1540 2262 x.1nterpretes
1550 2219 1741 2267 sequuntur,
1754 2230 1824 2253 non

1069 2264 1157 2297 enim
1168 2276 1204 2298 ea
1214 2264 1257 2298 est
1266 2264 1441 2300 auctoritas
1453 2264 1541 2301 istius
1557 2267 1709 2304 versionis
1720 2294 1730 2308 ,
1753 2280 1824 2315 quae

1070 2312 1144 2347 cum
1165 2314 1269 2348 textui
1285 2312 1437 2362 originali
1451 2339 1462 2356 ‚
1487 2326 1558 2351 tum
1569 2317 1728 2352 omnibus
1750 2329 1823 2364 quae

1069 2362 1389 2398 extantversionibus
1399 2366 1641 2412 ptaeponderet,
1658 2370 1724 2411 jam
1743 2365 1822 2399 vero

1071 2412 1103 2445 in
1113 2411 1185 2459 ipsis
1199 2411 1340 2448 VValtom'
1349 2413 1462 2449 Bibliis
1473 2441 1482 2454 ,
1509 2416 1666 2451 omnibus
1679 2417 1804 2464 legenti
1813 2433 1824 2441 -

1072 2460 1132 2495 bus
1141 2473 1269 2509 apparet
1279 2462 1456 2498 versionem
1470 2464 1679 2500 Chaldaicam
1689 2490 1698 2503 ‚
1711 2468 1822 2498 Sama-

1070 2511 1226 2551 ritanam,
1246 2513 1407 2558 Syriacam
1419 2537 1428 2553 ,
1448 2513 1638 2550 Arabicam,
1653 2514 1803 2547 Latinam
1814 2535 1824 2549 2

1069 2559 1342 2596 verfioniGraecae
1362 2562 1446 2596 Gen.
1461 2562 1730 2605 50‘c0ntradicere
1745 2586 1754 2601 ‚
1786 2565 1820 2596 δε

1069 2609 1263 2643 Hebraicam
1276 2610 1442 2645 veritatem
1455 2608 1542 2658 sequi
1552 2634 1562 2649 ‚
1571 2611 1722 2659 idemque
1731 2609 1773 2645 est
1785 2613 1821 2645 in

1069 2656 1305 2691 recentioribus
1331 2658 1488 2694 omnibus
1514 2660 1709 2695 versionibus
1734 2673 1820 2695 con·

1067 2704 1173 2740 sensus
1187 2730 1196 2746 ,
1223 2703 1258 2740 ut
1271 2707 1304 2740 in
1320 2706 1463 2745 Gallica,
1487 2711 1646 2758 Angliczi‚
1666 2710 1816 2758 Belgiczi,

1069 2753 1259 2800 Hispanicei,
1282 2755 1390 2791 Italica
1402 2784 1410 2797 ‚
1431 2761 1463 2792 δε
1476 2760 1543 2793 aliis
1557 2770 1696 2808 apparet.

1116 2804 1245 2838 Tertio.
1271 2805 1435 2841 Versionis
1457 2808 1578 2844 Graecae
1598 2812 1631 2843 in
1652 2807 1734 2842 locis
1752 2819 1814 2852 prae
1833 2809 1942 2840 finium„

1067 2853 1220 2888 manibus
1231 2865 1342 2901 patens
1356 2859 1387 2890 δε
1399 2857 1567 2904 palpabilis
1577 2857 1620 2892 est
1628 2869 1816 2902 error‚prae-

1068 2913 1214 2951 terquam
1234 2905 1320 2938 enim
1339 2906 1428 2952 quod
1454 2918 1525 2940 earn
1553 2906 1629 2940 alibi
1646 2906 1812 2953 sequentes

1068 2949 1196 2999 I⁰fi²Fhus
1207 2976 1215 2989 ,
1233 2951 1370 2999 Eufi’laius
1390 2978 1398 2990 ,
1428 2954 1562 2988 Clemens
1573 2954 1812 2993 Alexandrum,

1070 3001 1238 3048 Africanus,
1252 3006 1284 3035 &
1295 3004 1346 3036 alii
1358 3003 1464 3037 multo
1472 3002 1630 3039 diversum
1642 3004 1694 3039 hic
1706 3005 1815 3038 calcu-

1068 3052 1137 3085 lum
1153 3049 1291 3084 habeant
1311 3053 1422 3099 (quod
1435 3051 1607 3087 secundum
1618 3053 1818 3088 adversario·

1069 3112 1139 3134 rum
1151 3100 1317 3134 ratiocinia
1334 3102 1410 3134 oriri
1427 3103 1576 3149 oportuit
1589 3116 1627 3137 ex
1638 3101 1814 3137 diversitate

1069 3150 1303 3197 exemplarium
1315 3149 1640 3199 Graecorum,quibus
1651 3152 1698 3186 isti
1711 3155 1817 3186 Patres

1746 3198 1819 3232 sunt
