2048 3343
124 620 211 650 Grotii

124 659 237 698 absurda.

620 136 932 175 O-PER18
993 131 1030 170 H

277 230 438 258 matarum
457 211 668 251 ecclesiarum
689 211 873 245 Doctores.
904 208 1032 242 Caetera

277 269 473 320 paucissimis
485 264 750 313 perstringemus.

328 320 501 356 Somnium
511 315 697 364 judaeorum
714 305 1029 345 ⁶{Calvinoinlocum

279 369 418 418 copiose
439 365 512 402 satis
537 361 713 398 refutatum
733 370 801 392 nou
822 357 1035 400 attingemus,

278 421 335 455 etsi
356 431 393 453 cx
405 415 486 451 senis
505 426 578 460 quae
591 410 684 446 affert
703 410 843 442 Calvinus
854 401 1034 439 RabbiAb-

280 469 449 504 barhaniela
464 461 672 511 sophismatis
689 456 837 505 quaedam
857 457 924 498 ejus
935 450 1037 485 subti-

281 519 382 555 litatis
396 515 624 552 videantur,ut
636 509 831 556 ampliorem
841 501 1037 549 disquisitio-

282 580 359 603 nem
373 563 490 601 merito
501 562 678 609 requirant.

331 620 453 664 Hugoni'a
467 613 559 648 Grotii
571 613 742 644 inventum
756 601 861 638 multo
874 594 1039 646 putidissi-

283 679 376 702 mum
390 665 444 700 est.
474 665 566 697 Itane
579 655 678 695 vexo?
696 657 748 687 An
763 655 957 685 Graecorum
971 647 1040 680 Re-

283 729 386 766 gnum
405 710 623 750 dividendum
645 704 688 739 est
708 725 718 741 ,
745 705 779 736 &
803 699 960 734 Alexandri
979 708 1037 742 pro

283 768 382 801 tertio
398 789 405 801 ‚
424 776 461 797 ac
480 755 692 795 successorum
707 763 769 799 pro
781 759 898 796 quarto
909 746 1037 780 haben-

282 817 363 851 dum
383 815 446 848 lioc
465 810 532 845 fine
550 833 559 846 ,
585 815 621 839 ut
635 803 746 837 chriffi
756 802 872 835 locum
883 796 1038 843 quintum

282 873 421 909 occupet
441 857 582 907 populus
594 853 798 888 Romanus?
835 849 887 881 An
910 847 944 878 iu
963 855 1039 878 roto

280 916 333 950 vel
344 911 445 946 veteri
458 908 507 943 vel
520 916 611 939 novo
629 901 847 936 Testamento
861 896 956 931 unius
973 894 1039 929 loci

280 961 400 998 umbra
417 958 527 1008 potest
546 953 713 988 nominari
730 976 738 990 ‚
759 960 830 995 quae
846 946 1039 994 Lapidistitu-

280 1016 350 1049 lum
361 1012 518 1044 Romano
529 1003 656 1053 populo
668 997 784 1034 ascribi
795 995 917 1032 debere
928 993 1041 1028 subin-

283 1063 391 1097 dicat?
417 1056 480 1093 scd
494 1052 721 1090 concedamus
742 1074 752 1089 ‚
779 1047 857 1094 qnia
873 1047 905 1078 in
925 1053 1040 1077 monte

281 1109 431 1147 Palatino
453 1107 585 1142 Romulus
603 1114 641 1136 ac
660 1109 761 1137 Remus
772 1097 843 1133 suas
853 1106 930 1129 oves
943 1105 1040 1141 pave-

283 1170 360 1195 runt
370 1184 380 1201 ‚
400 1162 434 1192 &
453 1157 485 1190 in
498 1167 539 1188 eo
551 1165 586 1187 ac
597 1151 647 1186 sex
659 1150 773 1183 vicinis
786 1145 957 1181 montibus
969 1143 1042 1176 Ro-

283 1221 375 1244 mam
397 1204 595 1241 aedificfirunt
611 1226 622 1242 ‚
647 1208 787 1234 Romanos
812 1193 919 1241 aliqua
938 1193 1041 1227 Cata-

284 1256 385 1293 chtesi
400 1256 465 1290 dici
478 1252 566 1303 posse
578 1252 722 1295 Lapidem,
737 1258 805 1294 quo
818 1255 929 1279 tamen
941 1243 1042 1288 pacto

283 1305 378 1342 excisi
402 1305 477 1339 sunt
495 1303 534 1338 de
559 1311 676 1335 monte
695 1296 762 1331 fine
783 1293 962 1328 manibus?
989 1293 1042 1322 An

285 1355 359 1393 vere
370 1354 516 1389 divinam
528 1349 747 1398 gemellorum
760 1345 898 1378 istorum
915 1338 1045 1373 notho-

284 1418 359 1441 runi
382 1404 495 1439 Romuli
521 1406 554 1435 &
583 1397 663 1433 Remi
690 1395 947 1443 generationem
973 1390 1045 1422 cui-

285 1467 386 1502 quam
408 1454 522 1487 Grotius
544 1445 729 1497 persuaserit
755 1452 765 1477 Ξ
804 1440 913 1488 Qod
932 1449 1044 1472 autem

285 1503 352 1549 ipse
367 1498 682 1544 commentaturfine
694 1493 823 1529 manibus
835 1517 844 1532 ,
868 1489 946 1523 nihil
959 1487 1045 1522 aliud

285 1551 470 1601 significare
488 1547 587 1595 quani
609 1547 771 1594 populum
783 1540 924 1576 liberum
939 1537 1048 1584 ajugo

285 1604 417 1650 Regum
430 1604 463 1634 ὃ(
478 1596 631 1633 manibus
642 1603 860 1641 tyrannorum
881 1615 889 1630 ,
916 1591 1047 1623 incom-

285 1650 466 1700 parabilem
483 1649 571 1683 suam
594 1647 627 1678 in
648 1639 932 1679 comminiscendo
945 1637 1046 1671 auda-

286 1704 371 1735 ciam
386 1700 656 1748 proterviamque
671 1690 877 1728 deinoi-strat
888 1713 897 1729 ,
912 1686 974 1721 fine
987 1699 1047 1720 an·-

287 1752 439 1786 c‘totitate
454 1750 505 1784 vel
516 1746 604 1780 sacra
614 1743 666 1778 vel
679 1737 898 1790 profaufi,sine
909 1738 1046 1776 ratione,

287 1800 410 1847 absque
425 1799 519 1832 ouini
531 1792 721 1841 cujusquam
743 1787 865 1825 coloris
878 1797 1047 1834 praetextu.

286 1850 352 1884 Sed
371 1861 445 1883 cum
463 1853 494 1883 ἃ
508 1847 575 1880 hoc
594 1841 851 1879 concoxerimus
862 1836 1050 1871 absurdum,

288 1899 377 1934 dicat
399 1900 445 1932 vir
465 1897 588 1931 doetus
609 1892 819 1927 tertioloco‚
840 1886 960 1934 ecquid
973 1883 1049 1919 effer

287 1949 396 1997 privis
406 1948 450 1996 gii
462 1948 587 1991 Regno
605 1941 695 1976 urbis
706 1940 824 1973 Romae
836 1936 928 1984 super
942 1933 1049 1969 Chal—

289 1999 451 2037 daeorum,
464 1994 681 2032 Persarum&
692 1990 889 2023 Graecorum
902 1985 1049 2032 imperia,

288 2042 614 2089 utistajuietanttim
628 2040 779 2073 humano
790 2035 911 2070 fuerint
934 2061 941 2074 ‚
970 2033 1052 2069 illud

289 2094 393 2140 veroa
404 2097 479 2128 Deo
491 2091 566 2127 coeli
581 2089 735 2139 peculiiri
747 2091 818 2132 jtirc
835 2087 978 2120 erectum
993 2083 1051 2116 lia-

289 2147 426 2179 beatur?
456 2142 551 2177 Num
572 2151 606 2174 ut
630 2141 825 2172 Romanum
846 2134 950 2169 hodie
971 2134 1054 2180 Epi-

290 2194 460 2239 scopatum
484 2193 562 2236 juris
590 2189 693 2223 divini
720 2185 846 2234 jesuitae
869 2182 1052 2222 celebrant,

292 2242 414 2278 caeteris
435 2240 594 2273 omnibus
616 2248 674 2282 pet
692 2237 808 2267 orbem
830 2234 999 2279 Episcopis
1011 2231 1053 2264 ad

290 2297 340 2339 jus
361 2293 544 2325 'numanum
567 2290 601 2320 δε
623 2281 879 2317 ecclesiasticum
896 2277 1051 2313 detrusis:

289 2346 336 2377 ita
348 2343 540 2375 Romanum
554 2334 737 2381 Imperium
751 2331 828 2364 velit
844 2330 960 2362 Grotius
970 2326 1054 2360 divi-

289 2392 456 2426 vinurm&
468 2397 581 2420 caetera
592 2379 882 2416 omniahumana?
897 2378 1053 2422 Denique

290 2440 308 2474 :i
320 2442 392 2474 viro
405 2431 628 2472 eruditissimo
647 2430 841 2465 sciscitamur
851 2453 859 2466 ‚
880 2438 959 2460 num
972 2427 1053 2459 Ro—

290 2500 425 2524 manum
440 2485 617 2531 Imperium
637 2490 794 2514 aeternum
805 2477 967 2511 existimet
977 2487 1053 2508 curii

291 2537 457 2574 veteribus
468 2535 554 2568 istius
565 2531 654 2565 urbis
664 2528 752 2575 quasi
766 2538 892 2561 aeternae
903 2522 1052 2571 blasphe-

294 2591 356 2623 niis
369 2580 621 2620 adulatoribus?
651 2576 754 2613 Certe
767 2577 926 2623 Regnum
939 2573 1056 2619 christi,

296 2635 447 2671 verissimi
458 2632 577 2679 lapidis
587 2627 752 2676 angularis
764 2650 772 2662 ‚
792 2623 951 2673 spirituale
965 2648 973 2661 ,
986 2636 1057 2657 coe-

298 2687 376 2722 leste
404 2689 437 2719 &
460 2692 619 2716 aeternum
641 2678 657 2711 ὲ
673 2675 841 2722 Propheta
863 2675 982 2707 Daniele
992 2672 1055 2705 cla-

299 2734 420 2770 tissime
443 2731 655 2779 praedicatum
667 2751 676 2766 ‚
690 2724 706 2759 ἓι
722 2725 855 2757 nemine
868 2720 1058 2755 Christiano

300 2782 466 2820 tamfoede
484 2777 649 2814 obscurari
663 2780 694 2809 ἃ
708 2772 793 2807 eludi
811 2771 938 2805 debuit.

351 2835 483 2867 Gratiam
496 2841 563 2863 non
576 2825 704 2860 excusat
715 2822 807 2870 quod
817 2823 849 2854 in
864 2831 968 2868 regno
982 2817 1059 2852 ulti-

303 2896 361 2916 mo
395 2881 538 2926 Clirzstmn
564 2888 639 2910 cum
665 2873 830 2908 Romanis
857 2872 1058 2915 conjungat:

302 2931 388 2965 certe
401 2930 526 2974 Christus
537 2938 612 2960 cum
623 2924 789 2958 Romanis
805 2923 837 2954 in
858 2919 914 2954 suo
928 2917 1058 2965 sceptro

302 2985 333 3014 {Q
344 2981 466 3014 throno
481 2975 586 3011 multo
600 2971 767 3008 difficilius
782 2968 949 3007 coalescet,
959 2966 1056 3013 quam

304 3030 336 3062 in
360 3031 485 3062 Danielis
503 3028 611 3060 statuae
633 3022 770 3069 pedibus
788 3018 911 3054 ferrum
933 3021 965 3052 &
979 3016 1058 3050 testa

306 3077 531 3123 coagulantur.
557 3075 753 3119 Utrunque,
767 3068 905 3117 peffiruo
917 3065 1057 3101 consilio

306 3128 354 3160 vir
369 3127 488 3157 doetus
511 3127 543 3156 iii
565 3136 665 3170 regno
685 3121 802 3154 ultimo
820 3120 930 3165 priora
944 3116 1059 3149 omnia

308 3174 636 3218 conterente‚prinias
646 3166 978 3211 Roiiiaiiis>&christo
990 3177 1064 3198 tan-

308 3225 377 3258 tum
389 3232 495 3271 partes
504 3219 908 3255 secundas&collaterales
920 3213 1062 3250 ascribit.

279 162 352 199 232

1094 1749 1112 1763 Ο

1069 1772 1070 1775 =
1093 1764 1113 1784 es

1062 140 1077 167 1
1113 140 1128 165 S
1160 139 1186 165 T
1221 140 1246 165 O
1282 138 1310 163 R
1344 137 1360 162 1
1391 136 1413 162 C
1446 135 1461 161 1

1124 199 1229 245 Quod
1252 198 1293 232 ad
1307 192 1701 245 Qiinto-Monarcliicos
1714 187 1830 237 Angli-

1075 263 1174 285 canos
1186 263 1244 283 eos
1257 260 1360 295 nuper
1373 243 1466 279 acute
1479 241 1551 277 satis
1563 245 1593 275 in
1606 243 1769 276 Oratione
1779 236 1832 273 sua

1078 301 1250 334 Comitiali
1275 293 1456 346 penultimi}
1473 299 1670 328 Cromvveaeua
1695 289 1833 329 refutat,

1078 362 1136 382 nec
1163 351 1196 382 in
1218 348 1271 382 sua
1290 342 1460 380 immerito
1481 341 1596 376 acerba
1619 338 1835 386 responsione

1079 400 1282 445 Spittcllmfim,
1295 398 1449 442 cuiquam
1461 393 1598 426 cordato
1609 386 1837 424 satisfacimus

1081 446 1211 480 tantum
1225 458 1295 492 qua:
1306 443 1496 491 Spittelliufim
1509 454 1546 475 ex
1558 443 1666 476 Thema
1679 438 1836 472 Goodvvim

1080 498 1244 529 concione
1256 492 1458 528 Londinenli
1478 503 1539 539 pro
1553 491 1671 536 quinta
1683 487 1743 521 hac
1755 488 1841 519 Mo-

1083 545 1216 578 narchifi
1237 546 1317 578 citat
1342 551 1537 591 argumenta
1564 540 1708 573 breviter
1729 534 1844 570 dissol-

1082 607 1209 629 vemus.
1837 615 1841 618 .

1132 645 1295 678 Primum.
1308 640 1482 676 Multoties
1492 638 1657 684 Scriptura
1669 634 1776 669 innuit
1786 633 1845 668 ubi

1084 707 1201 729 omnes
1220 703 1334 741 gentes
1357 691 1399 726 ad
1423 688 1570 737 christum
1593 695 1845 723 convertentur,

1084 746 1145 778 Dei
1159 743 1323 792 populum
1335 742 1367 774 in
1381 741 1474 774 tetris
1484 739 1610 783 ubique
1621 736 1844 783 principatum

1084 793 1314 828 obtenturum.
1349 788 1448 836 Resp.
1465 788 1520 822 Ad
1533 787 1706 833 Scripturae
1718 786 1815 819 locos
1827 781 1845 816 a

1085 845 1246 878 Goodvvino
1261 845 1293 875 &
1308 838 1446 887 Collega
1458 837 1516 871 suo
1528 836 1669 879 Borroufio
1692 845 1752 880 pro
1764 833 1849 880 peri-

1084 890 1283 927 culosissimo
1305 888 1372 922 hoc
1389 899 1499 922 errore
1521 886 1641 920 allatos
1660 883 1784 931 prolixe
1797 895 1849 916 te-

1085 941 1278 990 spondimus
1303 936 1409 971 adhuc
1429 935 1496 969 sine
1508 933 1644 980 Replica
1658 931 1845 967 Diss‘uafivae

1085 1004 1155 1041 cap.
1168 1005 1179 1026 1
1191 1004 1220 1024 1.
1233 1000 1392 1037 pagazq.
1663 987 1667 993 '

1136 1038 1340 1075 Secundum.
1375 1034 1448 1081 Qi
1472 1031 1587 1068 seculis
1607 1028 1844 1080 prioribussub

1088 1085 1464 1125 omnibusMonarchiis
1481 1081 1606 1117 crudeli
1618 1079 1849 1129 persecutione

1087 1138 1228 1188 oppressi
1242 1138 1314 1172 sunt
1327 1161 1336 1177 ,
1346 1147 1401 1168 eos
1412 1145 1542 1180 aeqiium
1557 1132 1600 1165 est
1611 1130 1743 1165 tandem
1755 1130 1849 1162 mise-

1088 1192 1136 1223 riis
1146 1190 1310 1223 eluctatos
1322 1183 1505 1232 imperandi
1516 1182 1602 1215 vices
1613 1181 1645 1214 in
1657 1180 1752 1213 terris
1765 1175 1851 1212 assu-

1064 1246 1066 1254 *
1090 1252 1190 1274 mere.
1226 1236 1328 1282 Resp.
1347 1237 1379 1269 Si
1393 1231 1578 1280 quainlioc
1593 1239 1788 1278 argumento
1803 1229 1851 1261 vis

1093 1289 1147 1325 est,
1159 1289 1194 1322 ad
1208 1288 1365 1334 personas
1378 1280 1509 1316 tantum
1520 1279 1576 1314 sub
1589 1277 1757 1326 prioribus
1767 1279 1852 1312 Mo-

1091 1337 1230 1372 nartlii'is
1246 1333 1411 1382 oppressas
1422 1332 1544 1378 spectat
1555 1357 1563 1370 ,
1576 1331 1653 1364 licet
1663 1326 1743 1362 veto
1755 1329 1852 1361 Good-

1090 1391 1189 1424 vvinus
1200 1398 1260 1434 pro
1273 1384 1330 1418 suo
1341 1380 1525 1417 Cliiliasmo
1536 1375 1767 1426 oppressorum
1779 1375 1856 1410 illo-

1090 1450 1162 1471 rum
1181 1433 1356 1483 plerosque
1367 1432 1408 1466 ad
1421 1429 1600 1464 fruendum
1613 1429 1646 1461 in
1658 1428 1752 1461 tetris
1763 1424 1853 1460 mille

1092 1498 1259 1521 annorum
1281 1494 1360 1530 pace
1372 1478 1600 1525 corporaliter
1610 1477 1854 1510 resurrecturos

1092 1536 1170 1572 velit
1188 1560 1198 1575 ‚
1239 1526 1605 1576 Quinto-Monarchici
1624 1535 1738 1558 tamen
1755 1523 1859 1556 nostri

1091 1598 1155 1620 non
1167 1595 1233 1618 tam
1245 1593 1307 1629 pio
1321 1588 1532 1614 mortuorum
1543 1574 1670 1609 dudum
1683 1569 1860 1620 oppresso-

1092 1648 1163 1670 rum
1176 1629 1390 1682 gloiifi,quzim
1403 1626 1506 1662 hodie
1516 1625 1699 1660 viventium
1711 1622 1857 1669 imperio

1092 1686 1269 1720 dimicant.
1310 1676 1467 1714 Piaeterea
1478 1676 1605 1722 requies
1626 1698 1636 1714 ,
1661 1670 1856 1718 imperium,

1116 1735 1212 1774 loria,
1226 1744 1298 1779 quae
1311 1732 1342 1763 in
1355 1723 1585 1776 oppressorum
1595 1721 1859 1758 consolationem

1096 1788 1189 1819 Deus
1202 1781 1385 1830 promittit,
1396 1778 1467 1811 sunt
1479 1774 1607 1809 summa
1617 1798 1626 1814 ‚
1638 1771 1784 1819 perfecta
1795 1797 1804 1811 ‚
1822 1773 1859 1804 δε

1096 1846 1213 1869 aeterna
1226 1834 1258 1865 in
1272 1831 1384 1869 coelis,·
1407 1838 1474 1860 non
1488 1821 1862 1871 humilia,imperfesta,

1097 1889 1129 1919 a&
1142 1883 1343 1929 temporaria
1355 1880 1387 1911 in
1399 1876 1502 1911 terris.

1147 1934 1304 1967 Tettium
1319 1926 1478 1963 Goodvvini
1489 1930 1732 1971 argumentum.
1749 1915 1860 1962 Quod

1098 1985 1129 2017 in
1144 1985 1254 2018 Adamo
1266 1977 1435 2013 amisimus
1449 2000 1459 2014 ,
1483 1974 1519 2007 id
1540 1984 1597 2020 per
1613 1970 1755 2016 Christum
1767 1966 1862 2001 resti-

1100 2044 1231 2067 tuetur:
1250 2029 1354 2076 Atqui
1365 2030 1397 2061 in
1407 2027 1518 2060 Adamo
1530 2018 1699 2056 amisimus
1711 2016 1860 2051 terrestre

1099 2083 1274 2131 imperium
1297 2081 1329 2112 in
1348 2085 1528 2112 creaturas.
1565 2069 1665 2117 Resp.
1690 2068 1858 2112 Majorem

1100 2144 1210 2168 veram
1223 2130 1273 2164 vel
1293 2131 1324 2162 in
1344 2127 1404 2160 liae
1420 2126 1487 2159 vita
1506 2123 1558 2156 vel
1569 2121 1602 2153 in
1613 2117 1731 2152 futura.
1765 2114 1861 2147 Num

1099 2184 1287 2216 animarum
1309 2175 1430 2222 absque
1449 2171 1626 2205 iiihmrente
1653 2165 1722 2197 ullo
1741 2174 1861 2210 pecca-

1099 2242 1135 2263 to
1155 2230 1378 2274 integritatem
1402 2245 1411 2257 ‚
1439 2225 1473 2254 δε
1493 2226 1669 2263 corporum
1683 2212 1750 2246 sine
1764 2211 1862 2245 ullius

1100 2275 1211 2310 morbi
1232 2301 1240 2313 ‚
1258 2274 1353 2307 ullius
1371 2271 1487 2304 mortis
1508 2266 1659 2314 periculo
1682 2261 1866 2299 sanitatem,

1099 2325 1224 2372 quasin
1240 2324 1351 2356 Adamo
1362 2317 1530 2353 amisimus
1542 2340 1552 2354 ‚
1576 2311 1767 2346 mortalium
1780 2308 1867 2354 quis-

1100 2386 1199 2417 quam
1223 2374 1256 2404 in
1278 2371 1336 2404 hac
1357 2370 1422 2403 viia
1438 2375 1587 2413 unquam
1601 2362 1741 2408 adeptus
1751 2359 1796 2393 est
1808 2369 1864 2393 aut

1102 2421 1321 2469 adipiscetur?
1358 2418 1475 2451 Minor
1494 2415 1593 2448 etiam
1608 2411 1682 2446 falsa
1693 2411 1736 2445 est
1752 2433 1763 2446 ,
1784 2420 1862 2441 nam

1100 2475 1176 2507 licet
1190 2473 1223 2504 in
1238 2471 1347 2504 Adamo
1361 2478 1438 2501 ante
1459 2464 1582 2511 lapsum
1595 2458 1860 2495 liberisuerimus

1102 2522 1142 2556 ab
1158 2522 1254 2555 omni
1266 2518 1416 2553 servitute
1431 2542 1440 2556 ,
1452 2519 1485 2549 δεῖ
1497 2513 1674 2559 imperium
1688 2508 1860 2542 inanima-

1100 2573 1141 2606 lia
1155 2596 1165 2612 ,
1183 2583 1220 2605 ac
1232 2567 1397 2604 terrestres
1412 2574 1576 2599 creaturas
1596 2558 1728 2592 homini
1746 2558 1862 2590 datum

1107 2622 1224 2657 fucrit:
1243 2616 1332 2652 nulla
1344 2626 1455 2649 tamen
1471 2608 1670 2646 Monarchia
1681 2605 1736 2640 ulli
1749 2605 1864 2639 homi-

1102 2684 1181 2704 nutri
1192 2668 1313 2714 generi,
1325 2665 1416 2711 supra
1425 2662 1552 2696 vicinos
1564 2669 1638 2692 ante
1649 2659 1772 2704 lapsum
1784 2654 1862 2688 data

1103 2719 1147 2752 est
1160 2745 1170 2760 ,
1190 2716 1313 2751 nedum
1329 2725 1366 2749 ut
1377 2713 1506 2748 homiui
1517 2706 1774 2743 omninaturalis
1790 2701 1862 2737 fuc-

1103 2770 1162 2803 tit.

1153 2819 1332 2858 Quartum.
1358 2804 1666 2846 Ptomiffionesisa.
1680 2807 1734 2847 65.
1759 2797 1863 2847 perfi—

1103 2868 1233 2902 ciuntur
1246 2867 1278 2898 in
1291 2875 1374 2898 terra
1385 2885 1394 2899 ,
1404 2859 1446 2893 eo
1460 2856 1554 2904 quod
1565 2850 1705 2888 vers-21.
1735 2850 1864 2883 dicatur

1104 2909 1494 2951 aedificattiroslsra'dlitas
1505 2906 1631 2939 domos
1644 2905 1677 2935 &
1690 2899 1860 2933 habitatu-

1104 2978 1157 2999 ros
1176 2967 1208 2997 in
1222 2966 1276 3002 iis,
1299 2965 1333 2995 δε
1345 2959 1492 2993 culturos
1503 2956 1613 2989 vincas
1625 2976 1635 2992 ,
1652 2963 1688 2984 ac
1703 2950 1814 2984 esuros
1826 2959 1864 2980 cx

1105 3017 1142 3048 iis
1154 3038 1162 3051 ‚
1174 3025 1240 3047 non
1252 3012 1339 3044 enim
1354 3005 1558 3041 aedificantur
1570 3003 1692 3036 domus
1704 3027 1711 3039 ‚
1733 3010 1794 3032 nec
1806 3009 1864 3030 co-

1103 3066 1214 3099 luntur
1227 3063 1325 3095 vincae
1337 3055 1394 3090 nisi
1408 3057 1439 3088 in
1451 3054 1554 3088 terris.
1585 3050 1683 3098 Resp.
1706 3051 1775 3082 Res
1794 3059 1865 3080 coe-

1104 3113 1196 3147 lestes
1207 3102 1428 3157 saepenumero
1440 3103 1679 3151 promittuntur
1691 3097 1747 3132 sub
1759 3097 1862 3144 figura

1106 3174 1214 3197 rerum
1238 3156 1450 3192 terrestrium.
1490 3151 1573 3187 lllud
1587 3149 1754 3196 Euangelii
1768 3146 1863 3179 bibam

1084 3210 1362 3300 lnovumvobifttsm
1374 3206 1404 3242 in
1415 3212 1506 3252 Regno
1521 3205 1612 3252 patris
1634 3202 1690 3234 mei
1707 3207 1777 3230 non
1797 3195 1864 3224 im-

1750 3250 1863 3289 portat

1818 237 1829 248 Λ
1852 226 1997 254 νηειιῐαΤΙκεῐ

1854 278 1894 295 ⁷7¹ae
1910 269 1997 295 Good-
2024 274 2026 277 “

1853 187 1952 224 «sigu-

1854 310 1916 334 r-:ini
1929 316 1976 346 pro

1855 352 1943 387 quinta
1985 354 1991 360 ·

1858 392 1972 417 Monar-
2012 399 2013 402 ¹

1857 431 1983 468 tbiarefu-

1858 479 1951 500 tamur.

1930 1935 1964 1964 34
