2048 3343
0 0 19 144 l

0 145 17 199 g}
478 157 549 184 Ετ
604 147 1203 187 ΟΗκοΝοιοειει
1263 149 1448 190 Lim.
1667 160 1745 198 285

0 212 17 260 {¹¹
31 220 163 255 philostr-a·
232 218 423 256 philomarus
433 231 543 256 autem
554 221 675 256 nullius
685 220 730 255 est
740 220 823 267 apud
834 220 937 254 ullum
991 222 1120 266 primae;
1140 232 1344 267 nequaquam
1357 222 1394 256 ad
1403 222 1571 270 Epocham
1589 226 1654 269 jam
1684 239 1747 272 prae

0 262 152 328 {ffmrff'f'fs
184 272 352 306 cordatum
366 271 633 310 auctoritatis,ira
645 281 680 304 ut
691 271 786 303 mirer
796 265 940 303 doetiffi-
987 269 1139 304 inanibus
1157 280 1213 304 aut
1233 270 1333 303 ullam
1355 271 1568 317 posteriorem
1586 272 1740 321 speftint,

0 313 82 372 ’,Ἐς
99 313 161 329 *¹⁰*
183 333 275 355 mum
296 318 466 354 Bor-lmrtum
483 319 570 354 tanta
587 331 664 352 cum
686 316 802 351 fiducia
818 329 856 350 ex
874 317 938 350 hoc
1036 317 1163 365 Babylon
1184 322 1283 353 varias
1302 331 1408 353 rerum
1431 321 1513 355 vices
1528 336 1660 369 experta
1679 325 1743 364 est,
1764 327 1900 356 Primassa.

0 366 18 395 5²
80 363 86 371 ’
184 368 427 405 mendaciffimo
442 366 591 415 scriptore
609 378 838 413 quamcunque
856 378 938 400 con·
987 365 1091 400 donec
1108 368 1241 402 tandem
1254 368 1293 402 ad
1305 369 1439 403 oculum
1460 371 1692 415 Prophetarum
1709 387 1739 407 ο.
1761 366 1855 403 ‘’y-'⁰²²5‘

182 419 359 455 elusionem
377 417 513 465 probare
523 417 615 450 velle.
639 418 677 450 In
691 412 868 450 Philoflrato
880 419 939 449 Ba·
989 427 1081 450 mnes
1093 417 1200 452 minae,
1214 421 1244 450 ἃ
1259 418 1414 465 quicquid
1427 418 1485 464 ipsi
1496 420 1586 452 Deus<
1599 424 1679 457 0121„
1693 425 1746 457 in-
1763 412 1898 439 calamitas.

8 2495 11 2507 i

8 2511 11 2527 l

8 2590 11 2644 i
26 2602 135 2631 naharu·

8 2649 11 2675 Ι
28 2653 96 2672 mor.

182 470 288 506 ronias,
309 472 339 501 ἃ·
352 479 391 501 ex
403 480 442 501 eo
453 465 617 514 Poffevinus
627 477 749 500 errores
761 467 866 500 varios
879 477 942 501 no-

183 531 230 554 tat
242 544 251 559 ‚
276 516 330 552 sed
344 516 450 550 multo
472 517 560 563 plura
580 513 759 550 craffiffima
773 514 941 549 mendacia

183 578 329 603 attentus
349 565 488 613 quilibet
509 565 612 599 1σᾶοτ
629 564 858 599 observaverit.
885 565 944 599 Fa-

181 629 256 652 teor
268 615 456 664 Apollonium
466 616 623 659 YJvanetim,
631 615 670 649 de
679 617 768 659 cujus
779 613 844 649 vitt'i
853 625 942 648 totus

183 665 347 712 Philostrati
359 666 441 701 liber
450 664 508 704 est,
520 665 677 712 insignem
687 662 779 698 fuisse
790 664 943 712 Magum,

185 728 300 763 utpote
319 718 377 763 qui
402 728 475 749 non
487 713 666 748 distimulet
684 712 870 761 frequentia
891 711 943 746 sua

182 779 258 801 cum
272 766 491 800 Daemonibus
502 762 667 811 colloquia
679 788 688 803 ‚
709 774 854 797 attamen
866 763 942 810 plu-

181 817 266 853 rima
284 826 356 861 quae
372 814 411 848 de
426 825 467 848 eo
485 824 590 848 narrat
609 812 696 860 quasi
714 812 754 847 ab
766 815 833 857 ejus
850 810 942 846 servo

182 864 317 900 Damide
337 862 396 899 fibi
414 862 531 897 tradita
557 860 750 897 Philostratus
763 885 772 901 ,
796 861 941 906 cjuldem

182 912 278 962 plane
290 915 467 949 commatis
481 911 555 946 sunt
575 925 651 946 curn
670 910 786 945 fabulis
806 911 942 959 magicis

182 963 309 1012 Apuleia·
320 965 353 998 in
362 961 420 997 suo
431 974 527 996 aureo
546 961 644 996 asino.
671 959 773 1006 Qafi
783 957 861 995 vero
875 972 943 994 non

181 1013 314 1048 tantuin
327 1012 390 1060 ipse
408 1010 582 1059 Apollonius
593 1009 714 1057 absque
729 1010 822 1043 omni
833 1008 941 1043 studio

181 1074 237 1098 aut
259 1063 372 1097 labore
392 1074 509 1096 omnes
528 1057 940 1106 calluisletlinguas‚etiam

182 1114 293 1147 avium
307 1115 342 1146 δε
355 1111 489 1159 piscium
507 1122 543 1143 ac
556 1109 725 1143 brutorum
736 1132 746 1147 ,
763 1106 939 1155 futuraque

182 1164 293 1197 omnis
311 1161 439 1209 generis
459 1156 629 1193 certissime
648 1158 871 1206 cognovisset,
889 1155 940 1192 sed

181 1224 254 1246 tota
273 1213 372 1246 etiam
393 1210 480 1255 apud
499 1208 599 1242 Indos
624 1218 704 1254 gens
730 1204 939 1253 Brachmannis

180 1262 288 1296 vicina
298 1257 431 1294 scivisset
448 1256 558 1292 exacte
571 1256 682 1292 Graece
692 1280 702 1292 ‚
722 1260 754 1290 &
765 1255 824 1291 fibi
838 1258 938 1303 igno·

179 1307 317 1344 tiffimos
338 1318 371 1342 ut
388 1307 533 1354 primum
550 1305 636 1340 visos
662 1305 723 1339 suis
742 1305 938 1341 nominibus

179 1356 332 1407 potuisset
344 1357 552 1403 compellare.
580 1353 760 1388 Credamus
771 1355 835 1390 fine
848 1355 935 1390 scru-

176 1410 257 1456 pulo
269 1406 456 1455 Apodonium,
466 1409 496 1439 δι
507 1403 636 1439 turbam
646 1404 743 1438 etiam
755 1406 936 1452 Magorum

175 1459 362 1493 Indicorum
374 1453 561 1491 resuscitaffe
571 1466 631 1501 pro
640 1452 696 1488 suo
707 1452 803 1489 libitu
813 1454 939 1489 multos

178 1506 253 1543 vere
268 1517 420 1541 mortuos
439 1529 449 1545 ‚
486 1504 606 1538 nedum
632 1502 768 1538 lethales
792 1504 938 1551 quosque

177 1556 316 1592 morbos
328 1552 460 1592 sanasse,
479 1551 700 1587 concedamus
717 1555 817 1587 etiam
831 1554 935 1588 aDae-

178 1604 336 1642 monibus
349 1615 456 1652 parata
468 1602 587 1638 fercula
594 1601 818 1636 homunculos
830 1603 937 1637 aene'os

176 1656 239 1690 suis
251 1655 400 1689 manibus
411 1649 592 1700 apposuisse
600 1649 730 1688 mensae‚
740 1655 770 1685 &
785 1651 863 1686 istos
873 1650 937 1684 ho-

176 1707 374 1740 munciones
384 1714 484 1738 aereos
500 1703 551 1737 vel
566 1700 686 1735 ferreos
697 1711 808 1735 totum
823 1713 938 1735 coena-

175 1767 250 1789 rum
275 1752 492 1789 ministerium
515 1747 692 1798 p'ereg'iffe3
714 1761 860 1785 attamen
885 1751 936 1785 vel

175 1804 303 1838 Damida‘
315 1805 363 1838 vel
376 1799 556 1836 Philostrato
567 1812 636 1834 non
649 1800 753 1846 magis
764 1800 868 1835 credo
880 1812 936 1836 ve-

174 1855 250 1888 teris
279 1852 412 1888 Ninives
437 1850 642 1896 temporibus
677 1849 845 1884 Domitiani
870 1850 936 1884 exi-

173 1902 338 1942 stentiam,
348 1899 446 1950 quam
457 1903 492 1935 in
506 1898 643 1934 Caucasi
652 1898 786 1946 rupibus
799 1900 890 1946 piper
900 1902 934 1934 &

173 1964 318 1987 aromata
328 1954 362 1986 in
373 1949 488 1998 magnii
499 1948 591 1996 copie‘i
599 1949 693 1996 gigni
704 1972 712 1987 ,
725 1962 761 1983 ac
772 1948 934 1984 simiarum

175 2014 272 2048 opera
284 2001 321 2036 ad
337 2002 434 2035 valles
451 1997 589 2038 deferri,
609 1996 680 2032 imo
698 1997 878 2034 Caucasum
898 1998 937 2034 ad

173 2052 278 2086 Maris
289 2050 403 2085 perfici
421 2062 511 2084 oram
530 2048 735 2096 pertingere,
761 2049 842 2097 quin
860 2049 935 2082 &in

173 2098 299 2135 Arabi&
320 2104 352 2134 δι
378 2098 476 2134 Persii
489 2096 715 2145 populmesst,
737 2100 822 2145 qui,
856 2099 937 2133 licet

175 2151 325 2197 Tropico
338 2150 460 2184 Cancri
471 2161 540 2182 non
561 2149 828 2195 appropinquent
840 2170 850 2183 ‚
874 2160 934 2182 ne-

174 2210 295 2246 queant
312 2210 420 2234 tamen
443 2199 576 2246 polum,
598 2196 668 2231 imo
688 2210 728 2231 ne
748 2195 849 2244 ipsam
861 2199 934 2243 qui-

176 2249 250 2283 dem
272 2248 391 2284 Ursam
407 2246 608 2293 conspicere.
642 2248 730 2280 Tam
746 2248 882 2292 turpiter
900 2247 934 2280 in

178 2297 420 2332 Astronomicis
434 2321 443 2335 ‚
467 2294 708 2344 Geographicis
721 2300 753 2330 δι
765 2294 910 2342 Phyficis
921 2319 932 2335 ,

180 2346 303 2380 nedum
323 2345 538 2392 Theologicis
566 2344 735 2390 cespitanti
763 2342 936 2378 Philostrato

180 2396 254 2441 quis
273 2396 305 2428 in
322 2407 489 2441 quoquam
510 2391 607 2427 fidem
625 2391 805 2427 adhibeat?
839 2391 937 2427 Certe

181 2444 323 2478 Lemnius
335 2444 385 2478 liic
397 2443 433 2486 (fi
445 2443 517 2490 quis
529 2443 607 2476 alius
617 2443 701 2475 inter
711 2445 854 2483 veteres)
881 2454 938 2476 ne-

180 2492 351 2540 quissimus
361 2493 405 2528 est
417 2490 566 2539 scriptor,
577 2491 738 2526 erroribus
751 2492 938 2539 omnigenis

182 2543 321 2577 scatens.

234 2590 609 2627 Bocharticommenturn
622 2589 661 2624 de
671 2588 795 2636 duplici
808 2589 941 2627 Ninive,

182 2642 318 2690 utrique
340 2639 542 2690 Philostrati&
555 2639 727 2675 eAmmiant
738 2638 853 2673 diebus
870 2641 937 2673 exi·

183 2691 285 2726 stente
299 2716 308 2732 ,
337 2691 466 2725 videtur
477 2688 615 2724 minime
627 2688 812 2726 fundatum.
839 2687 940 2724 Certe

182 2743 238 2789 qui
253 2753 393 2775 veterem
407 2741 508 2774 ullam
518 2740 636 2774 Ninum
648 2738 804 2786 Euphrati
815 2737 854 2772 ad
866 2739 939 2773 Oc-

183 2791 348 2825 cidentem
381 2800 483 2837 ponat
515 2800 624 2835 praeter
656 2787 937 2822 mendacissimum

186 2839 389 2887 Phdostrasum
417 2864 426 2879 ‚
461 2839 582 2873 nullius
604 2838 751 2872 memini.
781 2837 940 2881 Benjamin

185 2889 348 2933 Tuledenſss
358 2890 514 2923 Itinerarii
526 2887 570 2922 sui
583 2892 719 2936 pag-62·
733 2896 894 2921 memorat
903 2885 940 2920 ad

186 2938 436 2972 Occidentalem
448 2939 554 2985 Tigris
562 2940 666 2984 ripam
677 2932 784 2970 vidisse
792 2934 823 2970 se
834 2933 940 2982 splen-

190 2986 382 3021 didissimam
392 2989 561 3022 civitatem
574 2984 747 3022 Moffalen‚
765 2984 883 3030 ecujus
894 2998 942 3020 re-

190 3039 290 3084 gione
299 3047 383 3070 trans
392 3035 527 3070 fluvium
537 3037 575 3072 ad
586 3038 758 3071 Orientem
771 3037 843 3083 pagi
852 3045 942 3069 erant

191 3090 223 3118 ὃ(
237 3087 319 3124 vici,
340 3085 397 3118 ubi
410 3085 509 3131 prisca
520 3090 621 3120 Ninus
640 3089 721 3122 olim
736 3085 791 3120 sita
803 3082 939 3132 putaba-

188 3145 249 3168 tur.
274 3136 353 3168 Non
365 3135 451 3179 p'ura
461 3134 499 3168 de
517 3135 644 3170 Ninive.
670 3137 747 3181 EJ'us
759 3135 873 3169 tertius
890 3134 942 3168 vel

187 3195 278 3218 ortus
290 3184 339 3218 vel
358 3185 507 3216 interitus
523 3185 630 3219 nullus
641 3196 793 3233 apparet:
821 3185 943 3232 primus

188 3244 295 3268 autem
322 3235 356 3268 δε
375 3230 532 3268 secundus
549 3232 590 3268 ad
612 3235 727 3270 ultima
743 3233 943 3270 Monarchiae

989 466 1181 499 terminatus
1197 465 1240 499 cst
1253 490 1263 506 ‚
1290 479 1400 501 totum
1415 467 1572 502 incubuit.
1604 471 1749 516 Babylo-

991 516 1069 549 nicae
1080 517 1272 561 captivitatis
1290 517 1484 563 principium
1499 516 1572 556 suit,
1592 521 1665 552 cum
1678 524 1749 555 Da-

990 564 1046 598 rim
1059 565 1171 599 Medus
1191 562 1243 598 seu
1255 572 1398 610 (yar-:ares
1412 566 1570 602 secundus
1585 594 1594 608 ‚
1622 570 1692 613 cyri
1711 583 1747 603 a-

991 613 1308 656 vunculus&socer‚
1327 616 1439 650 urbem
1457 617 1486 650 vi
1507 621 1538 650 δι
1558 628 1623 651 arte
1639 620 1748 664 cepit:

992 663 1083 697 Tum
1109 663 1240 711 quidem
1270 664 1424 710 Baltaffire
1447 665 1546 705 caes0,
1571 670 1604 700 δέ
1628 670 1746 702 caetcris

993 713 1142 759 peractis,
1156 725 1227 760 quae
1237 712 1255 746 εἰ
1267 712 1390 749 furioso
1403 716 1508 750 milite
1526 717 1560 749 in
1573 716 1666 756 urbe,
1678 717 1749 763 post

991 762 1126 809 longam
1157 766 1190 796 δε
1213 761 1380 799 difficilem
1407 764 1615 800 obfidionem
1651 768 1750 800 armis

992 809 1139 853 sabasta,
1150 814 1268 859 patrari
1281 812 1387 848 solent
1397 814 1531 861 spoliata
1541 840 1551 855 ‚
1563 818 1595 849 &
1606 815 1646 850 ab
1657 817 1751 850 omni

989 863 1131 908 Imperio
1143 863 1176 895 in
1184 872 1341 897 aeternum
1354 863 1475 908 dejeRa
1486 863 1540 898 est.
1568 865 1694 900 Omnia
1703 875 1752 900 ta-

991 923 1066 945 men
1086 911 1120 944 in
1139 911 1305 945 moenibus
1321 937 1332 953 ‚
1357 917 1390 947 &
1404 912 1549 948 aedificiis
1560 914 1700 960 publicis
1712 927 1748 961 :ic

990 960 1121 1006 privatis
1132 958 1322 994 manserunt
1336 962 1480 1008 integra,
1500 962 1604 998 donec
1613 962 1670 998 sub
1679 967 1750 999 Da-

989 1007 1030 1042 rio
1042 1007 1207 1056 Hystaspide
1218 1008 1375 1045 secundus
1395 1011 1602 1057 Babylonicae
1613 1014 1748 1048 miseriae

988 1057 1105 1106 gradus
1115 1059 1271 1106 contigit.

1036 1108 1128 1142 Tum
1139 1109 1228 1142 enim
1241 1109 1397 1154 temporis
1408 1107 1485 1143 dum
1504 1106 1668 1143 Zorobabel
1676 1112 1747 1144 Da·
1763 1113 1881 1145 Secunda,

987 1155 1024 1192 Αἱ
1043 1155 1152 1192 favore
1169 1157 1436 1204 Hierosolymam
1454 1163 1495 1205 t&
1515 1159 1677 1206 ternplum
1696 1160 1749 1193 in-

986 1205 1164 1243 staurabat,
1183 1207 1334 1254 Babylon
1353 1220 1392 1242 ex
1412 1206 1456 1242 ira
1474 1207 1585 1242 divina
1603 1205 1748 1253 ejusdem

992 1255 1085 1289 Darii
1095 1268 1251 1303 magnum
1271 1260 1303 1291 δι
1316 1258 1469 1291 meritum
1481 1255 1627 1292 furorem
1645 1257 1747 1294 sensit.

986 1304 1139 1339 Rebelles
1160 1307 1248 1340 enim
1268 1317 1384 1340 contra
1404 1307 1534 1341 Darium
1551 1307 1749 1355 Babylonii,

987 1353 1103 1389 urbem
1119 1355 1208 1389 suam
1230 1355 1269 1390 ad
1280 1354 1488 1391 obsidionem
1511 1359 1747 1392 communive-

986 1414 1061 1437 runt
1082 1429 1092 1443 ,
1125 1407 1162 1438 &
1187 1415 1224 1438 ut
1251 1404 1378 1439 duraret
1407 1418 1540 1441 annona
1569 1408 1747 1440 maximam

986 1453 1162 1487 mulierum
1177 1452 1305 1489 suarum
1319 1465 1442 1501 partem
1453 1453 1515 1489 suis
1526 1455 1581 1502 ipsi
1595 1455 1748 1490 manibus

985 1501 1235 1550 strangulz'irunt.
1281 1506 1440 1550 Qantus
1477 1505 1746 1552 strangulatarum

987 1564 1143 1587 numerus
1161 1551 1260 1587 fuerit
1275 1555 1498 1598 conjedturam
1521 1554 1623 1589 facere
1642 1555 1688 1589 est
1707 1566 1746 1589 ex

985 1614 1025 1636 eo
1039 1625 1048 1638 ‚
1065 1600 1160 1650 quod
1173 1601 1250 1636 urbe
1269 1602 1359 1650 captfi
1372 1603 1410 1637 ad
1422 1602 1631 1651 supplendam
1644 1603 1748 1638 sobo-

984 1651 1052 1686 lem
1074 1663 1143 1686 non
1166 1654 1335 1698 pauciores
1352 1655 1587 1701 quinquaginta
1602 1653 1747 1687 millibus

985 1713 1024 1735 ex
1036 1698 1156 1735 viciniii
1168 1701 1318 1736 adduftas
1330 1702 1441 1736 Dariua
1454 1703 1642 1747 Babyloniis
1653 1715 1747 1736 com-

985 1762 1094 1796 parare
1106 1748 1228 1785 necesse
1240 1751 1446 1786 habuerit.1n
1456 1753 1642 1787 octodecim
1654 1764 1747 1786 men·

983 1799 1064 1834 sium
1077 1799 1248 1834 obsidione
1269 1802 1375 1836 multa
1389 1800 1462 1847 passi
1474 1802 1546 1836 sunt
1560 1803 1642 1837 mala
1653 1826 1664 1843 ‚
1692 1800 1744 1836 sed

983 1845 1059 1884 etim
1082 1848 1192 1894 Zopyri
1212 1850 1333 1885 artibus
1355 1850 1432 1885 urbs
1462 1853 1496 1885 in
1515 1852 1606 1886 Darii
1629 1862 1745 1886 manus

982 1898 1168 1946 pervenisset
1182 1922 1193 1939 ,
1211 1910 1323 1945 praeter
1343 1900 1464 1934 caedem
1485 1904 1517 1935 &
1535 1903 1680 1948 rapinam
1700 1901 1746 1933 ir-

983 1949 1208 1994 rumpentium
1222 1949 1253 1983 vi
1265 1950 1421 1989 militurn,
1435 1949 1545 1984 Darius
1556 1951 1678 1985 moenia
1687 1953 1744 1983 Se-

983 1996 1137 2031 miramidis
1146 2010 1183 2032 ex
1191 2000 1304 2033 mundi
1315 1999 1481 2033 miraculis
1494 2012 1612 2036 unum,
1629 2001 1743 2033 omnia

983 2048 1123 2096 aequavit
1144 2046 1234 2083 solo,
1254 2051 1286 2082 &
1304 2049 1470 2082 civitatem
1491 2050 1524 2082 in
1545 2049 1653 2083 villam
1674 2047 1746 2081 red-

983 2099 1059 2145 egit.
1085 2096 1145 2130 Ista
1157 2096 1327 2131 Herodotus
1337 2100 1369 2132 &
1380 2096 1529 2132 Diodorus
1537 2096 1648 2131 Siculus
1661 2095 1745 2132 fuse.

1030 2147 1150 2194 Neque
1160 2145 1237 2182 vero
1247 2145 1298 2181 hic
1315 2147 1403 2181 stetit
1415 2148 1476 2181 Dei
1493 2148 1525 2180 in
1538 2147 1745 2194 Babylonem

983 2196 1050 2236 ira,
1067 2195 1163 2230 ‘Darii
1183 2194 1269 2230 filius
1288 2202 1398 2231 Xerxes
1416 2195 1485 2230 Beli
1495 2197 1656 2243 templum
1675 2208 1747 2230 non

983 2243 1115 2279 tantum
1139 2244 1370 2291 pretiofiffimis
1395 2247 1602 2280 ornamentis
1627 2245 1748 2290 spolia-

984 2295 1052 2335 vit,
1080 2293 1140 2328 sed>
1153 2296 1269 2329 turrim
1290 2297 1382 2330 illam
1408 2296 1584 2329 maximam
1607 2294 1749 2329 N1mrodi

982 2356 1066 2391 opus
1086 2344 1136 2377 vel
1149 2357 1189 2379 eo
1202 2347 1301 2379 etiam
1322 2346 1489 2393 antiquius
1508 2346 1540 2379 in
1560 2346 1747 2390 linguarum

985 2389 1178 2427 confusione
1187 2392 1264 2427 strui
1274 2405 1423 2440 coeptum
1436 2393 1600 2427 destruxit.
1620 2393 1749 2426 Alexan-

985 2442 1033 2476 der
1052 2442 1142 2475 euim
1164 2444 1298 2490 Magnus
1315 2443 1393 2476 dum
1411 2440 1617 2488 Babylonem
1634 2439 1746 2474 venis-

984 2491 1041 2527 set,
1053 2492 1168 2538 ingens
1178 2491 1245 2526 hoc
1255 2491 1431 2528 aedificium
1442 2489 1505 2525 suis
1516 2489 1685 2525 ruderibus
1694 2488 1744 2525 se-

986 2541 1115 2588 pultum
1127 2541 1267 2575 invenit.

1034 2588 1108 2623 Post
1118 2590 1244 2623 Xerxem
1253 2590 1288 2623 in
1299 2585 1493 2622 Monarcliia
1507 2586 1670 2622 Persarum
1681 2592 1742 2624 Ba·
1759 2597 1848 2627 Tertia.

984 2637 1065 2683 bylon
1080 2637 1119 2672 de
1130 2637 1263 2685 pristino
1280 2636 1337 2671 suo
1355 2637 1525 2684 splendore
1541 2635 1680 2672 multum
1692 2651 1743 2673 re-

986 2689 1152 2736 cuperavit
1166 2712 1175 2725 ‚
1200 2691 1245 2723 ita
1264 2698 1300 2722 ut
1322 2687 1419 2722 initio
1438 2689 1568 2734 Imperii
1583 2688 1743 2722 Macedo-

986 2751 1064 2773 num
1077 2737 1276 2772 describatur
1287 2735 1303 2771 a
1314 2742 1333 2770 C
1344 2737 1414 2771 unio
1427 2738 1483 2770 lib.
1497 2747 1526 2782 5.
1546 2736 1623 2771 urbs
1633 2737 1741 2772 multo

985 2785 1230 2828 florentissima,
1249 2789 1325 2822 licet
1342 2784 1382 2820 ab
1402 2800 1442 2821 eo
1454 2786 1545 2835 quod
1561 2784 1739 2834 aliquando

986 2836 1050 2871 fuit
1071 2837 1204 2871 tertiam
1218 2848 1273 2872 aut
1290 2847 1433 2885 quartam
1454 2847 1576 2882 partem
1597 2838 1742 2877 minuta,

984 2899 1020 2920 ex
1036 2888 1188 2920 trecentis
1205 2890 1294 2921 enim
1313 2897 1365 2919 aut
1381 2886 1629 2933 quadringentis
1644 2888 1744 2921 osto-

985 2936 1078 2983 ginta
1095 2937 1236 2985 antiquis
1261 2936 1322 2971 suis
1341 2936 1450 2970 stadiis
1470 2948 1538 2969 non
1556 2936 1646 2982 plura
1662 2948 1741 2971 tunc

986 2998 1082 3033 quam
1099 2987 1282 3033 nonaginta
1302 2983 1564 3024 aedificabantur,
1586 2996 1697 3022 caetera
1709 2987 1743 3020 in

988 3035 1116 3071 hortos,
1129 3048 1236 3082 agros,
1247 3041 1277 3070 ἃ
1292 3037 1409 3070 vivaria
1424 3032 1581 3069 cesserant.

1038 3086 1124 3128 Quae
1137 3083 1232 3119 habet
1243 3083 1425 3119 Anfloteles
1441 3086 1537 3118 Polit.
1551 3096 1580 3117 2.
1594 3097 1622 3129 3.
1635 3083 1673 3118 de
1685 3087 1744 3117 Ba-

988 3131 1090 3180 bylonis
1111 3135 1337 3182 magnitudine
1358 3145 1406 3168 tcr
1426 3135 1647 3181 Peloponneso
1658 3133 1744 3180 quasi

988 3184 1123 3230 oequali,
1152 3197 1226 3218 vera
1244 3196 1413 3231 nunquam
1434 3182 1589 3225 suerunt,
1618 3184 1742 3219 nedum

990 3244 1136 3281 ternpore
1148 3233 1348 3270 allexandn.

1350 3283 1417 3319 Nn
1447 3294 1462 3328 3
1690 3276 1750 3314 Sed
