<?xml version="1.0" encoding="UTF-8"?>
<!DOCTYPE html PUBLIC "-//W3C//DTD XHTML 1.0 Transitional//EN"
    "http://www.w3.org/TR/xhtml1/DTD/xhtml1-transitional.dtd">
<html xmlns="http://www.w3.org/1999/xhtml" xml:lang="en" lang="en">
 <head>
  <title>
</title>
<meta http-equiv="Content-Type" content="text/html;charset=utf-8" />
  <meta name='ocr-system' content='tesseract 3.04.00' />
  <meta name='ocr-capabilities' content='ocr_page ocr_carea ocr_par ocr_line ocrx_word'/>
</head>
<body>
  <div class='ocr_page' id='page_1' title='image "./operishistoricie00bail_0138.png"; bbox 0 0 2048 3343; ppageno 0'>
   <div class='ocr_carea' id='block_1_1' title="bbox 112 492 245 570">
    <p class='ocr_par' dir='ltr' id='par_1_1' title="bbox 112 492 245 570">
     <span class='ocr_line' id='line_1_1' title="bbox 112 492 245 522; baseline -0.008 -3"><span class='ocrx_word' id='word_1_1' title='bbox 112 492 184 522; x_wconf 70' lang='lat' dir='ltr'>Cra-fi</span> <span class='ocrx_word' id='word_1_2' title='bbox 191 502 245 519; x_wconf 75' lang='lat' dir='ltr'>cum</span> 
     </span>
     <span class='ocr_line' id='line_1_2' title="bbox 113 534 239 570; baseline 0 -11"><span class='ocrx_word' id='word_1_3' title='bbox 113 534 239 570; x_wconf 42' lang='lat' dir='ltr'>„ltlpollme</span> 
     </span>
    </p>
   </div>
   <div class='ocr_carea' id='block_1_2' title="bbox 110 585 202 613">
    <p class='ocr_par' dir='ltr' id='par_1_2' title="bbox 110 585 202 613">
     <span class='ocr_line' id='line_1_3' title="bbox 110 585 202 613; baseline 0.022 -13"><span class='ocrx_word' id='word_1_4' title='bbox 110 585 202 613; x_wconf 53' lang='lat' dir='ltr'>‘&#39;mugla-</span> 
     </span>
    </p>
   </div>
   <div class='ocr_carea' id='block_1_3' title="bbox 626 101 936 139">
    <p class='ocr_par' dir='ltr' id='par_1_3' title="bbox 626 101 936 139">
     <span class='ocr_line' id='line_1_4' title="bbox 626 101 936 139; baseline -0.003 0"><span class='ocrx_word' id='word_1_5' title='bbox 626 101 936 139; x_wconf 66' lang='lat' dir='ltr'>Orau1s</span> 
     </span>
    </p>
   </div>
   <div class='ocr_carea' id='block_1_4' title="bbox 269 171 1030 906">
    <p class='ocr_par' dir='ltr' id='par_1_4' title="bbox 269 171 1030 906">
     <span class='ocr_line' id='line_1_5' title="bbox 269 171 1024 215; baseline -0.007 -3"><span class='ocrx_word' id='word_1_6' title='bbox 269 175 430 215; x_wconf 82' lang='lat' dir='ltr'>scendere‚</span> <span class='ocrx_word' id='word_1_7' title='bbox 450 173 501 209; x_wconf 86' lang='lat' dir='ltr'>scd</span> <span class='ocrx_word' id='word_1_8' title='bbox 512 173 579 210; x_wconf 84' lang='lat' dir='ltr'>sera</span> <span class='ocrx_word' id='word_1_9' title='bbox 597 171 662 209; x_wconf 81' lang='lat' dir='ltr'>fuit</span> <span class='ocrx_word' id='word_1_10' title='bbox 677 172 906 210; x_wconf 71' lang='lat' dir='ltr'>misericordia,</span> <span class='ocrx_word' id='word_1_11' title='bbox 918 173 1024 208; x_wconf 61' lang='lat' dir='ltr'>hafie-</span> 
     </span>
     <span class='ocr_line' id='line_1_6' title="bbox 271 224 1027 272; baseline -0.003 -12"><span class='ocrx_word' id='word_1_12' title='bbox 271 240 332 261; x_wconf 88' lang='lat' dir='ltr'>nus</span> <span class='ocrx_word' id='word_1_13' title='bbox 345 228 432 260; x_wconf 88' lang='lat' dir='ltr'>enim</span> <span class='ocrx_word' id='word_1_14' title='bbox 446 224 596 271; x_wconf 71' lang='lat' dir='ltr'>subjecto</span> <span class='ocrx_word' id='word_1_15' title='bbox 615 225 691 272; x_wconf 83' lang='lat' dir='ltr'>igne</span> <span class='ocrx_word' id='word_1_16' title='bbox 710 224 863 259; x_wconf 80' lang='lat' dir='ltr'>ardebant</span> <span class='ocrx_word' id='word_1_17' title='bbox 881 234 1027 258; x_wconf 82' lang='lat' dir='ltr'>extrema</span> 
     </span>
     <span class='ocr_line' id='line_1_7' title="bbox 275 272 1028 323; baseline -0.004 -14"><span class='ocrx_word' id='word_1_18' title='bbox 275 288 359 323; x_wconf 82' lang='lat' dir='ltr'>pyrae</span> <span class='ocrx_word' id='word_1_19' title='bbox 370 302 378 314; x_wconf 89' lang='lat'>‚</span> <span class='ocrx_word' id='word_1_20' title='bbox 404 275 560 311; x_wconf 88' lang='lat' dir='ltr'>violentia</span> <span class='ocrx_word' id='word_1_21' title='bbox 580 272 717 309; x_wconf 71' lang='lat' dir='ltr'>flammae</span> <span class='ocrx_word' id='word_1_22' title='bbox 737 287 805 308; x_wconf 88' lang='lat' dir='ltr'>non</span> <span class='ocrx_word' id='word_1_23' title='bbox 832 272 1028 308; x_wconf 71' lang='lat' dir='ltr'>admittebat</span> 
     </span>
     <span class='ocr_line' id='line_1_8' title="bbox 270 323 1029 372; baseline -0.004 -13"><span class='ocrx_word' id='word_1_24' title='bbox 270 324 496 360; x_wconf 66' lang='lat' dir='ltr'>festinetorum</span> <span class='ocrx_word' id='word_1_25' title='bbox 509 336 641 359; x_wconf 84' lang='lat' dir='ltr'>manus:</span> <span class='ocrx_word' id='word_1_26' title='bbox 662 323 753 372; x_wconf 90' lang='lat' dir='ltr'>quod</span> <span class='ocrx_word' id='word_1_27' title='bbox 767 335 870 357; x_wconf 89' lang='lat' dir='ltr'>unum</span> <span class='ocrx_word' id='word_1_28' title='bbox 883 323 945 358; x_wconf 92' lang='lat' dir='ltr'>hoc</span> <span class='ocrx_word' id='word_1_29' title='bbox 959 323 1029 358; x_wconf 85' lang='lat' dir='ltr'>casu</span> 
     </span>
     <span class='ocr_line' id='line_1_9' title="bbox 272 373 1029 422; baseline 0 -14"><span class='ocrx_word' id='word_1_30' title='bbox 272 376 384 422; x_wconf 86' lang='lat' dir='ltr'>potuit</span> <span class='ocrx_word' id='word_1_31' title='bbox 402 374 511 420; x_wconf 77' lang='lat' dir='ltr'>Croesm</span> <span class='ocrx_word' id='word_1_32' title='bbox 523 397 532 413; x_wconf 95' lang='lat'>,</span> <span class='ocrx_word' id='word_1_33' title='bbox 558 374 689 408; x_wconf 83' lang='lat' dir='ltr'>sublatis</span> <span class='ocrx_word' id='word_1_34' title='bbox 706 373 746 407; x_wconf 83' lang='lat' dir='ltr'>acl</span> <span class='ocrx_word' id='word_1_35' title='bbox 768 374 888 408; x_wconf 87' lang='lat' dir='ltr'>coelum</span> <span class='ocrx_word' id='word_1_36' title='bbox 905 374 1029 408; x_wconf 75' lang='lat' dir='ltr'>oculis,</span> 
     </span>
     <span class='ocr_line' id='line_1_10' title="bbox 274 419 1029 472; baseline -0.005 -14"><span class='ocrx_word' id='word_1_37' title='bbox 274 427 408 458; x_wconf 86' lang='lat' dir='ltr'>invocat</span> <span class='ocrx_word' id='word_1_38' title='bbox 421 423 602 472; x_wconf 62' lang='lat' dir='ltr'>Apollinem,</span> <span class='ocrx_word' id='word_1_39' title='bbox 612 423 701 458; x_wconf 86' lang='lat' dir='ltr'>audit</span> <span class='ocrx_word' id='word_1_40' title='bbox 713 425 815 463; x_wconf 81' lang='lat' dir='ltr'>Deus,</span> <span class='ocrx_word' id='word_1_41' title='bbox 829 427 859 458; x_wconf 85' lang='lat'>&amp;</span> <span class='ocrx_word' id='word_1_42' title='bbox 871 419 1029 457; x_wconf 60' lang='lat' dir='ltr'>immensa</span> 
     </span>
     <span class='ocr_line' id='line_1_11' title="bbox 273 470 1025 520; baseline -0.007 -12"><span class='ocrx_word' id='word_1_43' title='bbox 273 473 430 508; x_wconf 84' lang='lat' dir='ltr'>imbrium</span> <span class='ocrx_word' id='word_1_44' title='bbox 449 474 479 507; x_wconf 87' lang='lat' dir='ltr'>vi</span> <span class='ocrx_word' id='word_1_45' title='bbox 494 473 661 520; x_wconf 85' lang='lat' dir='ltr'>perdomat</span> <span class='ocrx_word' id='word_1_46' title='bbox 686 472 844 507; x_wconf 83' lang='lat' dir='ltr'>flammas.</span> <span class='ocrx_word' id='word_1_47' title='bbox 871 473 947 506; x_wconf 88' lang='lat' dir='ltr'>Hoc</span> <span class='ocrx_word' id='word_1_48' title='bbox 968 470 1025 503; x_wconf 86' lang='lat' dir='ltr'>be-</span> 
     </span>
     <span class='ocr_line' id='line_1_12' title="bbox 274 521 1026 569; baseline -0.009 -11"><span class='ocrx_word' id='word_1_49' title='bbox 274 522 394 558; x_wconf 87' lang='lat' dir='ltr'>neficio</span> <span class='ocrx_word' id='word_1_50' title='bbox 407 523 557 558; x_wconf 85' lang='lat' dir='ltr'>nondum</span> <span class='ocrx_word' id='word_1_51' title='bbox 569 522 674 557; x_wconf 86' lang='lat' dir='ltr'>sibiab</span> <span class='ocrx_word' id='word_1_52' title='bbox 684 522 823 569; x_wconf 65' lang='lat' dir='ltr'>Apolline</span> <span class='ocrx_word' id='word_1_53' title='bbox 834 521 1026 555; x_wconf 66' lang='lat' dir='ltr'>satisfaetum</span> 
     </span>
     <span class='ocr_line' id='line_1_13' title="bbox 274 568 1028 621; baseline -0.012 -12"><span class='ocrx_word' id='word_1_54' title='bbox 274 575 400 621; x_wconf 86' lang='lat' dir='ltr'>putavit</span> <span class='ocrx_word' id='word_1_55' title='bbox 410 572 521 618; x_wconf 75' lang='lat' dir='ltr'>Craesm</span> <span class='ocrx_word' id='word_1_56' title='bbox 532 598 539 612; x_wconf 95' lang='lat'>,</span> <span class='ocrx_word' id='word_1_57' title='bbox 565 572 758 620; x_wconf 85' lang='lat' dir='ltr'>potestatem</span> <span class='ocrx_word' id='word_1_58' title='bbox 771 571 789 604; x_wconf 75' lang='lat' dir='ltr'>a</span> <span class='ocrx_word' id='word_1_59' title='bbox 804 577 876 614; x_wconf 75' lang='lat' dir='ltr'>Cyro</span> <span class='ocrx_word' id='word_1_60' title='bbox 887 568 1028 616; x_wconf 85' lang='lat' dir='ltr'>postulat</span> 
     </span>
     <span class='ocr_line' id='line_1_14' title="bbox 276 619 1027 670; baseline -0.008 -14"><span class='ocrx_word' id='word_1_61' title='bbox 276 622 427 657; x_wconf 86' lang='lat' dir='ltr'>mittendi</span> <span class='ocrx_word' id='word_1_62' title='bbox 438 621 590 670; x_wconf 83' lang='lat' dir='ltr'><strong>Delphos</strong></span> <span class='ocrx_word' id='word_1_63' title='bbox 598 623 637 657; x_wconf 87' lang='lat' dir='ltr'>ad</span> <span class='ocrx_word' id='word_1_64' title='bbox 648 624 769 660; x_wconf 89' lang='lat' dir='ltr'>Deum,</span> <span class='ocrx_word' id='word_1_65' title='bbox 782 632 853 666; x_wconf 83' lang='lat' dir='ltr'>qua:</span> <span class='ocrx_word' id='word_1_66' title='bbox 863 619 1027 665; x_wconf 84' lang='lat' dir='ltr'>captivum</span> 
     </span>
     <span class='ocr_line' id='line_1_15' title="bbox 275 666 1029 720; baseline -0.011 -13"><span class='ocrx_word' id='word_1_67' title='bbox 275 671 422 720; x_wconf 69' lang='lat' dir='ltr'>ligfilleiit</span> <span class='ocrx_word' id='word_1_68' title='bbox 434 674 574 710; x_wconf 82' lang='lat' dir='ltr'>vincula,</span> <span class='ocrx_word' id='word_1_69' title='bbox 586 684 653 718; x_wconf 90' lang='lat' dir='ltr'>quo</span> <span class='ocrx_word' id='word_1_70' title='bbox 665 670 706 704; x_wconf 84' lang='lat' dir='ltr'>sic</span> <span class='ocrx_word' id='word_1_71' title='bbox 719 672 878 715; x_wconf 80' lang='lat' dir='ltr'>ingratam</span> <span class='ocrx_word' id='word_1_72' title='bbox 891 666 1029 714; x_wconf 78' lang='lat' dir='ltr'><em>Apollini</em></span> 
     </span>
     <span class='ocr_line' id='line_1_16' title="bbox 273 717 1027 770; baseline -0.009 -14"><span class='ocrx_word' id='word_1_73' title='bbox 273 721 440 770; x_wconf 81' lang='lat' dir='ltr'>perfidiam</span> <span class='ocrx_word' id='word_1_74' title='bbox 450 721 667 769; x_wconf 81' lang='lat' dir='ltr'>exprobraret,</span> <span class='ocrx_word' id='word_1_75' title='bbox 677 718 726 751; x_wconf 86' lang='lat' dir='ltr'>sed</span> <span class='ocrx_word' id='word_1_76' title='bbox 736 718 752 752; x_wconf 71' lang='lat' dir='ltr'>a</span> <span class='ocrx_word' id='word_1_77' title='bbox 762 717 789 751; x_wconf 83' lang='lat' dir='ltr'>se</span> <span class='ocrx_word' id='word_1_78' title='bbox 799 718 910 763; x_wconf 87' lang='lat' dir='ltr'>rejecit</span> <span class='ocrx_word' id='word_1_79' title='bbox 919 717 1027 764; x_wconf 85' lang='lat' dir='ltr'>Apollo</span> 
     </span>
     <span class='ocr_line' id='line_1_17' title="bbox 273 766 1026 819; baseline -0.008 -14"><span class='ocrx_word' id='word_1_80' title='bbox 273 773 405 819; x_wconf 84' lang='lat' dir='ltr'>culpam</span> <span class='ocrx_word' id='word_1_81' title='bbox 418 773 450 805; x_wconf 90' lang='lat' dir='ltr'>in</span> <span class='ocrx_word' id='word_1_82' title='bbox 462 770 540 808; x_wconf 77' lang='lat' dir='ltr'>fata,</span> <span class='ocrx_word' id='word_1_83' title='bbox 553 781 622 815; x_wconf 81' lang='lat' dir='ltr'>quae</span> <span class='ocrx_word' id='word_1_84' title='bbox 636 766 739 801; x_wconf 75' lang='lat' dir='ltr'>Medis</span> <span class='ocrx_word' id='word_1_85' title='bbox 751 766 907 811; x_wconf 82' lang='lat' dir='ltr'>subjicere</span> <span class='ocrx_word' id='word_1_86' title='bbox 919 766 1026 812; x_wconf 83' lang='lat' dir='ltr'>Lydos</span> 
     </span>
     <span class='ocr_line' id='line_1_18' title="bbox 270 814 1030 865; baseline -0.011 -9"><span class='ocrx_word' id='word_1_87' title='bbox 270 820 476 855; x_wconf 75' lang='lat' dir='ltr'>decrevissent</span> <span class='ocrx_word' id='word_1_88' title='bbox 490 843 498 855; x_wconf 91' lang='lat'>,</span> <span class='ocrx_word' id='word_1_89' title='bbox 514 814 705 865; x_wconf 76' lang='lat' dir='ltr'>suspendisse</span> <span class='ocrx_word' id='word_1_90' title='bbox 724 817 770 851; x_wconf 95' lang='lat' dir='ltr'>ob</span> <span class='ocrx_word' id='word_1_91' title='bbox 781 828 927 850; x_wconf 88' lang='lat' dir='ltr'>amorem</span> <span class='ocrx_word' id='word_1_92' title='bbox 947 817 1030 858; x_wconf 72' lang='lat' dir='ltr'>Crafi</span> 
     </span>
     <span class='ocr_line' id='line_1_19' title="bbox 269 865 1024 906; baseline -0.008 -2"><span class='ocrx_word' id='word_1_93' title='bbox 269 869 412 904; x_wconf 77' lang='lat' dir='ltr'>fatorum</span> <span class='ocrx_word' id='word_1_94' title='bbox 430 869 558 903; x_wconf 80' lang='lat' dir='ltr'>decreta</span> <span class='ocrx_word' id='word_1_95' title='bbox 576 866 614 901; x_wconf 83' lang='lat' dir='ltr'>ad</span> <span class='ocrx_word' id='word_1_96' title='bbox 631 878 735 901; x_wconf 85' lang='lat' dir='ltr'>annos</span> <span class='ocrx_word' id='word_1_97' title='bbox 749 877 813 900; x_wconf 87' lang='lat' dir='ltr'>tres</span> <span class='ocrx_word' id='word_1_98' title='bbox 826 889 835 906; x_wconf 94' lang='lat'>‚</span> <span class='ocrx_word' id='word_1_99' title='bbox 859 865 944 899; x_wconf 84' lang='lat' dir='ltr'>ultra</span> <span class='ocrx_word' id='word_1_100' title='bbox 956 877 1024 898; x_wconf 88' lang='lat' dir='ltr'>non</span> 
     </span>
    </p>
   </div>
   <div class='ocr_carea' id='block_1_5' title="bbox 276 113 348 144">
    <p class='ocr_par' dir='ltr' id='par_1_5' title="bbox 276 113 348 144">
     <span class='ocr_line' id='line_1_20' title="bbox 276 113 348 144; baseline -0.042 0"><span class='ocrx_word' id='word_1_101' title='bbox 276 113 348 144; x_wconf 73' lang='lat'>108</span> 
     </span>
    </p>
   </div>
   <div class='ocr_carea' id='block_1_6' title="bbox 996 98 1480 142">
    <p class='ocr_par' dir='ltr' id='par_1_6' title="bbox 996 98 1480 142">
     <span class='ocr_line' id='line_1_21' title="bbox 996 98 1480 142; baseline 0.006 -5"><span class='ocrx_word' id='word_1_102' title='bbox 996 98 1480 142; x_wconf 77' lang='lat' dir='ltr'>H15TOR101</span> 
     </span>
    </p>
   </div>
   <div class='ocr_carea' id='block_1_7' title="bbox 1075 174 1832 564">
    <p class='ocr_par' dir='ltr' id='par_1_7' title="bbox 1075 174 1832 564">
     <span class='ocr_line' id='line_1_22' title="bbox 1076 174 1824 229; baseline 0.012 -20"><span class='ocrx_word' id='word_1_103' title='bbox 1076 174 1245 210; x_wconf 83' lang='lat' dir='ltr'>meridiem</span> <span class='ocrx_word' id='word_1_104' title='bbox 1273 175 1410 211; x_wconf 87' lang='lat' dir='ltr'>fluvium</span> <span class='ocrx_word' id='word_1_105' title='bbox 1438 180 1577 213; x_wconf 80' lang='lat' dir='ltr'>Araxem</span> <span class='ocrx_word' id='word_1_106' title='bbox 1594 206 1604 220; x_wconf 86' lang='lat'>,</span> <span class='ocrx_word' id='word_1_107' title='bbox 1630 192 1729 229; x_wconf 86' lang='lat' dir='ltr'>quem</span> <span class='ocrx_word' id='word_1_108' title='bbox 1739 182 1824 218; x_wconf 79' lang='lat' dir='ltr'>&#39;vult</span> 
     </span>
     <span class='ocr_line' id='line_1_23' title="bbox 1075 225 1827 276; baseline 0.009 -16"><span class='ocrx_word' id='word_1_109' title='bbox 1075 227 1233 273; x_wconf 84' lang='lat' dir='ltr'>aequalem</span> <span class='ocrx_word' id='word_1_110' title='bbox 1247 225 1336 260; x_wconf 75' lang='lat' dir='ltr'>istro.</span> <span class='ocrx_word' id='word_1_111' title='bbox 1362 227 1420 260; x_wconf 83' lang='lat' dir='ltr'>Ista</span> <span class='ocrx_word' id='word_1_112' title='bbox 1432 226 1510 262; x_wconf 86' lang='lat' dir='ltr'>stare</span> <span class='ocrx_word' id='word_1_113' title='bbox 1521 241 1588 263; x_wconf 90' lang='lat' dir='ltr'>non</span> <span class='ocrx_word' id='word_1_114' title='bbox 1599 233 1737 276; x_wconf 75' lang='lat' dir='ltr'>poliunt,</span> <span class='ocrx_word' id='word_1_115' title='bbox 1752 246 1827 267; x_wconf 85' lang='lat' dir='ltr'>nam</span> 
     </span>
     <span class='ocr_line' id='line_1_24' title="bbox 1077 273 1829 329; baseline 0.011 -20"><span class='ocrx_word' id='word_1_116' title='bbox 1077 275 1098 309; x_wconf 88' lang='lat' dir='ltr'>fi</span> <span class='ocrx_word' id='word_1_117' title='bbox 1111 273 1274 315; x_wconf 66' lang='lat' dir='ltr'>ptolemeo,</span> <span class='ocrx_word' id='word_1_118' title='bbox 1289 274 1310 309; x_wconf 75' lang='lat' dir='ltr'>si</span> <span class='ocrx_word' id='word_1_119' title='bbox 1320 274 1465 316; x_wconf 76' lang='lat' dir='ltr'>Straboni,</span> <span class='ocrx_word' id='word_1_120' title='bbox 1476 277 1497 311; x_wconf 83' lang='lat' dir='ltr'>si</span> <span class='ocrx_word' id='word_1_121' title='bbox 1506 278 1745 326; x_wconf 86' lang='lat' dir='ltr'>Geographicis</span> <span class='ocrx_word' id='word_1_122' title='bbox 1757 296 1829 329; x_wconf 85' lang='lat' dir='ltr'>quae</span> 
     </span>
     <span class='ocr_line' id='line_1_25' title="bbox 1078 326 1830 369; baseline 0.012 -11"><span class='ocrx_word' id='word_1_123' title='bbox 1078 337 1164 358; x_wconf 88' lang='lat' dir='ltr'>nunc</span> <span class='ocrx_word' id='word_1_124' title='bbox 1174 336 1323 360; x_wconf 89' lang='lat' dir='ltr'>teruntur</span> <span class='ocrx_word' id='word_1_125' title='bbox 1336 326 1465 363; x_wconf 85' lang='lat' dir='ltr'>tabulis,</span> <span class='ocrx_word' id='word_1_126' title='bbox 1481 327 1546 361; x_wconf 87' lang='lat' dir='ltr'>ulla</span> <span class='ocrx_word' id='word_1_127' title='bbox 1558 327 1593 361; x_wconf 86' lang='lat' dir='ltr'>fit</span> <span class='ocrx_word' id='word_1_128' title='bbox 1604 327 1695 369; x_wconf 86' lang='lat' dir='ltr'>fides,</span> <span class='ocrx_word' id='word_1_129' title='bbox 1707 333 1830 366; x_wconf 81' lang='lat' dir='ltr'>Araxes</span> 
     </span>
     <span class='ocr_line' id='line_1_26' title="bbox 1080 374 1832 422; baseline 0.012 -16"><span class='ocrx_word' id='word_1_130' title='bbox 1080 375 1239 409; x_wconf 80' lang='lat' dir='ltr'>Armenia:</span> <span class='ocrx_word' id='word_1_131' title='bbox 1251 374 1369 410; x_wconf 84' lang='lat' dir='ltr'>fluvius</span> <span class='ocrx_word' id='word_1_132' title='bbox 1382 376 1424 410; x_wconf 89' lang='lat' dir='ltr'>est</span> <span class='ocrx_word' id='word_1_133' title='bbox 1432 376 1546 411; x_wconf 82' lang='lat' dir='ltr'>Mediae</span> <span class='ocrx_word' id='word_1_134' title='bbox 1556 377 1594 411; x_wconf 86' lang='lat' dir='ltr'>ad</span> <span class='ocrx_word' id='word_1_135' title='bbox 1607 378 1832 422; x_wconf 86' lang='lat' dir='ltr'>occidentem,</span> 
     </span>
     <span class='ocr_line' id='line_1_27' title="bbox 1079 420 1831 473; baseline 0.012 -18"><span class='ocrx_word' id='word_1_136' title='bbox 1079 420 1229 470; x_wconf 83' lang='lat' dir='ltr'>sextuplo</span> <span class='ocrx_word' id='word_1_137' title='bbox 1239 425 1349 458; x_wconf 88' lang='lat' dir='ltr'>minor</span> <span class='ocrx_word' id='word_1_138' title='bbox 1361 425 1455 465; x_wconf 76' lang='lat' dir='ltr'>Istro,</span> <span class='ocrx_word' id='word_1_139' title='bbox 1466 426 1503 460; x_wconf 83' lang='lat' dir='ltr'>ad</span> <span class='ocrx_word' id='word_1_140' title='bbox 1513 438 1609 473; x_wconf 85' lang='lat' dir='ltr'>quem</span> <span class='ocrx_word' id='word_1_141' title='bbox 1622 426 1723 462; x_wconf 84' lang='lat' dir='ltr'>hodie</span> <span class='ocrx_word' id='word_1_142' title='bbox 1734 429 1831 464; x_wconf 89' lang='lat' dir='ltr'>habi-</span> 
     </span>
     <span class='ocr_line' id='line_1_28' title="bbox 1080 474 1831 523; baseline 0.015 -19"><span class='ocrx_word' id='word_1_143' title='bbox 1080 481 1149 505; x_wconf 92' lang='lat' dir='ltr'>tant</span> <span class='ocrx_word' id='word_1_144' title='bbox 1161 474 1332 523; x_wconf 52' lang='lat' dir='ltr'>Georgianq</span> <span class='ocrx_word' id='word_1_145' title='bbox 1350 476 1489 509; x_wconf 83' lang='lat' dir='ltr'>dicerem</span> <span class='ocrx_word' id='word_1_146' title='bbox 1507 477 1540 509; x_wconf 89' lang='lat' dir='ltr'>in</span> <span class='ocrx_word' id='word_1_147' title='bbox 1559 488 1640 511; x_wconf 84' lang='lat' dir='ltr'>voce</span> <span class='ocrx_word' id='word_1_148' title='bbox 1660 475 1764 513; x_wconf 71' lang='lat' dir='ltr'>solum</span> <span class='ocrx_word' id='word_1_149' title='bbox 1779 493 1831 514; x_wconf 82' lang='lat' dir='ltr'>er·-</span> 
     </span>
     <span class='ocr_line' id='line_1_29' title="bbox 1080 518 1741 564; baseline 0.015 -11"><span class='ocrx_word' id='word_1_150' title='bbox 1080 518 1153 555; x_wconf 82' lang='lat' dir='ltr'>raffe</span> <span class='ocrx_word' id='word_1_151' title='bbox 1171 522 1385 564; x_wconf 79' lang='lat' dir='ltr'>Herodotum,</span> <span class='ocrx_word' id='word_1_152' title='bbox 1409 528 1563 559; x_wconf 63' lang='lat' dir='ltr'>eAraxem</span> <span class='ocrx_word' id='word_1_153' title='bbox 1588 527 1741 563; x_wconf 77' lang='lat' dir='ltr'>vocando</span> 
     </span>
    </p>
   </div>
   <div class='ocr_carea' id='block_1_8' title="bbox 1075 671 1834 909">
    <p class='ocr_par' dir='ltr' id='par_1_8' title="bbox 1075 671 1834 909">
     <span class='ocr_line' id='line_1_30' title="bbox 1078 671 1834 723; baseline 0.012 -20"><span class='ocrx_word' id='word_1_154' title='bbox 1078 671 1238 704; x_wconf 75' lang='lat' dir='ltr'>venirent.</span> <span class='ocrx_word' id='word_1_155' title='bbox 1273 671 1340 705; x_wconf 78' lang='lat' dir='ltr'>Oxi</span> <span class='ocrx_word' id='word_1_156' title='bbox 1363 671 1498 719; x_wconf 84' lang='lat' dir='ltr'>quidem</span> <span class='ocrx_word' id='word_1_157' title='bbox 1514 671 1624 707; x_wconf 88' lang='lat' dir='ltr'>fontes</span> <span class='ocrx_word' id='word_1_158' title='bbox 1649 675 1834 723; x_wconf 65' lang='lat' dir='ltr'>longissime</span> 
     </span>
     <span class='ocr_line' id='line_1_31' title="bbox 1078 718 1834 777; baseline 0.011 -24"><span class='ocrx_word' id='word_1_159' title='bbox 1078 718 1196 754; x_wconf 86' lang='lat' dir='ltr'>distant</span> <span class='ocrx_word' id='word_1_160' title='bbox 1209 720 1260 754; x_wconf 83' lang='lat' dir='ltr'>vel</span> <span class='ocrx_word' id='word_1_161' title='bbox 1273 721 1315 754; x_wconf 84' lang='lat' dir='ltr'>ab</span> <span class='ocrx_word' id='word_1_162' title='bbox 1328 718 1485 768; x_wconf 64' lang='lat' dir='ltr'>Euphratis</span> <span class='ocrx_word' id='word_1_163' title='bbox 1497 724 1547 757; x_wconf 91' lang='lat' dir='ltr'>vel</span> <span class='ocrx_word' id='word_1_164' title='bbox 1559 723 1663 766; x_wconf 70' lang='lat' dir='ltr'><em>Gyndis</em></span> <span class='ocrx_word' id='word_1_165' title='bbox 1674 728 1723 759; x_wconf 87' lang='lat' dir='ltr'>vel</span> <span class='ocrx_word' id='word_1_166' title='bbox 1735 727 1834 777; x_wconf 67' lang='lat' dir='ltr'>Ttgri-</span> 
     </span>
     <span class='ocr_line' id='line_1_32' title="bbox 1077 767 1834 824; baseline 0.013 -22"><span class='ocrx_word' id='word_1_167' title='bbox 1077 767 1118 802; x_wconf 58' lang='lat' dir='ltr'>dia</span> <span class='ocrx_word' id='word_1_168' title='bbox 1131 768 1292 808; x_wconf 88' lang='lat' dir='ltr'>fontibus,</span> <span class='ocrx_word' id='word_1_169' title='bbox 1307 774 1339 805; x_wconf 83' lang='lat'><strong>&amp;</strong></span> <span class='ocrx_word' id='word_1_170' title='bbox 1352 770 1470 805; x_wconf 87' lang='lat' dir='ltr'>ostium</span> <span class='ocrx_word' id='word_1_171' title='bbox 1484 782 1659 820; x_wconf 87' lang='lat' dir='ltr'>utrumque</span> <span class='ocrx_word' id='word_1_172' title='bbox 1673 774 1834 824; x_wconf 75' lang='lat' dir='ltr'>Massage-</span> 
     </span>
     <span class='ocr_line' id='line_1_33' title="bbox 1076 818 1832 874; baseline 0.015 -24"><span class='ocrx_word' id='word_1_173' title='bbox 1076 818 1146 851; x_wconf 82' lang='lat' dir='ltr'>ticae</span> <span class='ocrx_word' id='word_1_174' title='bbox 1156 820 1342 865; x_wconf 84' lang='lat' dir='ltr'>gentijacet</span> <span class='ocrx_word' id='word_1_175' title='bbox 1351 820 1389 855; x_wconf 89' lang='lat' dir='ltr'>ad</span> <span class='ocrx_word' id='word_1_176' title='bbox 1401 820 1565 855; x_wconf 83' lang='lat' dir='ltr'>meridiem</span> <span class='ocrx_word' id='word_1_177' title='bbox 1574 848 1583 861; x_wconf 64' lang='lat'>2</span> <span class='ocrx_word' id='word_1_178' title='bbox 1598 835 1686 857; x_wconf 85' lang='lat' dir='ltr'>mare</span> <span class='ocrx_word' id='word_1_179' title='bbox 1697 830 1832 874; x_wconf 75' lang='lat' dir='ltr'>Caspium</span> 
     </span>
     <span class='ocr_line' id='line_1_34' title="bbox 1075 865 1760 909; baseline 0.016 -11"><span class='ocrx_word' id='word_1_180' title='bbox 1075 865 1115 900; x_wconf 88' lang='lat' dir='ltr'>ad</span> <span class='ocrx_word' id='word_1_181' title='bbox 1125 866 1423 903; x_wconf 70' lang='lat' dir='ltr'>occasumJaxarees</span> <span class='ocrx_word' id='word_1_182' title='bbox 1432 868 1550 904; x_wconf 85' lang='lat' dir='ltr'>fluvius</span> <span class='ocrx_word' id='word_1_183' title='bbox 1561 871 1598 905; x_wconf 89' lang='lat' dir='ltr'>ad</span> <span class='ocrx_word' id='word_1_184' title='bbox 1611 874 1760 909; x_wconf 81' lang='lat' dir='ltr'>Boream.</span> 
     </span>
    </p>
   </div>
   <div class='ocr_carea' id='block_1_9' title="bbox 1079 539 1967 619">
    <p class='ocr_par' dir='ltr' id='par_1_9' title="bbox 1079 539 1967 619">
     <span class='ocr_line' id='line_1_35' title="bbox 1798 539 1961 567; baseline 0.018 -5"><span class='ocrx_word' id='word_1_185' title='bbox 1798 542 1830 563; x_wconf 80' lang='lat' dir='ltr'>ui</span> <span class='ocrx_word' id='word_1_186' title='bbox 1853 539 1961 567; x_wconf 70' lang='lat' dir='ltr'>Erratm</span> 
     </span>
     <span class='ocr_line' id='line_1_36' title="bbox 1079 543 1967 619; baseline 0.01 -15"><span class='ocrx_word' id='word_1_187' title='bbox 1079 583 1165 605; x_wconf 88' lang='lat' dir='ltr'>nunc</span> <span class='ocrx_word' id='word_1_188' title='bbox 1178 574 1210 604; x_wconf 87' lang='lat'><strong>&amp;</strong></span> <span class='ocrx_word' id='word_1_189' title='bbox 1224 573 1306 606; x_wconf 91' lang='lat' dir='ltr'>olim</span> <span class='ocrx_word' id='word_1_190' title='bbox 1319 574 1417 607; x_wconf 87' lang='lat' dir='ltr'>etiam</span> <span class='ocrx_word' id='word_1_191' title='bbox 1429 574 1495 607; x_wconf 72' lang='lat' dir='ltr'>Oxi</span> <span class='ocrx_word' id='word_1_192' title='bbox 1506 586 1632 609; x_wconf 88' lang='lat' dir='ltr'>nomen</span> <span class='ocrx_word' id='word_1_193' title='bbox 1645 575 1742 612; x_wconf 87' lang='lat' dir='ltr'>haber</span> <span class='ocrx_word' id='word_1_194' title='bbox 1753 543 1831 619; x_wconf 68' lang='lat' dir='ltr'>‚iiifi</span> <span class='ocrx_word' id='word_1_195' title='bbox 1853 581 1967 608; x_wconf 60' lang='lat' dir='ltr'>„Araxis</span> 
     </span>
    </p>
   </div>
   <div class='ocr_carea' id='block_1_10' title="bbox 1078 618 2007 689">
    <p class='ocr_par' dir='ltr' id='par_1_10' title="bbox 1078 618 2007 689">
     <span class='ocr_line' id='line_1_37' title="bbox 1078 618 2007 687; baseline 0.01 -34"><span class='ocrx_word' id='word_1_196' title='bbox 1078 632 1148 667; x_wconf 84' lang='lat' dir='ltr'>quae</span> <span class='ocrx_word' id='word_1_197' title='bbox 1167 619 1208 654; x_wconf 90' lang='lat' dir='ltr'>de</span> <span class='ocrx_word' id='word_1_198' title='bbox 1226 625 1332 655; x_wconf 73' lang='lat' dir='ltr'>Araxe</span> <span class='ocrx_word' id='word_1_199' title='bbox 1346 623 1444 657; x_wconf 81' lang='lat' dir='ltr'>refert</span> <span class='ocrx_word' id='word_1_200' title='bbox 1457 624 1555 656; x_wconf 82' lang='lat' dir='ltr'>etiam</span> <span class='ocrx_word' id='word_1_201' title='bbox 1576 626 1647 658; x_wconf 72' lang='lat' dir='ltr'>Oxo</span> <span class='ocrx_word' id='word_1_202' title='bbox 1664 638 1733 660; x_wconf 87' lang='lat' dir='ltr'>non</span> <span class='ocrx_word' id='word_1_203' title='bbox 1753 640 1833 661; x_wconf 91' lang='lat' dir='ltr'>con·</span> <span class='ocrx_word' id='word_1_204' title='bbox 1849 618 1899 687; x_wconf 50' lang='lat'>{¹2⁴</span> <span class='ocrx_word' id='word_1_205' title='bbox 1908 623 1988 650; x_wconf 77' lang='lat' dir='ltr'>Hera-</span> <span class='ocrx_word' id='word_1_206' title='bbox 2001 628 2007 666; x_wconf 15' lang='lat'>‘¹</span> 
     </span>
     <span class='ocr_line' id='line_1_38' title="bbox 1871 671 1930 689; baseline 0 -2"><span class='ocrx_word' id='word_1_207' title='bbox 1871 671 1883 687; x_wconf 81' lang='grc' dir='ltr'><em>Ω</em></span> <span class='ocrx_word' id='word_1_208' title='bbox 1895 671 1930 689; x_wconf 66' lang='lat'>“5-</span> 
     </span>
    </p>
   </div>
   <div class='ocr_carea' id='block_1_11' title="bbox 269 913 1989 966">
    <p class='ocr_par' dir='ltr' id='par_1_11' title="bbox 269 911 2039 970">
     <span class='ocr_line' id='line_1_39' title="bbox 269 913 1989 966; baseline -0.008 -12"><span class='ocrx_word' id='word_1_209' title='bbox 269 917 399 954; x_wconf 75' lang='lat' dir='ltr'>valuisse</span> <span class='ocrx_word' id='word_1_210' title='bbox 415 930 454 951; x_wconf 82' lang='lat' dir='ltr'>ne</span> <span class='ocrx_word' id='word_1_211' title='bbox 469 917 572 965; x_wconf 81' lang='lat' dir='ltr'>ipsum</span> <span class='ocrx_word' id='word_1_212' title='bbox 588 917 714 962; x_wconf 64' lang='lat' dir='ltr'>lovem.</span> <span class='ocrx_word' id='word_1_213' title='bbox 1124 913 1213 949; x_wconf 76' lang='lat' dir='ltr'>Cum</span> <span class='ocrx_word' id='word_1_214' title='bbox 1241 915 1278 949; x_wconf 89' lang='lat' dir='ltr'>ad</span> <span class='ocrx_word' id='word_1_215' title='bbox 1293 917 1362 950; x_wconf 76' lang='lat' dir='ltr'>Oxi</span> <span class='ocrx_word' id='word_1_216' title='bbox 1382 920 1466 964; x_wconf 83' lang='lat' dir='ltr'>ripas</span> <span class='ocrx_word' id='word_1_217' title='bbox 1487 919 1619 955; x_wconf 73' lang='lat' dir='ltr'>venisset</span> <span class='ocrx_word' id='word_1_218' title='bbox 1633 928 1741 966; x_wconf 63' lang='lat' dir='ltr'>(yma,</span> <span class='ocrx_word' id='word_1_219' title='bbox 1767 923 1833 959; x_wconf 43' lang='lat' dir='ltr'>Ob*</span> <span class='ocrx_word' id='word_1_220' title='bbox 1852 931 1989 960; x_wconf 66' lang='lat' dir='ltr'>ATomiu&#39;</span> 
     </span>
    </p>
   </div>
   <div class='ocr_carea' id='block_1_12' title="bbox 97 2653 230 2764">
    <p class='ocr_par' dir='ltr' id='par_1_12' title="bbox 97 2653 230 2764">
     <span class='ocr_line' id='line_1_40' title="bbox 97 2653 230 2682; baseline 0 -1"><span class='ocrx_word' id='word_1_221' title='bbox 97 2655 189 2682; x_wconf 68' lang='lat' dir='ltr'>Movet</span> <span class='ocrx_word' id='word_1_222' title='bbox 201 2653 230 2681; x_wconf 67' lang='grc' dir='ltr'>ἱιι</span> 
     </span>
     <span class='ocr_line' id='line_1_41' title="bbox 98 2696 226 2734; baseline 0 -12"><span class='ocrx_word' id='word_1_223' title='bbox 98 2696 226 2734; x_wconf 58' lang='lat' dir='ltr'>Alf-affiige-</span> 
     </span>
     <span class='ocr_line' id='line_1_42' title="bbox 98 2743 148 2764; baseline 0 -3"><span class='ocrx_word' id='word_1_224' title='bbox 98 2743 135 2761; x_wconf 66' lang='lat' dir='ltr'>tm</span> <span class='ocrx_word' id='word_1_225' title='bbox 142 2757 148 2764; x_wconf 86' lang='lat'><strong><em>.</em></strong></span> 
     </span>
    </p>
   </div>
   <div class='ocr_carea' id='block_1_13' title="bbox 107 963 2040 1113">
    <p class='ocr_par' dir='ltr' id='par_1_13' title="bbox 107 963 2040 1113">
     <span class='ocr_line' id='line_1_43' title="bbox 110 963 2025 1022; baseline 0.002 -22"><span class='ocrx_word' id='word_1_226' title='bbox 110 981 240 1016; x_wconf 61' lang='lat' dir='ltr'>(yrusBa-</span> <span class='ocrx_word' id='word_1_227' title='bbox 319 967 477 1001; x_wconf 79' lang='lat' dir='ltr'>Proxima</span> <span class='ocrx_word' id='word_1_228' title='bbox 490 977 603 1001; x_wconf 85' lang='lat' dir='ltr'>movet</span> <span class='ocrx_word' id='word_1_229' title='bbox 614 970 698 1009; x_wconf 86' lang='lat' dir='ltr'>Cyrus</span> <span class='ocrx_word' id='word_1_230' title='bbox 718 965 750 998; x_wconf 89' lang='lat' dir='ltr'>in</span> <span class='ocrx_word' id='word_1_231' title='bbox 766 963 965 1010; x_wconf 77' lang='lat' dir='ltr'>Babylonios</span> <span class='ocrx_word' id='word_1_232' title='bbox 975 977 1024 998; x_wconf 84' lang='lat' dir='ltr'>ar·</span> <span class='ocrx_word' id='word_1_233' title='bbox 1075 964 1159 998; x_wconf 84' lang='lat' dir='ltr'>viam</span> <span class='ocrx_word' id='word_1_234' title='bbox 1173 964 1271 999; x_wconf 84' lang='lat' dir='ltr'>babet</span> <span class='ocrx_word' id='word_1_235' title='bbox 1284 963 1300 999; x_wconf 75' lang='grc' dir='ltr'>ὲ</span> <span class='ocrx_word' id='word_1_236' title='bbox 1313 965 1424 999; x_wconf 79' lang='lat' dir='ltr'>Tomin¹</span> <span class='ocrx_word' id='word_1_237' title='bbox 1442 967 1584 1015; x_wconf 84' lang='lat' dir='ltr'>legatum</span> <span class='ocrx_word' id='word_1_238' title='bbox 1603 973 1659 1018; x_wconf 89' lang='lat' dir='ltr'>qui</span> <span class='ocrx_word' id='word_1_239' title='bbox 1676 973 1759 1022; x_wconf 84' lang='lat' dir='ltr'>Regi</span> <span class='ocrx_word' id='word_1_240' title='bbox 1773 975 1829 1008; x_wconf 85' lang='lat' dir='ltr'>da-</span> <span class='ocrx_word' id='word_1_241' title='bbox 1849 981 1946 1000; x_wconf 70' lang='lat' dir='ltr'>necatus</span> <span class='ocrx_word' id='word_1_242' title='bbox 2010 998 2025 1009; x_wconf 75' lang='grc'>.,</span> 
     </span>
     <span class='ocr_line' id='line_1_44' title="bbox 107 1010 2040 1065; baseline 0.007 -20"><span class='ocrx_word' id='word_1_243' title='bbox 107 1019 217 1056; x_wconf 72' lang='lat' dir='ltr'>bylomm</span> <span class='ocrx_word' id='word_1_244' title='bbox 270 1029 334 1051; x_wconf 74' lang='lat' dir='ltr'>ma.</span> <span class='ocrx_word' id='word_1_245' title='bbox 347 1017 413 1051; x_wconf 82' lang='lat' dir='ltr'>hoc</span> <span class='ocrx_word' id='word_1_246' title='bbox 423 1015 516 1055; x_wconf 89' lang='lat' dir='ltr'>adse,</span> <span class='ocrx_word' id='word_1_247' title='bbox 533 1015 555 1050; x_wconf 89' lang='lat' dir='ltr'>si</span> <span class='ocrx_word' id='word_1_248' title='bbox 568 1028 666 1063; x_wconf 85' lang='lat' dir='ltr'>quem</span> <span class='ocrx_word' id='word_1_249' title='bbox 678 1015 779 1048; x_wconf 85' lang='lat' dir='ltr'>alium</span> <span class='ocrx_word' id='word_1_250' title='bbox 792 1016 952 1060; x_wconf 85' lang='lat' dir='ltr'>pertinere</span> <span class='ocrx_word' id='word_1_251' title='bbox 964 1026 1024 1061; x_wconf 89' lang='lat' dir='ltr'>pu·</span> <span class='ocrx_word' id='word_1_252' title='bbox 1074 1014 1121 1047; x_wconf 85' lang='lat' dir='ltr'>ret</span> <span class='ocrx_word' id='word_1_253' title='bbox 1132 1016 1304 1062; x_wconf 83' lang='lat' dir='ltr'>optionem</span> <span class='ocrx_word' id='word_1_254' title='bbox 1316 1038 1326 1054; x_wconf 93' lang='lat'>,</span> <span class='ocrx_word' id='word_1_255' title='bbox 1344 1016 1466 1050; x_wconf 81' lang='lat' dir='ltr'>velitne</span> <span class='ocrx_word' id='word_1_256' title='bbox 1484 1016 1549 1065; x_wconf 80' lang='lat' dir='ltr'>ipse</span> <span class='ocrx_word' id='word_1_257' title='bbox 1562 1018 1600 1053; x_wconf 85' lang='lat' dir='ltr'>ad</span> <span class='ocrx_word' id='word_1_258' title='bbox 1611 1020 1710 1055; x_wconf 83' lang='lat' dir='ltr'>tridui</span> <span class='ocrx_word' id='word_1_259' title='bbox 1723 1026 1784 1058; x_wconf 88' lang='lat' dir='ltr'>iter</span> <span class='ocrx_word' id='word_1_260' title='bbox 1795 1027 1828 1059; x_wconf 88' lang='lat' dir='ltr'>in</span> <span class='ocrx_word' id='word_1_261' title='bbox 1843 1012 1974 1047; x_wconf 77' lang='lat' dir='ltr'>ficundum</span> <span class='ocrx_word' id='word_1_262' title='bbox 2024 1010 2040 1059; x_wconf 40' lang='lat'>³1</span> 
     </span>
     <span class='ocr_line' id='line_1_45' title="bbox 110 1054 2040 1113; baseline 0.004 -14"><span class='ocrx_word' id='word_1_263' title='bbox 110 1069 182 1099; x_wconf 57' lang='lat'>“²1⁰³‘’</span> <span class='ocrx_word' id='word_1_264' title='bbox 269 1066 362 1106; x_wconf 81' lang='lat' dir='ltr'>tabat</span> <span class='ocrx_word' id='word_1_265' title='bbox 373 1067 545 1113; x_wconf 81' lang='lat' dir='ltr'>imperium</span> <span class='ocrx_word' id='word_1_266' title='bbox 556 1068 629 1110; x_wconf 87' lang='lat' dir='ltr'>jure</span> <span class='ocrx_word' id='word_1_267' title='bbox 640 1089 650 1105; x_wconf 91' lang='lat'>,</span> <span class='ocrx_word' id='word_1_268' title='bbox 670 1078 707 1099; x_wconf 85' lang='lat' dir='ltr'>ex</span> <span class='ocrx_word' id='word_1_269' title='bbox 719 1068 809 1109; x_wconf 88' lang='lat' dir='ltr'>cujus</span> <span class='ocrx_word' id='word_1_270' title='bbox 818 1061 939 1098; x_wconf 88' lang='lat' dir='ltr'>scilicet</span> <span class='ocrx_word' id='word_1_271' title='bbox 951 1076 1024 1097; x_wconf 87' lang='lat' dir='ltr'>ma-</span> <span class='ocrx_word' id='word_1_272' title='bbox 1075 1064 1246 1111; x_wconf 83' lang='lat' dir='ltr'>regionem</span> <span class='ocrx_word' id='word_1_273' title='bbox 1258 1062 1493 1112; x_wconf 63' lang='lat' dir='ltr'>Mafl&#39;ageticam</span> <span class='ocrx_word' id='word_1_274' title='bbox 1504 1067 1687 1113; x_wconf 83' lang='lat' dir='ltr'>procedere,</span> <span class='ocrx_word' id='word_1_275' title='bbox 1698 1083 1738 1105; x_wconf 87' lang='lat' dir='ltr'>an</span> <span class='ocrx_word' id='word_1_276' title='bbox 1750 1073 1828 1108; x_wconf 75' lang='lat' dir='ltr'>vero</span> <span class='ocrx_word' id='word_1_277' title='bbox 1878 1054 1961 1081; x_wconf 63' lang='lat' dir='ltr'>eroda—</span> <span class='ocrx_word' id='word_1_278' title='bbox 2007 1074 2010 1077; x_wconf 69' lang='grc'><strong>’</strong></span> <span class='ocrx_word' id='word_1_279' title='bbox 2039 1065 2040 1074; x_wconf 38' lang='lat'>¹</span> 
     </span>
    </p>
   </div>
   <div class='ocr_carea' id='block_1_14' title="bbox 251 1113 1029 3236">
    <p class='ocr_par' dir='ltr' id='par_1_14' title="bbox 265 1113 1029 2288">
     <span class='ocr_line' id='line_1_46' title="bbox 266 1113 1022 1162; baseline -0.005 -12"><span class='ocrx_word' id='word_1_280' title='bbox 266 1115 396 1162; x_wconf 86' lang='lat' dir='ltr'>joribus</span> <span class='ocrx_word' id='word_1_281' title='bbox 410 1113 556 1150; x_wconf 67' lang='lat' dir='ltr'>eArhaces</span> <span class='ocrx_word' id='word_1_282' title='bbox 568 1113 676 1148; x_wconf 74' lang='lat' dir='ltr'>multo</span> <span class='ocrx_word' id='word_1_283' title='bbox 689 1116 842 1158; x_wconf 84' lang='lat' dir='ltr'>majorem</span> <span class='ocrx_word' id='word_1_284' title='bbox 854 1126 951 1161; x_wconf 89' lang='lat' dir='ltr'>quam</span> <span class='ocrx_word' id='word_1_285' title='bbox 964 1116 1022 1146; x_wconf 84' lang='lat' dir='ltr'>Be-</span> 
     </span>
     <span class='ocr_line' id='line_1_47' title="bbox 272 1162 1025 1211; baseline -0.004 -13"><span class='ocrx_word' id='word_1_286' title='bbox 272 1165 373 1199; x_wconf 77' lang='lat' dir='ltr'>lochus</span> <span class='ocrx_word' id='word_1_287' title='bbox 382 1190 390 1202; x_wconf 83' lang='lat'><em>,</em></span> <span class='ocrx_word' id='word_1_288' title='bbox 401 1178 531 1211; x_wconf 82' lang='lat' dir='ltr'>operam</span> <span class='ocrx_word' id='word_1_289' title='bbox 544 1163 673 1198; x_wconf 73' lang='lat' dir='ltr'>locfisset</span> <span class='ocrx_word' id='word_1_290' title='bbox 695 1166 727 1198; x_wconf 92' lang='lat' dir='ltr'>in</span> <span class='ocrx_word' id='word_1_291' title='bbox 741 1163 909 1211; x_wconf 87' lang='lat' dir='ltr'>perdendo</span> <span class='ocrx_word' id='word_1_292' title='bbox 919 1162 1025 1195; x_wconf 78' lang='lat' dir='ltr'>Sarda-</span> 
     </span>
     <span class='ocr_line' id='line_1_48' title="bbox 271 1210 1024 1262; baseline -0.005 -12"><span class='ocrx_word' id='word_1_293' title='bbox 271 1214 384 1262; x_wconf 75' lang='lat' dir='ltr'>napalo.</span> <span class='ocrx_word' id='word_1_294' title='bbox 412 1214 584 1262; x_wconf 76' lang='lat' dir='ltr'>Regnabat</span> <span class='ocrx_word' id='word_1_295' title='bbox 595 1226 667 1248; x_wconf 88' lang='lat' dir='ltr'>tum</span> <span class='ocrx_word' id='word_1_296' title='bbox 677 1213 844 1259; x_wconf 80' lang='lat' dir='ltr'>Babylone</span> <span class='ocrx_word' id='word_1_297' title='bbox 855 1210 1006 1259; x_wconf 71' lang='lat' dir='ltr'>Balthasar</span> <span class='ocrx_word' id='word_1_298' title='bbox 1015 1236 1024 1250; x_wconf 88' lang='lat'><strong>,</strong></span> 
     </span>
     <span class='ocr_line' id='line_1_49' title="bbox 271 1262 1024 1308; baseline -0.005 -9"><span class='ocrx_word' id='word_1_299' title='bbox 271 1276 387 1300; x_wconf 85' lang='lat' dir='ltr'>contra</span> <span class='ocrx_word' id='word_1_300' title='bbox 403 1264 491 1299; x_wconf 88' lang='lat' dir='ltr'>hunc</span> <span class='ocrx_word' id='word_1_301' title='bbox 503 1275 617 1298; x_wconf 85' lang='lat' dir='ltr'>movet</span> <span class='ocrx_word' id='word_1_302' title='bbox 630 1268 715 1308; x_wconf 71' lang='lat' dir='ltr'>cyrus</span> <span class='ocrx_word' id='word_1_303' title='bbox 725 1288 735 1304; x_wconf 91' lang='lat'><strong><em>,</em></strong></span> <span class='ocrx_word' id='word_1_304' title='bbox 747 1263 873 1297; x_wconf 92' lang='lat' dir='ltr'>nullum</span> <span class='ocrx_word' id='word_1_305' title='bbox 883 1262 966 1297; x_wconf 86' lang='lat' dir='ltr'>valet</span> <span class='ocrx_word' id='word_1_306' title='bbox 975 1262 1024 1295; x_wconf 87' lang='lat' dir='ltr'>in-</span> 
     </span>
     <span class='ocr_line' id='line_1_50' title="bbox 269 1310 1027 1362; baseline -0.004 -14"><span class='ocrx_word' id='word_1_307' title='bbox 269 1324 443 1362; x_wconf 76' lang='lat' dir='ltr'>gruentem</span> <span class='ocrx_word' id='word_1_308' title='bbox 457 1314 608 1348; x_wconf 85' lang='lat' dir='ltr'>sustinere</span> <span class='ocrx_word' id='word_1_309' title='bbox 618 1313 738 1348; x_wconf 87' lang='lat' dir='ltr'>rob-ur:</span> <span class='ocrx_word' id='word_1_310' title='bbox 763 1310 1027 1357; x_wconf 79' lang='lat' dir='ltr'>Objicitflurncn</span> 
     </span>
     <span class='ocr_line' id='line_1_51' title="bbox 273 1360 1025 1410; baseline -0.005 -13"><span class='ocrx_word' id='word_1_311' title='bbox 273 1364 386 1408; x_wconf 74' lang='lat' dir='ltr'>Gyndes</span> <span class='ocrx_word' id='word_1_312' title='bbox 396 1376 455 1410; x_wconf 86' lang='lat' dir='ltr'>pro</span> <span class='ocrx_word' id='word_1_313' title='bbox 475 1363 575 1408; x_wconf 59' lang='lat' dir='ltr'>patriai</span> <span class='ocrx_word' id='word_1_314' title='bbox 593 1362 682 1396; x_wconf 84' lang='lat' dir='ltr'>suum</span> <span class='ocrx_word' id='word_1_315' title='bbox 696 1373 814 1409; x_wconf 88' lang='lat' dir='ltr'>corpus</span> <span class='ocrx_word' id='word_1_316' title='bbox 825 1385 835 1400; x_wconf 91' lang='lat'>‚</span> <span class='ocrx_word' id='word_1_317' title='bbox 851 1360 900 1395; x_wconf 87' lang='lat' dir='ltr'>sed</span> <span class='ocrx_word' id='word_1_318' title='bbox 913 1360 958 1394; x_wconf 93' lang='lat' dir='ltr'>ob</span> <span class='ocrx_word' id='word_1_319' title='bbox 968 1371 1025 1393; x_wconf 84' lang='lat' dir='ltr'>au-</span> 
     </span>
     <span class='ocr_line' id='line_1_52' title="bbox 271 1409 1028 1460; baseline -0.005 -13"><span class='ocrx_word' id='word_1_320' title='bbox 271 1413 397 1447; x_wconf 83' lang='lat' dir='ltr'>daciam</span> <span class='ocrx_word' id='word_1_321' title='bbox 418 1412 550 1460; x_wconf 69' lang='lat' dir='ltr'>pessime</span> <span class='ocrx_word' id='word_1_322' title='bbox 571 1412 708 1446; x_wconf 54' lang='lat' dir='ltr'>mulctat</span> <span class='ocrx_word' id='word_1_323' title='bbox 727 1417 817 1453; x_wconf 81' lang='lat' dir='ltr'>Cyrus</span> <span class='ocrx_word' id='word_1_324' title='bbox 835 1435 844 1448; x_wconf 92' lang='lat'><em>‚</em></span> <span class='ocrx_word' id='word_1_325' title='bbox 874 1409 1028 1445; x_wconf 78' lang='lat' dir='ltr'>diss‘ecans</span> 
     </span>
     <span class='ocr_line' id='line_1_53' title="bbox 272 1459 1028 1510; baseline -0.004 -14"><span class='ocrx_word' id='word_1_326' title='bbox 272 1461 425 1499; x_wconf 75' lang='lat' dir='ltr'>miserum</span> <span class='ocrx_word' id='word_1_327' title='bbox 439 1464 471 1497; x_wconf 90' lang='lat' dir='ltr'>in</span> <span class='ocrx_word' id='word_1_328' title='bbox 486 1472 589 1510; x_wconf 82' lang='lat' dir='ltr'>partes</span> <span class='ocrx_word' id='word_1_329' title='bbox 601 1461 694 1509; x_wconf 88' lang='lat' dir='ltr'>supra</span> <span class='ocrx_word' id='word_1_330' title='bbox 709 1470 867 1496; x_wconf 85' lang='lat' dir='ltr'>trecentas</span> <span class='ocrx_word' id='word_1_331' title='bbox 880 1459 1028 1506; x_wconf 83' lang='lat' dir='ltr'>sexagin-</span> 
     </span>
     <span class='ocr_line' id='line_1_54' title="bbox 270 1509 1028 1552; baseline 0.001 -7"><span class='ocrx_word' id='word_1_332' title='bbox 270 1522 303 1545; x_wconf 86' lang='lat' dir='ltr'>ta</span> <span class='ocrx_word' id='word_1_333' title='bbox 314 1511 365 1546; x_wconf 85' lang='lat' dir='ltr'>sex</span> <span class='ocrx_word' id='word_1_334' title='bbox 383 1526 393 1552; x_wconf 87' lang='lat'>;</span> <span class='ocrx_word' id='word_1_335' title='bbox 419 1522 598 1547; x_wconf 87' lang='lat' dir='ltr'>moventur</span> <span class='ocrx_word' id='word_1_336' title='bbox 616 1510 693 1546; x_wconf 86' lang='lat' dir='ltr'>liinc</span> <span class='ocrx_word' id='word_1_337' title='bbox 714 1510 756 1545; x_wconf 89' lang='lat' dir='ltr'>ad</span> <span class='ocrx_word' id='word_1_338' title='bbox 774 1509 890 1545; x_wconf 82' lang='lat' dir='ltr'>urbem</span> <span class='ocrx_word' id='word_1_339' title='bbox 908 1509 1028 1546; x_wconf 72' lang='lat' dir='ltr'>castra,</span> 
     </span>
     <span class='ocr_line' id='line_1_55' title="bbox 270 1559 1029 1607; baseline -0.003 -12"><span class='ocrx_word' id='word_1_340' title='bbox 270 1559 454 1595; x_wconf 73' lang='lat' dir='ltr'>obsidentes</span> <span class='ocrx_word' id='word_1_341' title='bbox 464 1561 569 1596; x_wconf 86' lang='lat' dir='ltr'>rident</span> <span class='ocrx_word' id='word_1_342' title='bbox 581 1559 716 1607; x_wconf 85' lang='lat' dir='ltr'>Assyrii,</span> <span class='ocrx_word' id='word_1_343' title='bbox 734 1561 890 1595; x_wconf 67' lang='lat' dir='ltr'>invictam</span> <span class='ocrx_word' id='word_1_344' title='bbox 910 1570 1029 1607; x_wconf 83' lang='lat' dir='ltr'>putan-</span> 
     </span>
     <span class='ocr_line' id='line_1_56' title="bbox 270 1609 1029 1658; baseline -0.004 -13"><span class='ocrx_word' id='word_1_345' title='bbox 270 1622 320 1645; x_wconf 89' lang='lat' dir='ltr'>tes</span> <span class='ocrx_word' id='word_1_346' title='bbox 340 1609 456 1644; x_wconf 87' lang='lat' dir='ltr'>urbem</span> <span class='ocrx_word' id='word_1_347' title='bbox 477 1614 567 1656; x_wconf 88' lang='lat' dir='ltr'>cujus</span> <span class='ocrx_word' id='word_1_348' title='bbox 582 1611 706 1643; x_wconf 84' lang='lat' dir='ltr'>moenia</span> <span class='ocrx_word' id='word_1_349' title='bbox 719 1609 887 1658; x_wconf 83' lang='lat' dir='ltr'>capiebant</span> <span class='ocrx_word' id='word_1_350' title='bbox 900 1609 1029 1643; x_wconf 84' lang='lat' dir='ltr'>ambitu</span> 
     </span>
     <span class='ocr_line' id='line_1_57' title="bbox 270 1658 1028 1707; baseline -0.001 -13"><span class='ocrx_word' id='word_1_351' title='bbox 270 1660 373 1694; x_wconf 90' lang='lat' dir='ltr'>millia</span> <span class='ocrx_word' id='word_1_352' title='bbox 385 1658 527 1707; x_wconf 75' lang='lat' dir='ltr'>passuum</span> <span class='ocrx_word' id='word_1_353' title='bbox 541 1660 717 1694; x_wconf 87' lang='lat' dir='ltr'>minimum</span> <span class='ocrx_word' id='word_1_354' title='bbox 738 1658 903 1707; x_wconf 78' lang='lat' dir='ltr'>sexaginta</span> <span class='ocrx_word' id='word_1_355' title='bbox 916 1683 927 1699; x_wconf 79' lang='lat'>‚</span> <span class='ocrx_word' id='word_1_356' title='bbox 953 1659 1028 1693; x_wconf 83' lang='lat' dir='ltr'>lati-</span> 
     </span>
     <span class='ocr_line' id='line_1_58' title="bbox 270 1708 1028 1758; baseline -0.001 -15"><span class='ocrx_word' id='word_1_357' title='bbox 270 1708 383 1743; x_wconf 79' lang='lat' dir='ltr'>tudine</span> <span class='ocrx_word' id='word_1_358' title='bbox 402 1709 534 1744; x_wconf 84' lang='lat' dir='ltr'>cubitos</span> <span class='ocrx_word' id='word_1_359' title='bbox 551 1709 658 1756; x_wconf 86' lang='lat' dir='ltr'>regios</span> <span class='ocrx_word' id='word_1_360' title='bbox 669 1710 927 1758; x_wconf 82' lang='lat' dir='ltr'>quinquaginta,</span> <span class='ocrx_word' id='word_1_361' title='bbox 952 1709 1028 1742; x_wconf 83' lang='lat' dir='ltr'>alti-</span> 
     </span>
     <span class='ocr_line' id='line_1_59' title="bbox 270 1756 1026 1794; baseline 0 -2"><span class='ocrx_word' id='word_1_362' title='bbox 270 1759 383 1793; x_wconf 83' lang='lat' dir='ltr'>tudine</span> <span class='ocrx_word' id='word_1_363' title='bbox 404 1759 578 1794; x_wconf 88' lang='lat' dir='ltr'>ducentos.</span> <span class='ocrx_word' id='word_1_364' title='bbox 612 1759 675 1794; x_wconf 88' lang='lat' dir='ltr'>Sed</span> <span class='ocrx_word' id='word_1_365' title='bbox 694 1756 800 1793; x_wconf 88' lang='lat' dir='ltr'>miseri</span> <span class='ocrx_word' id='word_1_366' title='bbox 817 1771 888 1793; x_wconf 90' lang='lat' dir='ltr'>non</span> <span class='ocrx_word' id='word_1_367' title='bbox 910 1759 1026 1792; x_wconf 86' lang='lat' dir='ltr'>memi-</span> 
     </span>
     <span class='ocr_line' id='line_1_60' title="bbox 269 1806 1028 1852; baseline 0 -10"><span class='ocrx_word' id='word_1_368' title='bbox 269 1806 347 1842; x_wconf 63' lang='lat' dir='ltr'>nC’re</span> <span class='ocrx_word' id='word_1_369' title='bbox 359 1807 471 1844; x_wconf 65' lang='lat' dir='ltr'>venifl&#39;c</span> <span class='ocrx_word' id='word_1_370' title='bbox 484 1820 639 1845; x_wconf 86' lang='lat' dir='ltr'>vocatum</span> <span class='ocrx_word' id='word_1_371' title='bbox 659 1807 676 1843; x_wconf 70' lang='lat' dir='ltr'>a</span> <span class='ocrx_word' id='word_1_372' title='bbox 693 1810 768 1842; x_wconf 91' lang='lat' dir='ltr'>Deo</span> <span class='ocrx_word' id='word_1_373' title='bbox 786 1814 893 1852; x_wconf 86' lang='lat' dir='ltr'>Cyrum</span> <span class='ocrx_word' id='word_1_374' title='bbox 909 1809 947 1842; x_wconf 90' lang='lat' dir='ltr'>ad</span> <span class='ocrx_word' id='word_1_375' title='bbox 957 1821 1028 1842; x_wconf 86' lang='lat' dir='ltr'>rna-</span> 
     </span>
     <span class='ocr_line' id='line_1_61' title="bbox 271 1858 1027 1905; baseline 0.001 -14"><span class='ocrx_word' id='word_1_376' title='bbox 271 1859 499 1893; x_wconf 86' lang='lat' dir='ltr'>numittendos</span> <span class='ocrx_word' id='word_1_377' title='bbox 521 1858 655 1905; x_wconf 87' lang='lat' dir='ltr'>Judaeos</span> <span class='ocrx_word' id='word_1_378' title='bbox 677 1871 685 1891; x_wconf 74' lang='lat' dir='ltr'>t</span> <span class='ocrx_word' id='word_1_379' title='bbox 723 1859 932 1905; x_wconf 81' lang='lat' dir='ltr'>oppugnanti</span> <span class='ocrx_word' id='word_1_380' title='bbox 951 1859 1027 1892; x_wconf 85' lang='lat' dir='ltr'>Deo</span> 
     </span>
     <span class='ocr_line' id='line_1_62' title="bbox 269 1904 1026 1954; baseline 0.001 -14"><span class='ocrx_word' id='word_1_381' title='bbox 269 1909 514 1953; x_wconf 83' lang='lat' dir='ltr'>propugnacula</span> <span class='ocrx_word' id='word_1_382' title='bbox 524 1908 640 1942; x_wconf 69' lang='lat' dir='ltr'>cuneta</span> <span class='ocrx_word' id='word_1_383' title='bbox 650 1906 723 1941; x_wconf 89' lang='lat' dir='ltr'>sunt</span> <span class='ocrx_word' id='word_1_384' title='bbox 742 1907 852 1954; x_wconf 69' lang='lat' dir='ltr'>paleae.</span> <span class='ocrx_word' id='word_1_385' title='bbox 883 1904 1026 1941; x_wconf 81' lang='lat' dir='ltr'>Diffeca-</span> 
     </span>
     <span class='ocr_line' id='line_1_63' title="bbox 271 1955 1023 2003; baseline 0.001 -14"><span class='ocrx_word' id='word_1_386' title='bbox 271 1956 327 1990; x_wconf 87' lang='lat' dir='ltr'>bat</span> <span class='ocrx_word' id='word_1_387' title='bbox 346 1957 463 1999; x_wconf 86' lang='lat' dir='ltr'>urbem</span> <span class='ocrx_word' id='word_1_388' title='bbox 478 1959 512 1991; x_wconf 88' lang='lat' dir='ltr'>in</span> <span class='ocrx_word' id='word_1_389' title='bbox 531 1957 599 1991; x_wconf 86' lang='lat' dir='ltr'>duo</span> <span class='ocrx_word' id='word_1_390' title='bbox 617 1955 804 1990; x_wconf 79' lang='lat' dir='ltr'>interfluens</span> <span class='ocrx_word' id='word_1_391' title='bbox 821 1955 1023 2003; x_wconf 81' lang='lat' dir='ltr'>Euphrates,</span> 
     </span>
     <span class='ocr_line' id='line_1_64' title="bbox 270 2004 1027 2052; baseline 0.001 -13"><span class='ocrx_word' id='word_1_392' title='bbox 270 2005 394 2039; x_wconf 88' lang='lat' dir='ltr'>derivat</span> <span class='ocrx_word' id='word_1_393' title='bbox 412 2011 503 2051; x_wconf 81' lang='lat' dir='ltr'>Cyrus</span> <span class='ocrx_word' id='word_1_394' title='bbox 514 2005 683 2040; x_wconf 86' lang='lat' dir='ltr'>flumenin</span> <span class='ocrx_word' id='word_1_395' title='bbox 699 2004 794 2040; x_wconf 81' lang='lat' dir='ltr'>foffas</span> <span class='ocrx_word' id='word_1_396' title='bbox 806 2018 884 2052; x_wconf 86' lang='lat' dir='ltr'>quas</span> <span class='ocrx_word' id='word_1_397' title='bbox 895 2018 1027 2041; x_wconf 86' lang='lat' dir='ltr'>excave-</span> 
     </span>
     <span class='ocr_line' id='line_1_65' title="bbox 268 2056 1027 2102; baseline 0.001 -13"><span class='ocrx_word' id='word_1_398' title='bbox 268 2065 318 2089; x_wconf 84' lang='lat' dir='ltr'>rat</span> <span class='ocrx_word' id='word_1_399' title='bbox 333 2057 497 2089; x_wconf 71' lang='lat' dir='ltr'>Semiramis</span> <span class='ocrx_word' id='word_1_400' title='bbox 505 2056 601 2092; x_wconf 90' lang='lat' dir='ltr'>olim,</span> <span class='ocrx_word' id='word_1_401' title='bbox 611 2057 720 2101; x_wconf 83' lang='lat' dir='ltr'>itaque</span> <span class='ocrx_word' id='word_1_402' title='bbox 731 2068 785 2102; x_wconf 87' lang='lat' dir='ltr'>per</span> <span class='ocrx_word' id='word_1_403' title='bbox 794 2056 921 2090; x_wconf 86' lang='lat' dir='ltr'>alveum</span> <span class='ocrx_word' id='word_1_404' title='bbox 931 2056 1027 2091; x_wconf 85' lang='lat' dir='ltr'>semi-</span> 
     </span>
     <span class='ocr_line' id='line_1_66' title="bbox 268 2103 1026 2151; baseline 0.001 -13"><span class='ocrx_word' id='word_1_405' title='bbox 268 2104 421 2139; x_wconf 84' lang='lat' dir='ltr'>siccatum</span> <span class='ocrx_word' id='word_1_406' title='bbox 441 2103 577 2140; x_wconf 87' lang='lat' dir='ltr'>subeunt</span> <span class='ocrx_word' id='word_1_407' title='bbox 597 2103 791 2151; x_wconf 61' lang='lat' dir='ltr'>intempestfi</span> <span class='ocrx_word' id='word_1_408' title='bbox 809 2105 906 2140; x_wconf 67' lang='lat' dir='ltr'>notff&#39;ce</span> <span class='ocrx_word' id='word_1_409' title='bbox 932 2105 1026 2140; x_wconf 84' lang='lat' dir='ltr'>Medi</span> 
     </span>
     <span class='ocr_line' id='line_1_67' title="bbox 265 2152 1024 2202; baseline 0.004 -16"><span class='ocrx_word' id='word_1_410' title='bbox 265 2152 407 2187; x_wconf 84' lang='lat' dir='ltr'>securam</span> <span class='ocrx_word' id='word_1_411' title='bbox 434 2154 568 2191; x_wconf 85' lang='lat' dir='ltr'>urbem,</span> <span class='ocrx_word' id='word_1_412' title='bbox 593 2165 755 2201; x_wconf 85' lang='lat' dir='ltr'>occupant</span> <span class='ocrx_word' id='word_1_413' title='bbox 778 2164 909 2202; x_wconf 85' lang='lat' dir='ltr'>portas,</span> <span class='ocrx_word' id='word_1_414' title='bbox 936 2153 1024 2189; x_wconf 89' lang='lat' dir='ltr'>ferro</span> 
     </span>
     <span class='ocr_line' id='line_1_68' title="bbox 268 2200 1023 2249; baseline 0.007 -15"><span class='ocrx_word' id='word_1_415' title='bbox 268 2200 469 2249; x_wconf 62' lang='lat' dir='ltr'>flamnia&#39;ique</span> <span class='ocrx_word' id='word_1_416' title='bbox 487 2202 621 2238; x_wconf 82' lang='lat' dir='ltr'>saeviunt</span> <span class='ocrx_word' id='word_1_417' title='bbox 634 2229 644 2243; x_wconf 86' lang='lat'>‚</span> <span class='ocrx_word' id='word_1_418' title='bbox 673 2203 782 2238; x_wconf 88' lang='lat' dir='ltr'>donec</span> <span class='ocrx_word' id='word_1_419' title='bbox 795 2203 911 2238; x_wconf 86' lang='lat' dir='ltr'>urbani</span> <span class='ocrx_word' id='word_1_420' title='bbox 922 2205 1023 2239; x_wconf 58' lang='lat' dir='ltr'>victas</span> 
     </span>
     <span class='ocr_line' id='line_1_69' title="bbox 266 2251 519 2288; baseline 0 -3"><span class='ocrx_word' id='word_1_421' title='bbox 266 2251 378 2285; x_wconf 83' lang='lat' dir='ltr'>darent</span> <span class='ocrx_word' id='word_1_422' title='bbox 390 2263 519 2288; x_wconf 87' lang='lat' dir='ltr'>manus.</span> 
     </span>
    </p>

    <p class='ocr_par' dir='ltr' id='par_1_15' title="bbox 258 2298 1022 2629">
     <span class='ocr_line' id='line_1_70' title="bbox 315 2298 1022 2348; baseline 0.003 -16"><span class='ocrx_word' id='word_1_423' title='bbox 315 2299 475 2347; x_wconf 83' lang='lat' dir='ltr'>Imposito</span> <span class='ocrx_word' id='word_1_424' title='bbox 488 2298 612 2339; x_wconf 74' lang='lat' dir='ltr'>Medis,</span> <span class='ocrx_word' id='word_1_425' title='bbox 642 2299 749 2340; x_wconf 64' lang='lat' dir='ltr'><em>Lydis,</em></span> <span class='ocrx_word' id='word_1_426' title='bbox 775 2299 1022 2348; x_wconf 66' lang='lat' dir='ltr'>eAſjyriisjqu</span> 
     </span>
     <span class='ocr_line' id='line_1_71' title="bbox 266 2347 1018 2398; baseline 0.003 -16"><span class='ocrx_word' id='word_1_427' title='bbox 266 2349 418 2384; x_wconf 87' lang='lat' dir='ltr'>nondum</span> <span class='ocrx_word' id='word_1_428' title='bbox 430 2360 594 2384; x_wconf 85' lang='lat' dir='ltr'>armorum</span> <span class='ocrx_word' id='word_1_429' title='bbox 606 2347 731 2383; x_wconf 84' lang='lat' dir='ltr'>satietas</span> <span class='ocrx_word' id='word_1_430' title='bbox 741 2354 845 2393; x_wconf 76' lang='lat' dir='ltr'>Cyrum</span> <span class='ocrx_word' id='word_1_431' title='bbox 856 2350 952 2398; x_wconf 86' lang='lat' dir='ltr'>capit,</span> <span class='ocrx_word' id='word_1_432' title='bbox 969 2363 1018 2384; x_wconf 86' lang='lat' dir='ltr'>ar-</span> 
     </span>
     <span class='ocr_line' id='line_1_72' title="bbox 261 2397 1017 2447; baseline 0.005 -16"><span class='ocrx_word' id='word_1_433' title='bbox 261 2397 602 2446; x_wconf 78' lang='lat' dir='ltr'>debatAEgyptiorum</span> <span class='ocrx_word' id='word_1_434' title='bbox 621 2398 745 2433; x_wconf 86' lang='lat' dir='ltr'>celebre</span> <span class='ocrx_word' id='word_1_435' title='bbox 755 2399 908 2447; x_wconf 83' lang='lat' dir='ltr'>Regnum</span> <span class='ocrx_word' id='word_1_436' title='bbox 928 2401 1017 2444; x_wconf 78' lang='lat' dir='ltr'>prio-</span> 
     </span>
     <span class='ocr_line' id='line_1_73' title="bbox 261 2446 1017 2496; baseline 0.007 -17"><span class='ocrx_word' id='word_1_437' title='bbox 261 2446 351 2482; x_wconf 88' lang='lat' dir='ltr'>ribus</span> <span class='ocrx_word' id='word_1_438' title='bbox 382 2449 495 2483; x_wconf 84' lang='lat' dir='ltr'>addere</span> <span class='ocrx_word' id='word_1_439' title='bbox 512 2474 521 2486; x_wconf 95' lang='lat'>,</span> <span class='ocrx_word' id='word_1_440' title='bbox 558 2447 612 2482; x_wconf 86' lang='lat' dir='ltr'>sed</span> <span class='ocrx_word' id='word_1_441' title='bbox 636 2459 711 2482; x_wconf 87' lang='lat' dir='ltr'>ante</span> <span class='ocrx_word' id='word_1_442' title='bbox 727 2449 835 2483; x_wconf 89' lang='lat' dir='ltr'>voluit</span> <span class='ocrx_word' id='word_1_443' title='bbox 861 2448 1017 2496; x_wconf 86' lang='lat' dir='ltr'>superbos</span> 
     </span>
     <span class='ocr_line' id='line_1_74' title="bbox 260 2495 1016 2548; baseline 0.007 -18"><span class='ocrx_word' id='word_1_444' title='bbox 260 2498 461 2544; x_wconf 85' lang='lat' dir='ltr'>compescere</span> <span class='ocrx_word' id='word_1_445' title='bbox 480 2499 662 2548; x_wconf 63' lang='lat' dir='ltr'>lislaffiigetas</span> <span class='ocrx_word' id='word_1_446' title='bbox 674 2521 684 2537; x_wconf 89' lang='lat'><strong>,</strong></span> <span class='ocrx_word' id='word_1_447' title='bbox 698 2510 738 2532; x_wconf 88' lang='lat' dir='ltr'>ne</span> <span class='ocrx_word' id='word_1_448' title='bbox 748 2498 826 2543; x_wconf 86' lang='lat' dir='ltr'>quid</span> <span class='ocrx_word' id='word_1_449' title='bbox 840 2495 871 2532; x_wconf 88' lang='lat' dir='ltr'>se</span> <span class='ocrx_word' id='word_1_450' title='bbox 883 2498 1016 2535; x_wconf 87' lang='lat' dir='ltr'>absente</span> 
     </span>
     <span class='ocr_line' id='line_1_75' title="bbox 258 2546 1015 2595; baseline 0.007 -16"><span class='ocrx_word' id='word_1_451' title='bbox 258 2559 407 2581; x_wconf 86' lang='lat' dir='ltr'>moveret</span> <span class='ocrx_word' id='word_1_452' title='bbox 432 2546 449 2581; x_wconf 75' lang='grc' dir='ltr'>Ξι</span> <span class='ocrx_word' id='word_1_453' title='bbox 468 2558 560 2595; x_wconf 87' lang='lat' dir='ltr'>tergo</span> <span class='ocrx_word' id='word_1_454' title='bbox 574 2547 735 2582; x_wconf 87' lang='lat' dir='ltr'>indomita</span> <span class='ocrx_word' id='word_1_455' title='bbox 758 2546 949 2594; x_wconf 82' lang='lat' dir='ltr'>Scytharum</span> <span class='ocrx_word' id='word_1_456' title='bbox 965 2562 1015 2584; x_wconf 86' lang='lat' dir='ltr'>ra-</span> 
     </span>
     <span class='ocr_line' id='line_1_76' title="bbox 259 2594 336 2629; baseline 0.013 -1"><span class='ocrx_word' id='word_1_457' title='bbox 259 2594 336 2629; x_wconf 81' lang='lat' dir='ltr'>bies.</span> 
     </span>
    </p>

    <p class='ocr_par' dir='ltr' id='par_1_16' title="bbox 251 2643 1015 3236">
     <span class='ocr_line' id='line_1_77' title="bbox 309 2643 1014 2693; baseline 0.004 -15"><span class='ocrx_word' id='word_1_458' title='bbox 309 2643 519 2692; x_wconf 78' lang='lat' dir='ltr'>Imperitabat</span> <span class='ocrx_word' id='word_1_459' title='bbox 534 2645 719 2693; x_wconf 81' lang='lat' dir='ltr'>Massagetis</span> <span class='ocrx_word' id='word_1_460' title='bbox 738 2645 870 2692; x_wconf 85' lang='lat' dir='ltr'>Regina</span> <span class='ocrx_word' id='word_1_461' title='bbox 880 2646 1014 2687; x_wconf 82' lang='lat' dir='ltr'>Tomiris‚</span> 
     </span>
     <span class='ocr_line' id='line_1_78' title="bbox 259 2693 1015 2741; baseline 0.003 -14"><span class='ocrx_word' id='word_1_462' title='bbox 259 2695 298 2727; x_wconf 85' lang='lat' dir='ltr'>ad</span> <span class='ocrx_word' id='word_1_463' title='bbox 310 2693 394 2728; x_wconf 87' lang='lat' dir='ltr'>hauc</span> <span class='ocrx_word' id='word_1_464' title='bbox 415 2694 521 2727; x_wconf 87' lang='lat' dir='ltr'>mittit</span> <span class='ocrx_word' id='word_1_465' title='bbox 537 2699 624 2738; x_wconf 73' lang='lat' dir='ltr'>Cyrus</span> <span class='ocrx_word' id='word_1_466' title='bbox 643 2695 702 2741; x_wconf 90' lang='lat' dir='ltr'>qui</span> <span class='ocrx_word' id='word_1_467' title='bbox 713 2694 876 2728; x_wconf 86' lang='lat' dir='ltr'>ambirent</span> <span class='ocrx_word' id='word_1_468' title='bbox 888 2696 1015 2729; x_wconf 85' lang='lat' dir='ltr'>inuxo-</span> 
     </span>
     <span class='ocr_line' id='line_1_79' title="bbox 257 2743 1012 2791; baseline 0.001 -14"><span class='ocrx_word' id='word_1_469' title='bbox 257 2755 322 2777; x_wconf 86' lang='lat' dir='ltr'>rem</span> <span class='ocrx_word' id='word_1_470' title='bbox 336 2757 343 2781; x_wconf 87' lang='lat'>;</span> <span class='ocrx_word' id='word_1_471' title='bbox 364 2744 455 2790; x_wconf 79' lang='lat' dir='ltr'>sagax</span> <span class='ocrx_word' id='word_1_472' title='bbox 468 2744 583 2778; x_wconf 89' lang='lat' dir='ltr'>mulier</span> <span class='ocrx_word' id='word_1_473' title='bbox 597 2743 750 2789; x_wconf 82' lang='lat' dir='ltr'>Regnum</span> <span class='ocrx_word' id='word_1_474' title='bbox 763 2755 832 2776; x_wconf 91' lang='lat' dir='ltr'>non</span> <span class='ocrx_word' id='word_1_475' title='bbox 847 2744 1012 2791; x_wconf 83' lang='lat' dir='ltr'>Reginam</span> 
     </span>
     <span class='ocr_line' id='line_1_80' title="bbox 257 2791 1013 2839; baseline 0.004 -14"><span class='ocrx_word' id='word_1_476' title='bbox 257 2793 373 2826; x_wconf 81' lang='lat' dir='ltr'>ambiri</span> <span class='ocrx_word' id='word_1_477' title='bbox 394 2793 531 2827; x_wconf 88' lang='lat' dir='ltr'>sentiens</span> <span class='ocrx_word' id='word_1_478' title='bbox 548 2817 558 2833; x_wconf 92' lang='lat'><strong>,</strong></span> <span class='ocrx_word' id='word_1_479' title='bbox 591 2791 739 2839; x_wconf 86' lang='lat' dir='ltr'>repudiat</span> <span class='ocrx_word' id='word_1_480' title='bbox 765 2792 1013 2828; x_wconf 85' lang='lat' dir='ltr'>conditionem:</span> 
     </span>
     <span class='ocr_line' id='line_1_81' title="bbox 254 2840 1011 2889; baseline 0.005 -15"><span class='ocrx_word' id='word_1_481' title='bbox 254 2842 396 2876; x_wconf 82' lang='lat' dir='ltr'>irritatus</span> <span class='ocrx_word' id='word_1_482' title='bbox 414 2841 500 2889; x_wconf 83' lang='lat' dir='ltr'>quasi</span> <span class='ocrx_word' id='word_1_483' title='bbox 521 2840 716 2877; x_wconf 68' lang='lat' dir='ltr'>coutumelifi</span> <span class='ocrx_word' id='word_1_484' title='bbox 733 2845 824 2885; x_wconf 79' lang='lat' dir='ltr'>Cyrus</span> <span class='ocrx_word' id='word_1_485' title='bbox 836 2843 1011 2878; x_wconf 80' lang='lat' dir='ltr'>exercitum</span> 
     </span>
     <span class='ocr_line' id='line_1_82' title="bbox 253 2890 1012 2939; baseline 0.005 -15"><span class='ocrx_word' id='word_1_486' title='bbox 253 2891 343 2936; x_wconf 82' lang='lat' dir='ltr'>ducit</span> <span class='ocrx_word' id='word_1_487' title='bbox 362 2891 401 2925; x_wconf 85' lang='lat' dir='ltr'>ad</span> <span class='ocrx_word' id='word_1_488' title='bbox 422 2904 508 2926; x_wconf 86' lang='lat' dir='ltr'>mare</span> <span class='ocrx_word' id='word_1_489' title='bbox 525 2891 670 2939; x_wconf 71' lang='lat' dir='ltr'>Caspium.</span> <span class='ocrx_word' id='word_1_490' title='bbox 701 2890 787 2924; x_wconf 83' lang='lat' dir='ltr'>Mihi</span> <span class='ocrx_word' id='word_1_491' title='bbox 807 2891 940 2938; x_wconf 88' lang='lat' dir='ltr'>quidem</span> <span class='ocrx_word' id='word_1_492' title='bbox 962 2893 1012 2928; x_wconf 83' lang='lat' dir='ltr'>hic</span> 
     </span>
     <span class='ocr_line' id='line_1_83' title="bbox 253 2939 1012 2977; baseline 0.005 -4"><span class='ocrx_word' id='word_1_493' title='bbox 253 2941 383 2975; x_wconf 84' lang='lat' dir='ltr'>videtur</span> <span class='ocrx_word' id='word_1_494' title='bbox 397 2940 579 2977; x_wconf 73' lang='lat' dir='ltr'>Herodotus,</span> <span class='ocrx_word' id='word_1_495' title='bbox 600 2951 674 2974; x_wconf 86' lang='lat' dir='ltr'>utut</span> <span class='ocrx_word' id='word_1_496' title='bbox 689 2939 858 2975; x_wconf 61' lang='lat' dir='ltr'>aliisinter</span> <span class='ocrx_word' id='word_1_497' title='bbox 879 2941 1012 2977; x_wconf 86' lang='lat' dir='ltr'>Choro-</span> 
     </span>
     <span class='ocr_line' id='line_1_84' title="bbox 252 2987 1009 3039; baseline 0.005 -16"><span class='ocrx_word' id='word_1_498' title='bbox 252 2990 450 3035; x_wconf 73' lang='lat' dir='ltr'>graphorum</span> <span class='ocrx_word' id='word_1_499' title='bbox 463 2992 585 3039; x_wconf 89' lang='lat' dir='ltr'>primos</span> <span class='ocrx_word' id='word_1_500' title='bbox 596 3015 607 3030; x_wconf 85' lang='lat'>‚</span> <span class='ocrx_word' id='word_1_501' title='bbox 634 2987 806 3025; x_wconf 63' lang='lat' dir='ltr'>necessarii&gt;</span> <span class='ocrx_word' id='word_1_502' title='bbox 820 2991 1009 3039; x_wconf 83' lang='lat' dir='ltr'>relinquen-</span> 
     </span>
     <span class='ocr_line' id='line_1_85' title="bbox 251 3037 1009 3088; baseline 0 -13"><span class='ocrx_word' id='word_1_503' title='bbox 251 3037 330 3075; x_wconf 60' lang='grc' dir='ltr'>(ἷῑῑὸς</span> <span class='ocrx_word' id='word_1_504' title='bbox 361 3038 550 3087; x_wconf 72' lang='lat' dir='ltr'>Massagetas</span> <span class='ocrx_word' id='word_1_505' title='bbox 564 3040 658 3088; x_wconf 85' lang='lat' dir='ltr'>ponit</span> <span class='ocrx_word' id='word_1_506' title='bbox 674 3038 712 3073; x_wconf 87' lang='lat' dir='ltr'>ad</span> <span class='ocrx_word' id='word_1_507' title='bbox 730 3039 901 3075; x_wconf 84' lang='lat' dir='ltr'>Orientale</span> <span class='ocrx_word' id='word_1_508' title='bbox 914 3043 1009 3076; x_wconf 84' lang='lat' dir='ltr'>maris</span> 
     </span>
     <span class='ocr_line' id='line_1_86' title="bbox 254 3085 1007 3131; baseline 0.009 -14"><span class='ocrx_word' id='word_1_509' title='bbox 254 3085 361 3131; x_wconf 80' lang='lat' dir='ltr'>Caspii</span> <span class='ocrx_word' id='word_1_510' title='bbox 372 3089 451 3122; x_wconf 84' lang='lat' dir='ltr'>latus</span> <span class='ocrx_word' id='word_1_511' title='bbox 463 3114 471 3128; x_wconf 89' lang='lat'>,</span> <span class='ocrx_word' id='word_1_512' title='bbox 484 3089 521 3124; x_wconf 88' lang='lat' dir='ltr'>ad</span> <span class='ocrx_word' id='word_1_513' title='bbox 533 3101 641 3124; x_wconf 84' lang='lat' dir='ltr'>ortum</span> <span class='ocrx_word' id='word_1_514' title='bbox 651 3090 750 3123; x_wconf 88' lang='lat' dir='ltr'>etiam</span> <span class='ocrx_word' id='word_1_515' title='bbox 764 3089 882 3124; x_wconf 80' lang='lat' dir='ltr'>Mediae</span> <span class='ocrx_word' id='word_1_516' title='bbox 895 3115 904 3129; x_wconf 91' lang='lat'><em>,</em></span> <span class='ocrx_word' id='word_1_517' title='bbox 931 3096 962 3125; x_wconf 63' lang='grc' dir='ltr'>ὅ(</span> <span class='ocrx_word' id='word_1_518' title='bbox 974 3092 1007 3125; x_wconf 87' lang='lat' dir='ltr'>in</span> 
     </span>
     <span class='ocr_line' id='line_1_87' title="bbox 252 3132 1005 3186; baseline 0.013 -22"><span class='ocrx_word' id='word_1_519' title='bbox 252 3132 315 3166; x_wconf 88' lang='lat' dir='ltr'>hoc</span> <span class='ocrx_word' id='word_1_520' title='bbox 334 3133 496 3180; x_wconf 84' lang='lat' dir='ltr'>sequacem</span> <span class='ocrx_word' id='word_1_521' title='bbox 510 3138 608 3173; x_wconf 78' lang='lat' dir='ltr'>habet</span> <span class='ocrx_word' id='word_1_522' title='bbox 629 3137 906 3185; x_wconf 78' lang='lat' dir='ltr'>Geograpliorum</span> <span class='ocrx_word' id='word_1_523' title='bbox 921 3142 1005 3186; x_wconf 85' lang='lat' dir='ltr'>prin-</span> 
     </span>
     <span class='ocr_line' id='line_1_88' title="bbox 253 3182 1004 3236; baseline 0.013 -21"><span class='ocrx_word' id='word_1_524' title='bbox 253 3182 356 3229; x_wconf 81' lang='lat' dir='ltr'>cipem</span> <span class='ocrx_word' id='word_1_525' title='bbox 369 3184 552 3221; x_wconf 70' lang='lat' dir='ltr'>Ptolemaenm</span> <span class='ocrx_word' id='word_1_526' title='bbox 573 3186 626 3223; x_wconf 79' lang='lat' dir='ltr'>sed</span> <span class='ocrx_word' id='word_1_527' title='bbox 647 3188 734 3224; x_wconf 79' lang='lat' dir='ltr'>addit</span> <span class='ocrx_word' id='word_1_528' title='bbox 755 3185 940 3236; x_wconf 65' lang='lat' dir='ltr'>Massagetis</span> <span class='ocrx_word' id='word_1_529' title='bbox 965 3189 1004 3225; x_wconf 82' lang='lat' dir='ltr'>ad</span> 
     </span>
    </p>
   </div>
   <div class='ocr_carea' id='block_1_15' title="bbox 1035 2492 1043 3002">
    <p class='ocr_par' dir='ltr' id='par_1_17' title="bbox 1035 2492 1043 3002">
     <span class='ocr_line' id='line_1_89' title="bbox 1035 2492 1043 3002; baseline 0 0"><span class='ocrx_word' id='word_1_530' title='bbox 1035 2492 1043 3002; x_wconf 95' lang='lat' dir='ltr'> </span> 
     </span>
    </p>
   </div>
   <div class='ocr_carea' id='block_1_16' title="bbox 1032 2492 1043 3198">
    <p class='ocr_par' dir='ltr' id='par_1_18' title="bbox 1032 2492 1043 3198">
     <span class='ocr_line' id='line_1_90' title="bbox 1032 2492 1043 3198; baseline 0 0"><span class='ocrx_word' id='word_1_531' title='bbox 1032 2492 1043 3198; x_wconf 95' lang='lat' dir='ltr'> </span> 
     </span>
    </p>
   </div>
   <div class='ocr_carea' id='block_1_17' title="bbox 1061 1113 1836 2795">
    <p class='ocr_par' dir='ltr' id='par_1_19' title="bbox 1066 1113 1836 2500">
     <span class='ocr_line' id='line_1_91' title="bbox 1074 1113 1830 1165; baseline 0.016 -19"><span class='ocrx_word' id='word_1_532' title='bbox 1074 1113 1262 1161; x_wconf 80' lang='lat' dir='ltr'>Massagetas</span> <span class='ocrx_word' id='word_1_533' title='bbox 1283 1115 1394 1148; x_wconf 83' lang='lat' dir='ltr'>mallet</span> <span class='ocrx_word' id='word_1_534' title='bbox 1419 1116 1590 1163; x_wconf 81' lang='lat' dir='ltr'>regionem</span> <span class='ocrx_word' id='word_1_535' title='bbox 1620 1119 1717 1165; x_wconf 85' lang='lat' dir='ltr'>ipsius</span> <span class='ocrx_word' id='word_1_536' title='bbox 1736 1132 1830 1158; x_wconf 85' lang='lat' dir='ltr'>tanto</span> 
     </span>
     <span class='ocr_line' id='line_1_92' title="bbox 1074 1162 1830 1214; baseline 0.015 -18"><span class='ocrx_word' id='word_1_537' title='bbox 1074 1164 1195 1198; x_wconf 87' lang='lat' dir='ltr'>intrare</span> <span class='ocrx_word' id='word_1_538' title='bbox 1211 1162 1332 1211; x_wconf 83' lang='lat' dir='ltr'>spatio,</span> <span class='ocrx_word' id='word_1_539' title='bbox 1352 1175 1449 1199; x_wconf 87' lang='lat' dir='ltr'>vocat</span> <span class='ocrx_word' id='word_1_540' title='bbox 1467 1167 1500 1199; x_wconf 92' lang='lat' dir='ltr'>in</span> <span class='ocrx_word' id='word_1_541' title='bbox 1524 1167 1718 1204; x_wconf 84' lang='lat' dir='ltr'>Concilium</span> <span class='ocrx_word' id='word_1_542' title='bbox 1741 1175 1830 1214; x_wconf 80' lang='lat' dir='ltr'>Cyrus</span> 
     </span>
     <span class='ocr_line' id='line_1_93' title="bbox 1074 1212 1830 1270; baseline 0.009 -24"><span class='ocrx_word' id='word_1_543' title='bbox 1074 1212 1190 1247; x_wconf 87' lang='lat' dir='ltr'>duces:</span> <span class='ocrx_word' id='word_1_544' title='bbox 1217 1213 1324 1259; x_wconf 75' lang='lat' dir='ltr'>Croesws</span> <span class='ocrx_word' id='word_1_545' title='bbox 1339 1215 1394 1261; x_wconf 89' lang='lat' dir='ltr'>qui</span> <span class='ocrx_word' id='word_1_546' title='bbox 1414 1214 1485 1261; x_wconf 80' lang='lat' dir='ltr'>post</span> <span class='ocrx_word' id='word_1_547' title='bbox 1499 1227 1605 1262; x_wconf 83' lang='lat' dir='ltr'>captas</span> <span class='ocrx_word' id='word_1_548' title='bbox 1616 1219 1728 1252; x_wconf 67' lang='lat' dir='ltr'>Sardeis</span> <span class='ocrx_word' id='word_1_549' title='bbox 1745 1222 1830 1270; x_wconf 79' lang='lat' dir='ltr'>Regi</span> 
     </span>
     <span class='ocr_line' id='line_1_94' title="bbox 1074 1260 1832 1314; baseline 0.013 -19"><span class='ocrx_word' id='word_1_550' title='bbox 1074 1260 1137 1296; x_wconf 88' lang='lat' dir='ltr'>fuit</span> <span class='ocrx_word' id='word_1_551' title='bbox 1151 1262 1191 1296; x_wconf 89' lang='lat' dir='ltr'>ab</span> <span class='ocrx_word' id='word_1_552' title='bbox 1200 1265 1294 1297; x_wconf 89' lang='lat' dir='ltr'>omni</span> <span class='ocrx_word' id='word_1_553' title='bbox 1307 1261 1442 1304; x_wconf 80' lang='lat' dir='ltr'>secrete,</span> <span class='ocrx_word' id='word_1_554' title='bbox 1453 1263 1703 1314; x_wconf 77' lang='lat' dir='ltr'>Massageticum</span> <span class='ocrx_word' id='word_1_555' title='bbox 1715 1269 1755 1303; x_wconf 84' lang='lat' dir='ltr'>ab</span> <span class='ocrx_word' id='word_1_556' title='bbox 1767 1273 1832 1306; x_wconf 89' lang='lat' dir='ltr'>ini-</span> 
     </span>
     <span class='ocr_line' id='line_1_95' title="bbox 1075 1310 1831 1365; baseline 0.015 -20"><span class='ocrx_word' id='word_1_557' title='bbox 1075 1312 1123 1346; x_wconf 91' lang='lat' dir='ltr'>tio</span> <span class='ocrx_word' id='word_1_558' title='bbox 1138 1311 1262 1346; x_wconf 90' lang='lat' dir='ltr'>bellum</span> <span class='ocrx_word' id='word_1_559' title='bbox 1271 1310 1464 1348; x_wconf 72' lang='lat' dir='ltr'>dissuadebat</span> <span class='ocrx_word' id='word_1_560' title='bbox 1474 1338 1484 1353; x_wconf 86' lang='lat'>,</span> <span class='ocrx_word' id='word_1_561' title='bbox 1498 1313 1550 1348; x_wconf 90' lang='lat' dir='ltr'>sed</span> <span class='ocrx_word' id='word_1_562' title='bbox 1562 1317 1831 1365; x_wconf 85' lang='lat' dir='ltr'>quandoquidem</span> 
     </span>
     <span class='ocr_line' id='line_1_96' title="bbox 1076 1359 1836 1409; baseline 0.009 -15"><span class='ocrx_word' id='word_1_563' title='bbox 1076 1359 1117 1395; x_wconf 76' lang='grc' dir='ltr'>εὸ</span> <span class='ocrx_word' id='word_1_564' title='bbox 1132 1360 1204 1396; x_wconf 85' lang='lat' dir='ltr'>effet</span> <span class='ocrx_word' id='word_1_565' title='bbox 1218 1373 1409 1409; x_wconf 87' lang='lat' dir='ltr'>perventum</span> <span class='ocrx_word' id='word_1_566' title='bbox 1422 1387 1433 1404; x_wconf 86' lang='lat'>‚</span> <span class='ocrx_word' id='word_1_567' title='bbox 1458 1364 1545 1398; x_wconf 87' lang='lat' dir='ltr'>unde</span> <span class='ocrx_word' id='word_1_568' title='bbox 1556 1364 1622 1400; x_wconf 79' lang='lat' dir='ltr'>sine</span> <span class='ocrx_word' id='word_1_569' title='bbox 1638 1366 1772 1403; x_wconf 59' lang='lat' dir='ltr'>infamia</span> <span class='ocrx_word' id='word_1_570' title='bbox 1782 1384 1836 1405; x_wconf 88' lang='lat' dir='ltr'>re-</span> 
     </span>
     <span class='ocr_line' id='line_1_97' title="bbox 1077 1410 1834 1465; baseline 0.013 -21"><span class='ocrx_word' id='word_1_571' title='bbox 1077 1410 1160 1445; x_wconf 86' lang='lat' dir='ltr'>trahi</span> <span class='ocrx_word' id='word_1_572' title='bbox 1178 1424 1248 1446; x_wconf 88' lang='lat' dir='ltr'>non</span> <span class='ocrx_word' id='word_1_573' title='bbox 1268 1413 1374 1458; x_wconf 85' lang='lat' dir='ltr'>potuit</span> <span class='ocrx_word' id='word_1_574' title='bbox 1393 1425 1468 1460; x_wconf 74' lang='grc' dir='ltr'>ρος,</span> <span class='ocrx_word' id='word_1_575' title='bbox 1494 1414 1676 1450; x_wconf 82' lang='lat' dir='ltr'>consultius</span> <span class='ocrx_word' id='word_1_576' title='bbox 1698 1419 1834 1465; x_wconf 83' lang='lat' dir='ltr'>putabat</span> 
     </span>
     <span class='ocr_line' id='line_1_98' title="bbox 1077 1460 1836 1516; baseline 0.013 -22"><span class='ocrx_word' id='word_1_577' title='bbox 1077 1471 1147 1495; x_wconf 90' lang='lat' dir='ltr'>tum</span> <span class='ocrx_word' id='word_1_578' title='bbox 1159 1462 1205 1495; x_wconf 86' lang='lat' dir='ltr'>rei</span> <span class='ocrx_word' id='word_1_579' title='bbox 1217 1472 1288 1497; x_wconf 91' lang='lat' dir='ltr'>tum</span> <span class='ocrx_word' id='word_1_580' title='bbox 1302 1460 1395 1497; x_wconf 82' lang='lat' dir='ltr'>famae</span> <span class='ocrx_word' id='word_1_581' title='bbox 1407 1465 1440 1496; x_wconf 91' lang='lat' dir='ltr'>in</span> <span class='ocrx_word' id='word_1_582' title='bbox 1449 1462 1574 1498; x_wconf 86' lang='lat' dir='ltr'>hostico</span> <span class='ocrx_word' id='word_1_583' title='bbox 1584 1477 1725 1512; x_wconf 84' lang='lat' dir='ltr'>pugnare</span> <span class='ocrx_word' id='word_1_584' title='bbox 1737 1482 1836 1516; x_wconf 89' lang='lat' dir='ltr'>quam</span> 
     </span>
     <span class='ocr_line' id='line_1_99' title="bbox 1078 1510 1834 1561; baseline 0.012 -17"><span class='ocrx_word' id='word_1_585' title='bbox 1078 1510 1171 1545; x_wconf 88' lang='lat' dir='ltr'>domi</span> <span class='ocrx_word' id='word_1_586' title='bbox 1190 1523 1199 1544; x_wconf 92' lang='lat'><strong>:</strong></span> <span class='ocrx_word' id='word_1_587' title='bbox 1224 1513 1344 1556; x_wconf 84' lang='lat' dir='ltr'>trajicit</span> <span class='ocrx_word' id='word_1_588' title='bbox 1358 1511 1436 1559; x_wconf 72' lang='lat' dir='ltr'>ergo</span> <span class='ocrx_word' id='word_1_589' title='bbox 1453 1537 1463 1551; x_wconf 80' lang='lat'>,</span> <span class='ocrx_word' id='word_1_590' title='bbox 1490 1511 1544 1547; x_wconf 90' lang='lat' dir='ltr'>sed</span> <span class='ocrx_word' id='word_1_591' title='bbox 1557 1513 1687 1550; x_wconf 86' lang='lat' dir='ltr'>sinistris</span> <span class='ocrx_word' id='word_1_592' title='bbox 1698 1518 1811 1553; x_wconf 86' lang='lat' dir='ltr'>avibus</span> <span class='ocrx_word' id='word_1_593' title='bbox 1823 1545 1834 1561; x_wconf 85' lang='lat'><em>‚</em></span> 
     </span>
     <span class='ocr_line' id='line_1_100' title="bbox 1078 1559 1835 1612; baseline 0.011 -18"><span class='ocrx_word' id='word_1_594' title='bbox 1078 1559 1204 1594; x_wconf 85' lang='lat' dir='ltr'>flumen</span> <span class='ocrx_word' id='word_1_595' title='bbox 1224 1564 1330 1604; x_wconf 68' lang='lat' dir='ltr'>Cyrus,</span> <span class='ocrx_word' id='word_1_596' title='bbox 1356 1559 1485 1596; x_wconf 80' lang='lat' dir='ltr'>remisso</span> <span class='ocrx_word' id='word_1_597' title='bbox 1505 1562 1544 1598; x_wconf 86' lang='lat' dir='ltr'>ad</span> <span class='ocrx_word' id='word_1_598' title='bbox 1566 1566 1656 1612; x_wconf 78' lang='lat' dir='ltr'>regni</span> <span class='ocrx_word' id='word_1_599' title='bbox 1669 1565 1835 1612; x_wconf 85' lang='lat' dir='ltr'>guberna-</span> 
     </span>
     <span class='ocr_line' id='line_1_101' title="bbox 1078 1608 1834 1659; baseline 0.012 -16"><span class='ocrx_word' id='word_1_600' title='bbox 1078 1611 1150 1644; x_wconf 83' lang='lat' dir='ltr'>cula</span> <span class='ocrx_word' id='word_1_601' title='bbox 1168 1608 1230 1644; x_wconf 65' lang='lat' dir='ltr'>una</span> <span class='ocrx_word' id='word_1_602' title='bbox 1252 1623 1325 1645; x_wconf 87' lang='lat' dir='ltr'>cum</span> <span class='ocrx_word' id='word_1_603' title='bbox 1350 1612 1443 1659; x_wconf 73' lang='lat' dir='ltr'>Croesb</span> <span class='ocrx_word' id='word_1_604' title='bbox 1453 1610 1584 1658; x_wconf 71' lang='lat' dir='ltr'>Cambyfe</span> <span class='ocrx_word' id='word_1_605' title='bbox 1600 1613 1683 1648; x_wconf 84' lang='lat' dir='ltr'>filio.</span> <span class='ocrx_word' id='word_1_606' title='bbox 1711 1616 1834 1652; x_wconf 67' lang='lat' dir='ltr'>Tomiria</span> 
     </span>
     <span class='ocr_line' id='line_1_102' title="bbox 1076 1659 1834 1707; baseline 0.012 -14"><span class='ocrx_word' id='word_1_607' title='bbox 1076 1659 1254 1694; x_wconf 85' lang='lat' dir='ltr'>secundum</span> <span class='ocrx_word' id='word_1_608' title='bbox 1267 1661 1356 1707; x_wconf 63' lang='lat' dir='ltr'>pasta</span> <span class='ocrx_word' id='word_1_609' title='bbox 1368 1662 1487 1696; x_wconf 88' lang='lat' dir='ltr'>recedit</span> <span class='ocrx_word' id='word_1_610' title='bbox 1498 1662 1540 1695; x_wconf 82' lang='lat' dir='ltr'>ab</span> <span class='ocrx_word' id='word_1_611' title='bbox 1552 1663 1632 1697; x_wconf 81' lang='lat' dir='ltr'>Oxo</span> <span class='ocrx_word' id='word_1_612' title='bbox 1645 1663 1834 1702; x_wconf 84' lang='lat' dir='ltr'>triduanum</span> 
     </span>
     <span class='ocr_line' id='line_1_103' title="bbox 1075 1708 1835 1763; baseline 0.012 -21"><span class='ocrx_word' id='word_1_613' title='bbox 1075 1710 1136 1743; x_wconf 90' lang='lat' dir='ltr'>iter</span> <span class='ocrx_word' id='word_1_614' title='bbox 1145 1733 1156 1749; x_wconf 90' lang='lat'>,</span> <span class='ocrx_word' id='word_1_615' title='bbox 1174 1708 1317 1757; x_wconf 87' lang='lat' dir='ltr'>sequitur</span> <span class='ocrx_word' id='word_1_616' title='bbox 1327 1710 1516 1757; x_wconf 85' lang='lat' dir='ltr'>aliquandiu</span> <span class='ocrx_word' id='word_1_617' title='bbox 1528 1715 1626 1753; x_wconf 79' lang='lat' dir='ltr'>Cyrm,</span> <span class='ocrx_word' id='word_1_618' title='bbox 1638 1712 1692 1748; x_wconf 88' lang='lat' dir='ltr'>scd</span> <span class='ocrx_word' id='word_1_619' title='bbox 1703 1728 1741 1749; x_wconf 81' lang='lat' dir='ltr'>ex</span> <span class='ocrx_word' id='word_1_620' title='bbox 1754 1729 1835 1763; x_wconf 89' lang='lat' dir='ltr'>pro-</span> 
     </span>
     <span class='ocr_line' id='line_1_104' title="bbox 1074 1757 1832 1806; baseline 0.011 -13"><span class='ocrx_word' id='word_1_621' title='bbox 1074 1771 1185 1793; x_wconf 89' lang='lat' dir='ltr'>cerum</span> <span class='ocrx_word' id='word_1_622' title='bbox 1206 1757 1346 1793; x_wconf 87' lang='lat' dir='ltr'>consilio</span> <span class='ocrx_word' id='word_1_623' title='bbox 1366 1760 1452 1806; x_wconf 84' lang='lat' dir='ltr'>quasi</span> <span class='ocrx_word' id='word_1_624' title='bbox 1469 1762 1619 1799; x_wconf 85' lang='lat' dir='ltr'>territus,</span> <span class='ocrx_word' id='word_1_625' title='bbox 1645 1769 1778 1799; x_wconf 88' lang='lat' dir='ltr'>recurrit</span> <span class='ocrx_word' id='word_1_626' title='bbox 1792 1765 1832 1801; x_wconf 86' lang='lat' dir='ltr'>ad</span> 
     </span>
     <span class='ocr_line' id='line_1_105' title="bbox 1074 1807 1835 1862; baseline 0.011 -21"><span class='ocrx_word' id='word_1_627' title='bbox 1074 1807 1215 1845; x_wconf 84' lang='lat' dir='ltr'>flumen,</span> <span class='ocrx_word' id='word_1_628' title='bbox 1234 1809 1350 1844; x_wconf 70' lang='lat' dir='ltr'>relictis</span> <span class='ocrx_word' id='word_1_629' title='bbox 1370 1809 1495 1848; x_wconf 83' lang='lat' dir='ltr'>castris,</span> <span class='ocrx_word' id='word_1_630' title='bbox 1521 1822 1700 1858; x_wconf 86' lang='lat' dir='ltr'>paratarum</span> <span class='ocrx_word' id='word_1_631' title='bbox 1719 1816 1835 1862; x_wconf 90' lang='lat' dir='ltr'>epula-</span> 
     </span>
     <span class='ocr_line' id='line_1_106' title="bbox 1073 1857 1833 1911; baseline 0.009 -19"><span class='ocrx_word' id='word_1_632' title='bbox 1073 1870 1144 1892; x_wconf 90' lang='lat' dir='ltr'>rum</span> <span class='ocrx_word' id='word_1_633' title='bbox 1167 1862 1199 1893; x_wconf 70' lang='grc' dir='ltr'>δε</span> <span class='ocrx_word' id='word_1_634' title='bbox 1215 1857 1672 1902; x_wconf 77' lang='lat' dir='ltr'>generofiffimivinirefertis.</span> <span class='ocrx_word' id='word_1_635' title='bbox 1695 1864 1833 1911; x_wconf 65' lang='lat' dir='ltr'>Reginae</span> 
     </span>
     <span class='ocr_line' id='line_1_107' title="bbox 1073 1906 1832 1956; baseline 0.008 -15"><span class='ocrx_word' id='word_1_636' title='bbox 1073 1906 1158 1942; x_wconf 85' lang='lat' dir='ltr'>filius</span> <span class='ocrx_word' id='word_1_637' title='bbox 1170 1919 1244 1942; x_wconf 87' lang='lat' dir='ltr'>cum</span> <span class='ocrx_word' id='word_1_638' title='bbox 1265 1906 1357 1942; x_wconf 69' lang='lat' dir='ltr'>tertizi</span> <span class='ocrx_word' id='word_1_639' title='bbox 1369 1910 1538 1956; x_wconf 84' lang='lat' dir='ltr'>copiarum</span> <span class='ocrx_word' id='word_1_640' title='bbox 1559 1920 1646 1955; x_wconf 86' lang='lat' dir='ltr'>parte</span> <span class='ocrx_word' id='word_1_641' title='bbox 1656 1923 1758 1946; x_wconf 85' lang='lat' dir='ltr'>vacua</span> <span class='ocrx_word' id='word_1_642' title='bbox 1770 1926 1832 1947; x_wconf 51' lang='lat' dir='ltr'>ocm</span> 
     </span>
     <span class='ocr_line' id='line_1_108' title="bbox 1073 1955 1833 2006; baseline 0.007 -14"><span class='ocrx_word' id='word_1_643' title='bbox 1073 1969 1194 2005; x_wconf 85' lang='lat' dir='ltr'>cupaus</span> <span class='ocrx_word' id='word_1_644' title='bbox 1206 1956 1317 1997; x_wconf 84' lang='lat' dir='ltr'>castra,</span> <span class='ocrx_word' id='word_1_645' title='bbox 1332 1955 1461 1992; x_wconf 89' lang='lat' dir='ltr'>insueto</span> <span class='ocrx_word' id='word_1_646' title='bbox 1473 1958 1552 1994; x_wconf 89' lang='lat' dir='ltr'>vino</span> <span class='ocrx_word' id='word_1_647' title='bbox 1566 1962 1599 1993; x_wconf 87' lang='lat'>&amp;</span> <span class='ocrx_word' id='word_1_648' title='bbox 1611 1962 1713 2006; x_wconf 85' lang='lat' dir='ltr'>epulis</span> <span class='ocrx_word' id='word_1_649' title='bbox 1723 1962 1833 1996; x_wconf 86' lang='lat' dir='ltr'>indul-</span> 
     </span>
     <span class='ocr_line' id='line_1_109' title="bbox 1072 2008 1831 2054; baseline 0.008 -14"><span class='ocrx_word' id='word_1_650' title='bbox 1072 2018 1130 2054; x_wconf 87' lang='lat' dir='ltr'>get</span> <span class='ocrx_word' id='word_1_651' title='bbox 1151 2019 1226 2041; x_wconf 87' lang='lat' dir='ltr'>cum</span> <span class='ocrx_word' id='word_1_652' title='bbox 1247 2008 1392 2042; x_wconf 85' lang='lat' dir='ltr'>exercitu</span> <span class='ocrx_word' id='word_1_653' title='bbox 1415 2018 1489 2042; x_wconf 88' lang='lat' dir='ltr'>toto</span> <span class='ocrx_word' id='word_1_654' title='bbox 1509 2008 1686 2043; x_wconf 69' lang='lat' dir='ltr'>avidissime</span> <span class='ocrx_word' id='word_1_655' title='bbox 1705 2024 1717 2054; x_wconf 76' lang='lat'>3</span> <span class='ocrx_word' id='word_1_656' title='bbox 1742 2010 1831 2046; x_wconf 84' lang='lat' dir='ltr'>facili</span> 
     </span>
     <span class='ocr_line' id='line_1_110' title="bbox 1072 2055 1832 2106; baseline 0.005 -16"><span class='ocrx_word' id='word_1_657' title='bbox 1072 2069 1150 2104; x_wconf 84' lang='lat' dir='ltr'>ergo</span> <span class='ocrx_word' id='word_1_658' title='bbox 1161 2059 1300 2105; x_wconf 88' lang='lat' dir='ltr'>negotio</span> <span class='ocrx_word' id='word_1_659' title='bbox 1311 2055 1530 2105; x_wconf 85' lang='lat' dir='ltr'>semisepultos</span> <span class='ocrx_word' id='word_1_660' title='bbox 1541 2059 1762 2106; x_wconf 68' lang='lat' dir='ltr'>crapulfiCyrm</span> <span class='ocrx_word' id='word_1_661' title='bbox 1769 2061 1832 2098; x_wconf 89' lang='lat' dir='ltr'>ob-</span> 
     </span>
     <span class='ocr_line' id='line_1_111' title="bbox 1072 2106 1829 2156; baseline 0.007 -16"><span class='ocrx_word' id='word_1_662' title='bbox 1072 2117 1200 2141; x_wconf 86' lang='lat' dir='ltr'>truncat</span> <span class='ocrx_word' id='word_1_663' title='bbox 1217 2106 1368 2151; x_wconf 18' lang='lat' dir='ltr'>advunum</span> <span class='ocrx_word' id='word_1_664' title='bbox 1380 2107 1513 2154; x_wconf 85' lang='lat' dir='ltr'>Reginae</span> <span class='ocrx_word' id='word_1_665' title='bbox 1525 2106 1628 2142; x_wconf 85' lang='lat' dir='ltr'>filium</span> <span class='ocrx_word' id='word_1_666' title='bbox 1638 2132 1648 2148; x_wconf 92' lang='lat'><strong>,</strong></span> <span class='ocrx_word' id='word_1_667' title='bbox 1665 2122 1762 2156; x_wconf 86' lang='lat' dir='ltr'>quem</span> <span class='ocrx_word' id='word_1_668' title='bbox 1774 2123 1829 2145; x_wconf 81' lang='lat' dir='ltr'>ca-</span> 
     </span>
     <span class='ocr_line' id='line_1_112' title="bbox 1076 2155 1828 2205; baseline 0.001 -15"><span class='ocrx_word' id='word_1_669' title='bbox 1076 2157 1205 2202; x_wconf 86' lang='lat' dir='ltr'>ptivum</span> <span class='ocrx_word' id='word_1_670' title='bbox 1217 2157 1250 2190; x_wconf 90' lang='lat' dir='ltr'>in</span> <span class='ocrx_word' id='word_1_671' title='bbox 1263 2158 1400 2191; x_wconf 88' lang='lat' dir='ltr'>vinculis</span> <span class='ocrx_word' id='word_1_672' title='bbox 1418 2157 1571 2195; x_wconf 83' lang='lat' dir='ltr'>retinuit3</span> <span class='ocrx_word' id='word_1_673' title='bbox 1596 2155 1649 2191; x_wconf 90' lang='lat' dir='ltr'>hic</span> <span class='ocrx_word' id='word_1_674' title='bbox 1660 2170 1733 2191; x_wconf 90' lang='lat' dir='ltr'>cum</span> <span class='ocrx_word' id='word_1_675' title='bbox 1751 2171 1828 2205; x_wconf 86' lang='lat' dir='ltr'>pre-</span> 
     </span>
     <span class='ocr_line' id='line_1_113' title="bbox 1072 2204 1829 2255; baseline 0.007 -18"><span class='ocrx_word' id='word_1_676' title='bbox 1072 2205 1165 2239; x_wconf 91' lang='lat' dir='ltr'>cibus</span> <span class='ocrx_word' id='word_1_677' title='bbox 1178 2204 1375 2251; x_wconf 62' lang='lat' dir='ltr'>impetrfiffet</span> <span class='ocrx_word' id='word_1_678' title='bbox 1385 2206 1472 2238; x_wconf 83' lang='lat' dir='ltr'>laxas</span> <span class='ocrx_word' id='word_1_679' title='bbox 1484 2216 1599 2238; x_wconf 89' lang='lat' dir='ltr'>manus</span> <span class='ocrx_word' id='word_1_680' title='bbox 1611 2230 1621 2245; x_wconf 91' lang='lat'>‚</span> <span class='ocrx_word' id='word_1_681' title='bbox 1651 2205 1829 2255; x_wconf 82' lang='lat' dir='ltr'>semetipse</span> 
     </span>
     <span class='ocr_line' id='line_1_114' title="bbox 1071 2251 1830 2300; baseline 0.007 -13"><span class='ocrx_word' id='word_1_682' title='bbox 1071 2253 1160 2287; x_wconf 89' lang='lat' dir='ltr'>dedit</span> <span class='ocrx_word' id='word_1_683' title='bbox 1172 2254 1265 2286; x_wconf 90' lang='lat' dir='ltr'>neci:</span> <span class='ocrx_word' id='word_1_684' title='bbox 1289 2254 1411 2287; x_wconf 75' lang='lat' dir='ltr'>irritata</span> <span class='ocrx_word' id='word_1_685' title='bbox 1422 2254 1525 2300; x_wconf 79' lang='lat' dir='ltr'>magis</span> <span class='ocrx_word' id='word_1_686' title='bbox 1536 2251 1635 2300; x_wconf 66' lang='lat' dir='ltr'>quam</span> <span class='ocrx_word' id='word_1_687' title='bbox 1647 2258 1758 2291; x_wconf 88' lang='lat' dir='ltr'>territa</span> <span class='ocrx_word' id='word_1_688' title='bbox 1765 2258 1830 2291; x_wconf 83' lang='lat' dir='ltr'><em>‘To-</em></span> 
     </span>
     <span class='ocr_line' id='line_1_115' title="bbox 1068 2300 1827 2352; baseline 0.011 -18"><span class='ocrx_word' id='word_1_689' title='bbox 1068 2301 1146 2335; x_wconf 50' lang='lat' dir='ltr'>miriff</span> <span class='ocrx_word' id='word_1_690' title='bbox 1163 2300 1222 2335; x_wconf 87' lang='lat' dir='ltr'>hac</span> <span class='ocrx_word' id='word_1_691' title='bbox 1241 2301 1355 2338; x_wconf 86' lang='lat' dir='ltr'>clade,</span> <span class='ocrx_word' id='word_1_692' title='bbox 1376 2303 1494 2337; x_wconf 87' lang='lat' dir='ltr'>iterum</span> <span class='ocrx_word' id='word_1_693' title='bbox 1512 2315 1568 2350; x_wconf 87' lang='lat' dir='ltr'>per</span> <span class='ocrx_word' id='word_1_694' title='bbox 1580 2305 1709 2352; x_wconf 82' lang='lat' dir='ltr'>legatos</span> <span class='ocrx_word' id='word_1_695' title='bbox 1724 2306 1762 2340; x_wconf 86' lang='lat' dir='ltr'>ad</span> <span class='ocrx_word' id='word_1_696' title='bbox 1774 2306 1827 2342; x_wconf 78' lang='lat' dir='ltr'>sua</span> 
     </span>
     <span class='ocr_line' id='line_1_116' title="bbox 1067 2349 1826 2396; baseline 0.008 -12"><span class='ocrx_word' id='word_1_697' title='bbox 1067 2349 1259 2395; x_wconf 81' lang='lat' dir='ltr'>redirejuffit</span> <span class='ocrx_word' id='word_1_698' title='bbox 1275 2357 1380 2395; x_wconf 81' lang='lat' dir='ltr'>Cyrum</span> <span class='ocrx_word' id='word_1_699' title='bbox 1391 2376 1402 2392; x_wconf 87' lang='lat'>‚</span> <span class='ocrx_word' id='word_1_700' title='bbox 1428 2355 1462 2386; x_wconf 89' lang='lat'>&amp;</span> <span class='ocrx_word' id='word_1_701' title='bbox 1473 2351 1631 2388; x_wconf 85' lang='lat' dir='ltr'>abstinere</span> <span class='ocrx_word' id='word_1_702' title='bbox 1641 2354 1682 2389; x_wconf 88' lang='lat' dir='ltr'>ab</span> <span class='ocrx_word' id='word_1_703' title='bbox 1690 2356 1801 2390; x_wconf 90' lang='lat' dir='ltr'>alieno</span> <span class='ocrx_word' id='word_1_704' title='bbox 1812 2373 1826 2396; x_wconf 63' lang='grc' dir='ltr'><strong><em>ς</em></strong></span> 
     </span>
     <span class='ocr_line' id='line_1_117' title="bbox 1068 2398 1824 2451; baseline 0.009 -18"><span class='ocrx_word' id='word_1_705' title='bbox 1068 2398 1144 2434; x_wconf 75' lang='lat' dir='ltr'>cum</span> <span class='ocrx_word' id='word_1_706' title='bbox 1156 2413 1224 2435; x_wconf 90' lang='lat' dir='ltr'>non</span> <span class='ocrx_word' id='word_1_707' title='bbox 1237 2398 1399 2448; x_wconf 85' lang='lat' dir='ltr'>patuisset,</span> <span class='ocrx_word' id='word_1_708' title='bbox 1410 2402 1530 2436; x_wconf 88' lang='lat' dir='ltr'>accedit</span> <span class='ocrx_word' id='word_1_709' title='bbox 1541 2414 1617 2437; x_wconf 88' lang='lat' dir='ltr'>cum</span> <span class='ocrx_word' id='word_1_710' title='bbox 1630 2406 1734 2451; x_wconf 88' lang='lat' dir='ltr'>copiis</span> <span class='ocrx_word' id='word_1_711' title='bbox 1747 2406 1824 2440; x_wconf 82' lang='lat' dir='ltr'>Dux</span> 
     </span>
     <span class='ocr_line' id='line_1_118' title="bbox 1066 2449 1821 2500; baseline 0.007 -16"><span class='ocrx_word' id='word_1_712' title='bbox 1066 2449 1223 2490; x_wconf 77' lang='lat' dir='ltr'>foemina3</span> <span class='ocrx_word' id='word_1_713' title='bbox 1249 2462 1382 2485; x_wconf 86' lang='lat' dir='ltr'>cruenta</span> <span class='ocrx_word' id='word_1_714' title='bbox 1401 2450 1454 2489; x_wconf 84' lang='lat' dir='ltr'>fit,</span> <span class='ocrx_word' id='word_1_715' title='bbox 1469 2449 1491 2484; x_wconf 85' lang='lat' dir='ltr'>fi</span> <span class='ocrx_word' id='word_1_716' title='bbox 1513 2464 1575 2499; x_wconf 83' lang='lat' dir='ltr'>qua</span> <span class='ocrx_word' id='word_1_717' title='bbox 1587 2452 1659 2488; x_wconf 70' lang='lat' dir='ltr'>alias</span> <span class='ocrx_word' id='word_1_718' title='bbox 1673 2467 1821 2500; x_wconf 85' lang='lat' dir='ltr'>unquam</span> 
     </span>
    </p>

    <p class='ocr_par' dir='ltr' id='par_1_20' title="bbox 1065 2499 1821 2547">
     <span class='ocr_line' id='line_1_119' title="bbox 1065 2499 1821 2547; baseline 0.005 -14"><span class='ocrx_word' id='word_1_719' title='bbox 1065 2512 1174 2547; x_wconf 84' lang='lat' dir='ltr'>pugna</span> <span class='ocrx_word' id='word_1_720' title='bbox 1199 2523 1209 2539; x_wconf 91' lang='lat'>,</span> <span class='ocrx_word' id='word_1_721' title='bbox 1238 2500 1409 2535; x_wconf 88' lang='lat' dir='ltr'>occumbit</span> <span class='ocrx_word' id='word_1_722' title='bbox 1446 2499 1510 2535; x_wconf 67' lang='lat' dir='ltr'>und</span> <span class='ocrx_word' id='word_1_723' title='bbox 1530 2514 1604 2536; x_wconf 89' lang='lat' dir='ltr'>cum</span> <span class='ocrx_word' id='word_1_724' title='bbox 1628 2509 1703 2543; x_wconf 82' lang='lat' dir='ltr'>Cyro</span> <span class='ocrx_word' id='word_1_725' title='bbox 1720 2504 1821 2537; x_wconf 78' lang='lat' dir='ltr'>Persi-</span> 
     </span>
    </p>

    <p class='ocr_par' dir='ltr' id='par_1_21' title="bbox 1065 2547 1817 2597">
     <span class='ocr_line' id='line_1_120' title="bbox 1065 2547 1817 2597; baseline 0.005 -15"><span class='ocrx_word' id='word_1_726' title='bbox 1065 2562 1108 2583; x_wconf 90' lang='lat' dir='ltr'>cae</span> <span class='ocrx_word' id='word_1_727' title='bbox 1126 2547 1307 2584; x_wconf 82' lang='lat' dir='ltr'>nobilitatis</span> <span class='ocrx_word' id='word_1_728' title='bbox 1326 2549 1387 2585; x_wconf 87' lang='lat' dir='ltr'>flos</span> <span class='ocrx_word' id='word_1_729' title='bbox 1399 2575 1410 2591; x_wconf 86' lang='lat'>‚</span> <span class='ocrx_word' id='word_1_730' title='bbox 1436 2552 1629 2597; x_wconf 83' lang='lat' dir='ltr'>conquirere</span> <span class='ocrx_word' id='word_1_731' title='bbox 1648 2552 1817 2587; x_wconf 83' lang='lat' dir='ltr'>mandavit</span> 
     </span>
    </p>

    <p class='ocr_par' dir='ltr' id='par_1_22' title="bbox 1063 2599 1818 2647">
     <span class='ocr_line' id='line_1_121' title="bbox 1063 2599 1818 2647; baseline 0.005 -15"><span class='ocrx_word' id='word_1_732' title='bbox 1063 2599 1193 2646; x_wconf 81' lang='lat' dir='ltr'>Regina</span> <span class='ocrx_word' id='word_1_733' title='bbox 1204 2600 1316 2633; x_wconf 66' lang='lat' dir='ltr'>viCtrix</span> <span class='ocrx_word' id='word_1_734' title='bbox 1327 2599 1459 2633; x_wconf 81' lang='lat' dir='ltr'>cadaver</span> <span class='ocrx_word' id='word_1_735' title='bbox 1471 2600 1579 2647; x_wconf 54' lang='lat' dir='ltr'>Cym&amp;</span> <span class='ocrx_word' id='word_1_736' title='bbox 1591 2599 1631 2634; x_wconf 87' lang='lat' dir='ltr'>ab</span> <span class='ocrx_word' id='word_1_737' title='bbox 1641 2602 1818 2636; x_wconf 85' lang='lat' dir='ltr'>inventore</span> 
     </span>
    </p>

    <p class='ocr_par' dir='ltr' id='par_1_23' title="bbox 1063 2646 1818 2693">
     <span class='ocr_line' id='line_1_122' title="bbox 1063 2646 1818 2693; baseline 0.005 -12"><span class='ocrx_word' id='word_1_738' title='bbox 1063 2647 1161 2682; x_wconf 87' lang='lat' dir='ltr'>scindi</span> <span class='ocrx_word' id='word_1_739' title='bbox 1181 2659 1298 2692; x_wconf 89' lang='lat' dir='ltr'>caput,</span> <span class='ocrx_word' id='word_1_740' title='bbox 1316 2647 1406 2693; x_wconf 88' lang='lat' dir='ltr'>quod</span> <span class='ocrx_word' id='word_1_741' title='bbox 1427 2648 1480 2681; x_wconf 78' lang='lat' dir='ltr'>illa</span> <span class='ocrx_word' id='word_1_742' title='bbox 1500 2646 1561 2682; x_wconf 88' lang='lat' dir='ltr'>suis</span> <span class='ocrx_word' id='word_1_743' title='bbox 1585 2650 1735 2685; x_wconf 85' lang='lat' dir='ltr'>manibus</span> <span class='ocrx_word' id='word_1_744' title='bbox 1757 2651 1818 2686; x_wconf 75' lang='lat' dir='ltr'>vasi</span> 
     </span>
    </p>

    <p class='ocr_par' dir='ltr' id='par_1_24' title="bbox 1063 2695 1818 2744">
     <span class='ocr_line' id='line_1_123' title="bbox 1063 2695 1818 2744; baseline 0.009 -15"><span class='ocrx_word' id='word_1_745' title='bbox 1063 2695 1207 2730; x_wconf 86' lang='lat' dir='ltr'>humano</span> <span class='ocrx_word' id='word_1_746' title='bbox 1218 2695 1376 2744; x_wconf 83' lang='lat' dir='ltr'>sanguine</span> <span class='ocrx_word' id='word_1_747' title='bbox 1388 2697 1484 2743; x_wconf 84' lang='lat' dir='ltr'>pleno</span> <span class='ocrx_word' id='word_1_748' title='bbox 1496 2698 1663 2743; x_wconf 73' lang='lat' dir='ltr'>injicien53</span> <span class='ocrx_word' id='word_1_749' title='bbox 1680 2702 1763 2735; x_wconf 84' lang='lat' dir='ltr'>Satia</span> <span class='ocrx_word' id='word_1_750' title='bbox 1773 2711 1818 2736; x_wconf 86' lang='lat' dir='ltr'>te,</span> 
     </span>
    </p>

    <p class='ocr_par' dir='ltr' id='par_1_25' title="bbox 1061 2744 1560 2795">
     <span class='ocr_line' id='line_1_124' title="bbox 1061 2744 1560 2795; baseline 0.008 -17"><span class='ocrx_word' id='word_1_751' title='bbox 1061 2745 1154 2793; x_wconf 81' lang='lat' dir='ltr'>inquit</span> <span class='ocrx_word' id='word_1_752' title='bbox 1164 2769 1173 2783; x_wconf 80' lang='grc'><em>,</em></span> <span class='ocrx_word' id='word_1_753' title='bbox 1188 2758 1284 2793; x_wconf 88' lang='lat' dir='ltr'>quem</span> <span class='ocrx_word' id='word_1_754' title='bbox 1297 2744 1383 2780; x_wconf 76' lang='lat' dir='ltr'>sitisti</span> <span class='ocrx_word' id='word_1_755' title='bbox 1396 2744 1560 2795; x_wconf 79' lang='lat' dir='ltr'>sanguine.</span> 
     </span>
    </p>
   </div>
   <div class='ocr_carea' id='block_1_18' title="bbox 1115 2795 1937 2845">
    <p class='ocr_par' dir='ltr' id='par_1_26' title="bbox 1115 2795 1937 2845">
     <span class='ocr_line' id='line_1_125' title="bbox 1115 2795 1937 2845; baseline 0.005 -17"><span class='ocrx_word' id='word_1_756' title='bbox 1115 2795 1278 2829; x_wconf 70' lang='lat' dir='ltr'>Nunciatfi</span> <span class='ocrx_word' id='word_1_757' title='bbox 1294 2796 1359 2840; x_wconf 70' lang='lat' dir='ltr'>Cyri</span> <span class='ocrx_word' id='word_1_758' title='bbox 1373 2796 1456 2830; x_wconf 83' lang='lat' dir='ltr'>caede</span> <span class='ocrx_word' id='word_1_759' title='bbox 1467 2798 1622 2845; x_wconf 85' lang='lat' dir='ltr'>Regnum</span> <span class='ocrx_word' id='word_1_760' title='bbox 1635 2796 1759 2845; x_wconf 79' lang='lat' dir='ltr'>capeslit</span> <span class='ocrx_word' id='word_1_761' title='bbox 1772 2797 1812 2832; x_wconf 86' lang='lat' dir='ltr'>fi-</span> <span class='ocrx_word' id='word_1_762' title='bbox 1836 2803 1937 2832; x_wconf 68' lang='lat' dir='ltr'>Invadit</span> 
     </span>
    </p>
   </div>
   <div class='ocr_carea' id='block_1_19' title="bbox 1062 2842 1971 2924">
    <p class='ocr_par' dir='ltr' id='par_1_27' title="bbox 1062 2842 1971 2924">
     <span class='ocr_line' id='line_1_126' title="bbox 1062 2842 1971 2924; baseline 0.006 -47"><span class='ocrx_word' id='word_1_763' title='bbox 1062 2844 1123 2878; x_wconf 88' lang='lat' dir='ltr'>lius</span> <span class='ocrx_word' id='word_1_764' title='bbox 1136 2842 1291 2892; x_wconf 76' lang='lat' dir='ltr'>Cambyses,</span> <span class='ocrx_word' id='word_1_765' title='bbox 1303 2857 1398 2893; x_wconf 83' lang='lat' dir='ltr'>urget</span> <span class='ocrx_word' id='word_1_766' title='bbox 1411 2845 1464 2880; x_wconf 89' lang='lat' dir='ltr'>ille</span> <span class='ocrx_word' id='word_1_767' title='bbox 1475 2849 1570 2893; x_wconf 86' lang='lat' dir='ltr'>patris</span> <span class='ocrx_word' id='word_1_768' title='bbox 1583 2858 1706 2893; x_wconf 84' lang='lat' dir='ltr'>coepta;</span> <span class='ocrx_word' id='word_1_769' title='bbox 1717 2852 1812 2890; x_wconf 61' lang='lat' dir='ltr'>AEgv-</span> <span class='ocrx_word' id='word_1_770' title='bbox 1834 2846 1971 2924; x_wconf 48' lang='grc' dir='ltr'>ἐῖᾎῗῖ,</span> 
     </span>
     <span class='ocr_line' id='line_1_127' title="bbox 1871 2898 1966 2914; baseline 0 0"><span class='ocrx_word' id='word_1_771' title='bbox 1871 2899 1891 2914; x_wconf 76' lang='lat' dir='ltr'>m</span> <span class='ocrx_word' id='word_1_772' title='bbox 1936 2898 1946 2913; x_wconf 56' lang='grc' dir='ltr'><em>Ρ</em></span> <span class='ocrx_word' id='word_1_773' title='bbox 1961 2907 1966 2914; x_wconf 77' lang='grc' dir='ltr'>ι</span> 
     </span>
    </p>
   </div>
   <div class='ocr_carea' id='block_1_20' title="bbox 1756 2887 1786 2896">
    <p class='ocr_par' dir='ltr' id='par_1_28' title="bbox 1756 2887 1786 2896">
     <span class='ocr_line' id='line_1_128' title="bbox 1756 2887 1786 2896; baseline 0 -3"><span class='ocrx_word' id='word_1_774' title='bbox 1756 2887 1786 2896; x_wconf 49' lang='lat'>„-</span> 
     </span>
    </p>
   </div>
   <div class='ocr_carea' id='block_1_21' title="bbox 1055 2894 1815 3277">
    <p class='ocr_par' dir='ltr' id='par_1_29' title="bbox 1055 2894 1815 3236">
     <span class='ocr_line' id='line_1_129' title="bbox 1062 2894 1815 2943; baseline 0.008 -16"><span class='ocrx_word' id='word_1_775' title='bbox 1062 2895 1138 2940; x_wconf 85' lang='lat' dir='ltr'>ptiis</span> <span class='ocrx_word' id='word_1_776' title='bbox 1151 2894 1326 2928; x_wconf 85' lang='lat' dir='ltr'>denunciat</span> <span class='ocrx_word' id='word_1_777' title='bbox 1346 2896 1465 2929; x_wconf 87' lang='lat' dir='ltr'>bellum</span> <span class='ocrx_word' id='word_1_778' title='bbox 1478 2919 1487 2934; x_wconf 91' lang='lat'><em>‚</em></span> <span class='ocrx_word' id='word_1_779' title='bbox 1506 2897 1628 2939; x_wconf 66' lang='lat' dir='ltr'>injuriae</span> <span class='ocrx_word' id='word_1_780' title='bbox 1639 2907 1815 2943; x_wconf 66' lang='lat' dir='ltr'>praetexens</span> 
     </span>
     <span class='ocr_line' id='line_1_130' title="bbox 1061 2943 1814 2993; baseline 0.009 -16"><span class='ocrx_word' id='word_1_781' title='bbox 1061 2944 1268 2977; x_wconf 69' lang='lat' dir='ltr'>contumeliae</span> <span class='ocrx_word' id='word_1_782' title='bbox 1279 2943 1333 2977; x_wconf 86' lang='lat' dir='ltr'>sibi</span> <span class='ocrx_word' id='word_1_783' title='bbox 1344 2944 1542 2991; x_wconf 74' lang='lat' dir='ltr'>abAEgyptiis</span> <span class='ocrx_word' id='word_1_784' title='bbox 1553 2945 1649 2978; x_wconf 71' lang='lat' dir='ltr'>illatae</span> <span class='ocrx_word' id='word_1_785' title='bbox 1660 2944 1814 2993; x_wconf 80' lang='lat' dir='ltr'>speciem.</span> 
     </span>
     <span class='ocr_line' id='line_1_131' title="bbox 1060 2991 1812 3040; baseline 0.008 -14"><span class='ocrx_word' id='word_1_786' title='bbox 1060 2991 1274 3026; x_wconf 86' lang='lat' dir='ltr'>Postulaverat</span> <span class='ocrx_word' id='word_1_787' title='bbox 1285 2992 1325 3026; x_wconf 87' lang='lat' dir='ltr'>ab</span> <span class='ocrx_word' id='word_1_788' title='bbox 1338 2995 1445 3038; x_wconf 69' lang='lat' dir='ltr'>Amasi</span> <span class='ocrx_word' id='word_1_789' title='bbox 1461 2993 1550 3040; x_wconf 80' lang='lat' dir='ltr'>Rege</span> <span class='ocrx_word' id='word_1_790' title='bbox 1561 2992 1661 3028; x_wconf 82' lang='lat' dir='ltr'>filiam</span> <span class='ocrx_word' id='word_1_791' title='bbox 1684 2998 1716 3030; x_wconf 90' lang='lat' dir='ltr'>in</span> <span class='ocrx_word' id='word_1_792' title='bbox 1728 3011 1812 3032; x_wconf 84' lang='lat' dir='ltr'>uxo-</span> 
     </span>
     <span class='ocr_line' id='line_1_132' title="bbox 1059 3041 1810 3081; baseline 0.009 -8"><span class='ocrx_word' id='word_1_793' title='bbox 1059 3054 1125 3077; x_wconf 80' lang='lat' dir='ltr'>rem</span> <span class='ocrx_word' id='word_1_794' title='bbox 1136 3064 1144 3076; x_wconf 89' lang='lat'>,</span> <span class='ocrx_word' id='word_1_795' title='bbox 1155 3052 1300 3075; x_wconf 84' lang='lat' dir='ltr'>metuens</span> <span class='ocrx_word' id='word_1_796' title='bbox 1312 3041 1364 3074; x_wconf 81' lang='lat' dir='ltr'>hic</span> <span class='ocrx_word' id='word_1_797' title='bbox 1375 3053 1415 3074; x_wconf 85' lang='lat' dir='ltr'>ne</span> <span class='ocrx_word' id='word_1_798' title='bbox 1431 3043 1523 3076; x_wconf 80' lang='lat' dir='ltr'>Persa</span> <span class='ocrx_word' id='word_1_799' title='bbox 1536 3042 1635 3077; x_wconf 74' lang='lat' dir='ltr'>filiani</span> <span class='ocrx_word' id='word_1_800' title='bbox 1648 3047 1810 3081; x_wconf 77' lang='lat' dir='ltr'>concubi-</span> 
     </span>
     <span class='ocr_line' id='line_1_133' title="bbox 1058 3088 1811 3142; baseline 0.008 -18"><span class='ocrx_word' id='word_1_801' title='bbox 1058 3104 1106 3126; x_wconf 77' lang='lat' dir='ltr'>rice</span> <span class='ocrx_word' id='word_1_802' title='bbox 1117 3091 1192 3124; x_wconf 85' lang='lat' dir='ltr'>loco</span> <span class='ocrx_word' id='word_1_803' title='bbox 1204 3088 1332 3124; x_wconf 76' lang='lat' dir='ltr'>tautum</span> <span class='ocrx_word' id='word_1_804' title='bbox 1347 3089 1478 3124; x_wconf 84' lang='lat' dir='ltr'>liaberet</span> <span class='ocrx_word' id='word_1_805' title='bbox 1491 3116 1499 3130; x_wconf 93' lang='lat'>‚</span> <span class='ocrx_word' id='word_1_806' title='bbox 1518 3105 1575 3137; x_wconf 77' lang='lat' dir='ltr'>pro</span> <span class='ocrx_word' id='word_1_807' title='bbox 1588 3092 1637 3127; x_wconf 51' lang='lat' dir='ltr'>susi</span> <span class='ocrx_word' id='word_1_808' title='bbox 1648 3093 1811 3142; x_wconf 84' lang='lat' dir='ltr'>supposuit</span> 
     </span>
     <span class='ocr_line' id='line_1_134' title="bbox 1055 3137 1810 3186; baseline 0.007 -12"><span class='ocrx_word' id='word_1_809' title='bbox 1055 3141 1185 3174; x_wconf 71' lang='lat' dir='ltr'>Niceten</span> <span class='ocrx_word' id='word_1_810' title='bbox 1197 3139 1321 3185; x_wconf 60' lang='lat' dir='ltr'>efspryis</span> <span class='ocrx_word' id='word_1_811' title='bbox 1340 3137 1355 3172; x_wconf 71' lang='lat' dir='ltr'>a</span> <span class='ocrx_word' id='word_1_812' title='bbox 1375 3137 1403 3172; x_wconf 87' lang='lat' dir='ltr'>se</span> <span class='ocrx_word' id='word_1_813' title='bbox 1415 3139 1552 3186; x_wconf 79' lang='lat' dir='ltr'>depositi</span> <span class='ocrx_word' id='word_1_814' title='bbox 1576 3143 1721 3184; x_wconf 64' lang='lat' dir='ltr'>thimio,-</span> <span class='ocrx_word' id='word_1_815' title='bbox 1743 3145 1810 3179; x_wconf 78' lang='lat' dir='ltr'>haec</span> 
     </span>
     <span class='ocr_line' id='line_1_135' title="bbox 1055 3186 1810 3236; baseline 0.003 -12"><span class='ocrx_word' id='word_1_816' title='bbox 1055 3200 1089 3224; x_wconf 83' lang='lat' dir='ltr'>ut</span> <span class='ocrx_word' id='word_1_817' title='bbox 1100 3190 1137 3225; x_wconf 86' lang='lat' dir='ltr'>ad</span> <span class='ocrx_word' id='word_1_818' title='bbox 1150 3186 1314 3235; x_wconf 70' lang='lat' dir='ltr'>Cambysem</span> <span class='ocrx_word' id='word_1_819' title='bbox 1328 3190 1428 3231; x_wconf 77' lang='lat' dir='ltr'>venit,</span> <span class='ocrx_word' id='word_1_820' title='bbox 1440 3192 1472 3226; x_wconf 82' lang='lat' dir='ltr'>in</span> <span class='ocrx_word' id='word_1_821' title='bbox 1486 3202 1623 3236; x_wconf 67' lang='lat' dir='ltr'>paternae</span> <span class='ocrx_word' id='word_1_822' title='bbox 1635 3194 1810 3229; x_wconf 55' lang='lat' dir='ltr'>vindiffitam</span> 
     </span>
    </p>

    <p class='ocr_par' dir='ltr' id='par_1_30' title="bbox 1713 3242 1807 3277">
     <span class='ocr_line' id='line_1_136' title="bbox 1713 3242 1807 3277; baseline -0.011 -1"><span class='ocrx_word' id='word_1_823' title='bbox 1713 3242 1807 3277; x_wconf 68' lang='lat' dir='ltr'>caedis</span> 
     </span>
    </p>
   </div>
   <div class='ocr_carea' id='block_1_22' title="bbox 1848 1097 2040 1137">
    <p class='ocr_par' dir='ltr' id='par_1_31' title="bbox 1848 1097 2040 1137">
     <span class='ocr_line' id='line_1_137' title="bbox 1848 1097 2040 1137; baseline 0 -14"><span class='ocrx_word' id='word_1_824' title='bbox 1848 1103 1898 1123; x_wconf 72' lang='lat' dir='ltr'>tum</span> <span class='ocrx_word' id='word_1_825' title='bbox 1908 1097 1988 1132; x_wconf 66' lang='lat' dir='ltr'>Cyrus·</span> <span class='ocrx_word' id='word_1_826' title='bbox 2038 1098 2040 1137; x_wconf 59' lang='grc' dir='ltr'>ξ</span> 
     </span>
    </p>
   </div>
   <div class='ocr_carea' id='block_1_23' title="bbox 2021 0 2048 3343">
    <p class='ocr_par' dir='ltr' id='par_1_32' title="bbox 2021 0 2048 3343">
     <span class='ocr_line' id='line_1_138' title="bbox 2021 0 2048 3343; baseline 0 0"><span class='ocrx_word' id='word_1_827' title='bbox 2021 0 2048 3343; x_wconf 95' lang='lat' dir='ltr'> </span> 
     </span>
    </p>
   </div>
  </div>
 </body>
</html>
