<?xml version="1.0" encoding="UTF-8"?>
<!DOCTYPE html PUBLIC "-//W3C//DTD XHTML 1.0 Transitional//EN"
    "http://www.w3.org/TR/xhtml1/DTD/xhtml1-transitional.dtd">
<html xmlns="http://www.w3.org/1999/xhtml" xml:lang="en" lang="en">
 <head>
  <title>
</title>
<meta http-equiv="Content-Type" content="text/html;charset=utf-8" />
  <meta name='ocr-system' content='tesseract 3.04.00' />
  <meta name='ocr-capabilities' content='ocr_page ocr_carea ocr_par ocr_line ocrx_word'/>
</head>
<body>
  <div class='ocr_page' id='page_1' title='image "./operishistoricie00bail_0064.png"; bbox 0 0 2048 3343; ppageno 0'>
   <div class='ocr_carea' id='block_1_1' title="bbox 292 79 1055 148">
    <p class='ocr_par' dir='ltr' id='par_1_1' title="bbox 292 79 1055 148">
     <span class='ocr_line' id='line_1_1' title="bbox 292 79 1055 148; baseline -0.004 -17"><span class='ocrx_word' id='word_1_1' title='bbox 292 98 345 148; x_wconf 59' lang='lat'><strong>34‘</strong></span> <span class='ocrx_word' id='word_1_2' title='bbox 640 79 1055 131; x_wconf 69' lang='lat' dir='ltr'><strong>OessnrsH</strong></span> 
     </span>
    </p>
   </div>
   <div class='ocr_carea' id='block_1_2' title="bbox 285 164 1047 1395">
    <p class='ocr_par' dir='ltr' id='par_1_2' title="bbox 287 164 1047 1001">
     <span class='ocr_line' id='line_1_2' title="bbox 293 164 1046 221; baseline -0.009 -14"><span class='ocrx_word' id='word_1_3' title='bbox 293 171 392 221; x_wconf 64' lang='lat' dir='ltr'><strong>quam</strong></span> <span class='ocrx_word' id='word_1_4' title='bbox 411 167 655 216; x_wconf 83' lang='lat' dir='ltr'><strong>consequentes.</strong></span> <span class='ocrx_word' id='word_1_5' title='bbox 685 169 807 204; x_wconf 87' lang='lat' dir='ltr'><strong>Verum</strong></span> <span class='ocrx_word' id='word_1_6' title='bbox 821 167 866 203; x_wconf 85' lang='lat' dir='ltr'><strong>est</strong></span> <span class='ocrx_word' id='word_1_7' title='bbox 886 168 920 202; x_wconf 90' lang='lat' dir='ltr'><strong>in</strong></span> <span class='ocrx_word' id='word_1_8' title='bbox 931 164 1046 201; x_wconf 59' lang='lat' dir='ltr'><strong>Latina</strong></span> 
     </span>
     <span class='ocr_line' id='line_1_3' title="bbox 294 216 1044 261; baseline -0.007 -6"><span class='ocrx_word' id='word_1_9' title='bbox 294 223 487 255; x_wconf 86' lang='lat' dir='ltr'><strong>Graecorum</strong></span> <span class='ocrx_word' id='word_1_10' title='bbox 498 221 624 253; x_wconf 88' lang='lat' dir='ltr'><strong>Patrum</strong></span> <span class='ocrx_word' id='word_1_11' title='bbox 641 216 750 252; x_wconf 54' lang='lat' dir='ltr'><strong>catenas·</strong></span> <span class='ocrx_word' id='word_1_12' title='bbox 772 218 924 252; x_wconf 76' lang='lat' dir='ltr'><strong>Colonia:</strong></span> <span class='ocrx_word' id='word_1_13' title='bbox 942 226 1044 261; x_wconf 84' lang='lat'><strong>1572.</strong></span> 
     </span>
     <span class='ocr_line' id='line_1_4' title="bbox 293 263 1045 312; baseline -0.008 -7"><span class='ocrx_word' id='word_1_14' title='bbox 293 268 379 305; x_wconf 71' lang='lat' dir='ltr'><strong>editfi</strong></span> <span class='ocrx_word' id='word_1_15' title='bbox 394 266 452 302; x_wconf 88' lang='lat' dir='ltr'><strong>sub</strong></span> <span class='ocrx_word' id='word_1_16' title='bbox 471 268 606 302; x_wconf 88' lang='lat' dir='ltr'><strong>nomine</strong></span> <span class='ocrx_word' id='word_1_17' title='bbox 622 263 734 301; x_wconf 78' lang='lat' dir='ltr'><strong>Theod.</strong></span> <span class='ocrx_word' id='word_1_18' title='bbox 757 268 893 302; x_wconf 84' lang='lat' dir='ltr'><strong>solvitur</strong></span> <span class='ocrx_word' id='word_1_19' title='bbox 911 265 1045 312; x_wconf 86' lang='lat' dir='ltr'><strong>quaestio</strong></span> 
     </span>
     <span class='ocr_line' id='line_1_5' title="bbox 292 312 1046 364; baseline -0.008 -11"><span class='ocrx_word' id='word_1_20' title='bbox 292 318 333 353; x_wconf 88' lang='lat' dir='ltr'><strong>de</strong></span> <span class='ocrx_word' id='word_1_21' title='bbox 342 330 431 353; x_wconf 83' lang='lat' dir='ltr'><strong>anno</strong></span> <span class='ocrx_word' id='word_1_22' title='bbox 446 314 680 364; x_wconf 76' lang='lat' dir='ltr'><strong>septuagesimo</strong></span> <span class='ocrx_word' id='word_1_23' title='bbox 689 315 793 351; x_wconf 73' lang='lat' dir='ltr'><strong>Tharae</strong></span> <span class='ocrx_word' id='word_1_24' title='bbox 803 341 812 357; x_wconf 87' lang='lat'>‚</span> <span class='ocrx_word' id='word_1_25' title='bbox 833 315 875 349; x_wconf 79' lang='lat' dir='ltr'><strong>sic</strong></span> <span class='ocrx_word' id='word_1_26' title='bbox 886 325 920 348; x_wconf 91' lang='lat' dir='ltr'><strong>ut</strong></span> <span class='ocrx_word' id='word_1_27' title='bbox 930 312 1046 349; x_wconf 76' lang='lat' dir='ltr'><strong>eAbra-</strong></span> 
     </span>
     <span class='ocr_line' id='line_1_6' title="bbox 290 362 1044 414; baseline -0.007 -13"><span class='ocrx_word' id='word_1_28' title='bbox 290 366 391 402; x_wconf 81' lang='lat' dir='ltr'><strong>hamus</strong></span> <span class='ocrx_word' id='word_1_29' title='bbox 403 379 471 401; x_wconf 90' lang='lat' dir='ltr'><strong>non</strong></span> <span class='ocrx_word' id='word_1_30' title='bbox 485 365 581 401; x_wconf 86' lang='lat' dir='ltr'><strong>fuerit</strong></span> <span class='ocrx_word' id='word_1_31' title='bbox 596 363 702 414; x_wconf 74' lang='lat' dir='ltr'><strong>primo</strong></span> <span class='ocrx_word' id='word_1_32' title='bbox 721 363 773 400; x_wconf 89' lang='lat' dir='ltr'><strong>sed</strong></span> <span class='ocrx_word' id='word_1_33' title='bbox 787 362 906 400; x_wconf 74' lang='lat' dir='ltr'><strong>ultimo</strong></span> <span class='ocrx_word' id='word_1_34' title='bbox 916 365 1044 411; x_wconf 86' lang='lat' dir='ltr'><strong>genitus</strong></span> 
     </span>
     <span class='ocr_line' id='line_1_7' title="bbox 290 411 1044 462; baseline -0.005 -12"><span class='ocrx_word' id='word_1_35' title='bbox 290 412 411 457; x_wconf 59' lang='lat' dir='ltr'><strong>Tharne,</strong></span> <span class='ocrx_word' id='word_1_36' title='bbox 426 413 523 462; x_wconf 67' lang='lat' dir='ltr'><strong>quam</strong></span> <span class='ocrx_word' id='word_1_37' title='bbox 537 428 648 462; x_wconf 87' lang='lat' dir='ltr'><strong>parum</strong></span> <span class='ocrx_word' id='word_1_38' title='bbox 660 414 725 449; x_wconf 87' lang='lat' dir='ltr'><strong>hoc</strong></span> <span class='ocrx_word' id='word_1_39' title='bbox 740 415 834 450; x_wconf 84' lang='lat' dir='ltr'><strong>faciat</strong></span> <span class='ocrx_word' id='word_1_40' title='bbox 846 413 883 448; x_wconf 92' lang='lat' dir='ltr'><strong>ad</strong></span> <span class='ocrx_word' id='word_1_41' title='bbox 896 411 1044 459; x_wconf 83' lang='lat' dir='ltr'><strong>quaestio-</strong></span> 
     </span>
     <span class='ocr_line' id='line_1_8' title="bbox 291 461 1044 513; baseline -0.007 -13"><span class='ocrx_word' id='word_1_42' title='bbox 291 478 367 500; x_wconf 90' lang='lat' dir='ltr'><strong>nem</strong></span> <span class='ocrx_word' id='word_1_43' title='bbox 387 465 475 513; x_wconf 71' lang='lat' dir='ltr'><strong>supra</strong></span> <span class='ocrx_word' id='word_1_44' title='bbox 500 465 637 499; x_wconf 67' lang='lat' dir='ltr'><strong>dietum.</strong></span> <span class='ocrx_word' id='word_1_45' title='bbox 672 464 733 498; x_wconf 87' lang='lat' dir='ltr'><strong>Sed</strong></span> <span class='ocrx_word' id='word_1_46' title='bbox 755 466 789 499; x_wconf 88' lang='lat' dir='ltr'><strong>in</strong></span> <span class='ocrx_word' id='word_1_47' title='bbox 808 461 969 512; x_wconf 85' lang='lat' dir='ltr'><strong>praesentia</strong></span> <span class='ocrx_word' id='word_1_48' title='bbox 995 475 1044 496; x_wconf 89' lang='lat' dir='ltr'><strong>re-</strong></span> 
     </span>
     <span class='ocr_line' id='line_1_9' title="bbox 291 508 1047 562; baseline -0.008 -14"><span class='ocrx_word' id='word_1_49' title='bbox 291 513 441 562; x_wconf 84' lang='lat' dir='ltr'>spondeo</span> <span class='ocrx_word' id='word_1_50' title='bbox 461 538 471 555; x_wconf 84' lang='lat'>,</span> <span class='ocrx_word' id='word_1_51' title='bbox 500 513 593 548; x_wconf 92' lang='lat' dir='ltr'><strong>illum</strong></span> <span class='ocrx_word' id='word_1_52' title='bbox 619 512 736 551; x_wconf 74' lang='lat' dir='ltr'><strong>Theod.</strong></span> <span class='ocrx_word' id='word_1_53' title='bbox 761 524 966 561; x_wconf 86' lang='lat' dir='ltr'>nequaquam</span> <span class='ocrx_word' id='word_1_54' title='bbox 990 508 1047 543; x_wconf 80' lang='lat' dir='ltr'><strong>effe</strong></span> 
     </span>
     <span class='ocr_line' id='line_1_10' title="bbox 289 559 1047 609; baseline -0.008 -11"><span class='ocrx_word' id='word_1_55' title='bbox 289 562 503 601; x_wconf 83' lang='lat' dir='ltr'><strong>&#39;Theodoretum</strong></span> <span class='ocrx_word' id='word_1_56' title='bbox 516 588 526 604; x_wconf 93' lang='lat'>‚</span> <span class='ocrx_word' id='word_1_57' title='bbox 552 561 607 598; x_wconf 86' lang='lat' dir='ltr'><strong>sed</strong></span> <span class='ocrx_word' id='word_1_58' title='bbox 630 560 812 598; x_wconf 81' lang='lat' dir='ltr'><strong>Theodorum</strong></span> <span class='ocrx_word' id='word_1_59' title='bbox 830 580 839 604; x_wconf 79' lang='lat'>5</span> <span class='ocrx_word' id='word_1_60' title='bbox 868 564 924 609; x_wconf 88' lang='lat' dir='ltr'><strong>qui</strong></span> <span class='ocrx_word' id='word_1_61' title='bbox 945 559 1047 606; x_wconf 80' lang='lat' dir='ltr'><strong>qualis</strong></span> 
     </span>
     <span class='ocr_line' id='line_1_11' title="bbox 289 611 1045 661; baseline -0.011 -13"><span class='ocrx_word' id='word_1_62' title='bbox 289 611 407 654; x_wconf 88' lang='lat' dir='ltr'><strong>fuerit,</strong></span> <span class='ocrx_word' id='word_1_63' title='bbox 425 624 621 661; x_wconf 74' lang='lat' dir='ltr'><strong>quantaeque</strong></span> <span class='ocrx_word' id='word_1_64' title='bbox 642 614 856 650; x_wconf 63' lang='lat' dir='ltr'><strong>mamimus,</strong></span> <span class='ocrx_word' id='word_1_65' title='bbox 873 619 927 643; x_wconf 88' lang='lat' dir='ltr'><strong>aut</strong></span> <span class='ocrx_word' id='word_1_66' title='bbox 944 620 1045 655; x_wconf 88' lang='lat' dir='ltr'><strong>quan-</strong></span> 
     </span>
     <span class='ocr_line' id='line_1_12' title="bbox 289 657 1045 705; baseline -0.007 -8"><span class='ocrx_word' id='word_1_67' title='bbox 289 662 333 697; x_wconf 89' lang='lat' dir='ltr'><strong>do</strong></span> <span class='ocrx_word' id='word_1_68' title='bbox 343 664 459 697; x_wconf 86' lang='lat' dir='ltr'><strong>vixerit</strong></span> <span class='ocrx_word' id='word_1_69' title='bbox 470 661 589 697; x_wconf 88' lang='lat' dir='ltr'><strong>nescio.</strong></span> <span class='ocrx_word' id='word_1_70' title='bbox 609 662 735 696; x_wconf 85' lang='lat' dir='ltr'>Ibidem</span> <span class='ocrx_word' id='word_1_71' title='bbox 748 660 918 705; x_wconf 88' lang='lat' dir='ltr'><strong>subjicitur</strong></span> <span class='ocrx_word' id='word_1_72' title='bbox 928 658 961 691; x_wconf 90' lang='lat' dir='ltr'><strong>in</strong></span> <span class='ocrx_word' id='word_1_73' title='bbox 975 657 1045 692; x_wconf 84' lang='lat' dir='ltr'><strong>Ca-</strong></span> 
     </span>
     <span class='ocr_line' id='line_1_13' title="bbox 287 706 1043 759; baseline -0.008 -13"><span class='ocrx_word' id='word_1_74' title='bbox 287 709 363 746; x_wconf 62' lang='lat' dir='ltr'><strong>tenzi</strong></span> <span class='ocrx_word' id='word_1_75' title='bbox 383 711 486 759; x_wconf 73' lang='lat' dir='ltr'><strong>longe</strong></span> <span class='ocrx_word' id='word_1_76' title='bbox 498 713 557 746; x_wconf 84' lang='lat' dir='ltr'><strong>alia</strong></span> <span class='ocrx_word' id='word_1_77' title='bbox 580 710 703 745; x_wconf 89' lang='lat' dir='ltr'><strong>solutio</strong></span> <span class='ocrx_word' id='word_1_78' title='bbox 723 709 883 754; x_wconf 83' lang='lat' dir='ltr'><strong>cujusdam</strong></span> <span class='ocrx_word' id='word_1_79' title='bbox 905 706 1043 746; x_wconf 73' lang='lat' dir='ltr'><strong>Diodori,</strong></span> 
     </span>
     <span class='ocr_line' id='line_1_14' title="bbox 290 757 1043 809; baseline -0.007 -14"><span class='ocrx_word' id='word_1_80' title='bbox 290 762 349 809; x_wconf 80' lang='lat' dir='ltr'><strong>qui</strong></span> <span class='ocrx_word' id='word_1_81' title='bbox 357 759 770 808; x_wconf 68' lang='lat' dir='ltr'><strong>Abrahamiprofeftionem</strong></span> <span class='ocrx_word' id='word_1_82' title='bbox 782 760 814 793; x_wconf 91' lang='lat' dir='ltr'><strong>in</strong></span> <span class='ocrx_word' id='word_1_83' title='bbox 827 757 1043 792; x_wconf 79' lang='lat' dir='ltr'><strong>Chananaeam</strong></span> 
     </span>
     <span class='ocr_line' id='line_1_15' title="bbox 291 807 1042 856; baseline -0.008 -12"><span class='ocrx_word' id='word_1_84' title='bbox 291 822 380 844; x_wconf 84' lang='lat' dir='ltr'><strong>anno</strong></span> <span class='ocrx_word' id='word_1_85' title='bbox 392 810 449 844; x_wconf 89' lang='lat' dir='ltr'><strong>suo</strong></span> <span class='ocrx_word' id='word_1_86' title='bbox 463 821 520 856; x_wconf 84' lang='lat'><strong>75.</strong></span> <span class='ocrx_word' id='word_1_87' title='bbox 534 808 633 856; x_wconf 73' lang='lat' dir='ltr'><strong>longe</strong></span> <span class='ocrx_word' id='word_1_88' title='bbox 651 807 727 842; x_wconf 86' lang='lat' dir='ltr'><strong>facit</strong></span> <span class='ocrx_word' id='word_1_89' title='bbox 746 807 933 842; x_wconf 82' lang='lat' dir='ltr'>antecedere</span> <span class='ocrx_word' id='word_1_90' title='bbox 951 818 1042 839; x_wconf 85' lang='lat' dir='ltr'><strong>mor-</strong></span> 
     </span>
     <span class='ocr_line' id='line_1_16' title="bbox 292 850 1042 906; baseline -0.011 -13"><span class='ocrx_word' id='word_1_91' title='bbox 292 869 359 893; x_wconf 87' lang='lat' dir='ltr'><strong>tem</strong></span> <span class='ocrx_word' id='word_1_92' title='bbox 376 855 487 896; x_wconf 83' lang='lat' dir='ltr'><strong>Tharae,</strong></span> <span class='ocrx_word' id='word_1_93' title='bbox 500 860 689 906; x_wconf 87' lang='lat' dir='ltr'><strong>quicunque</strong></span> <span class='ocrx_word' id='word_1_94' title='bbox 708 856 754 890; x_wconf 87' lang='lat' dir='ltr'><strong>illi</strong></span> <span class='ocrx_word' id='word_1_95' title='bbox 767 857 839 891; x_wconf 91' lang='lat' dir='ltr'><strong>sunt</strong></span> <span class='ocrx_word' id='word_1_96' title='bbox 851 855 909 890; x_wconf 91' lang='lat' dir='ltr'><strong>viri</strong></span> <span class='ocrx_word' id='word_1_97' title='bbox 928 850 1042 886; x_wconf 79' lang='lat' dir='ltr'><strong>Theod.</strong></span> 
     </span>
     <span class='ocr_line' id='line_1_17' title="bbox 293 901 1044 954; baseline -0.012 -12"><span class='ocrx_word' id='word_1_98' title='bbox 293 911 329 942; x_wconf 89' lang='lat'>&amp;</span> <span class='ocrx_word' id='word_1_99' title='bbox 341 907 440 941; x_wconf 76' lang='lat' dir='ltr'><strong>‘Diod-</strong></span> <span class='ocrx_word' id='word_1_100' title='bbox 452 909 486 940; x_wconf 91' lang='lat' dir='ltr'><strong>in</strong></span> <span class='ocrx_word' id='word_1_101' title='bbox 508 904 643 942; x_wconf 55' lang='lat' dir='ltr'><strong>Carens,</strong></span> <span class='ocrx_word' id='word_1_102' title='bbox 659 904 741 940; x_wconf 84' lang='lat' dir='ltr'><strong>nihil</strong></span> <span class='ocrx_word' id='word_1_103' title='bbox 752 918 815 954; x_wconf 88' lang='lat' dir='ltr'><strong>ego</strong></span> <span class='ocrx_word' id='word_1_104' title='bbox 827 914 942 940; x_wconf 86' lang='lat' dir='ltr'><strong>corum</strong></span> <span class='ocrx_word' id='word_1_105' title='bbox 953 901 1044 937; x_wconf 90' lang='lat' dir='ltr'><strong>testi-</strong></span> 
     </span>
     <span class='ocr_line' id='line_1_18' title="bbox 290 954 738 1001; baseline -0.004 -11"><span class='ocrx_word' id='word_1_106' title='bbox 290 957 412 990; x_wconf 86' lang='lat' dir='ltr'>moniis</span> <span class='ocrx_word' id='word_1_107' title='bbox 424 954 634 990; x_wconf 91' lang='lat' dir='ltr'><strong>deferendum</strong></span> <span class='ocrx_word' id='word_1_108' title='bbox 647 965 738 1001; x_wconf 86' lang='lat' dir='ltr'><strong>puto.</strong></span> 
     </span>
    </p>

    <p class='ocr_par' dir='ltr' id='par_1_3' title="bbox 285 1000 1045 1395">
     <span class='ocr_line' id='line_1_19' title="bbox 339 1000 1045 1052; baseline -0.007 -13"><span class='ocrx_word' id='word_1_109' title='bbox 339 1003 444 1052; x_wconf 81' lang='lat' dir='ltr'><strong>Qod</strong></span> <span class='ocrx_word' id='word_1_110' title='bbox 463 1005 500 1037; x_wconf 90' lang='lat' dir='ltr'><strong>ad</strong></span> <span class='ocrx_word' id='word_1_111' title='bbox 525 1002 768 1051; x_wconf 69' lang='lat' dir='ltr'><strong>Chrysbstomum‚</strong></span> <span class='ocrx_word' id='word_1_112' title='bbox 796 1000 878 1036; x_wconf 73' lang='lat' dir='ltr'><strong>adeo</strong></span> <span class='ocrx_word' id='word_1_113' title='bbox 904 1000 1045 1049; x_wconf 83' lang='lat' dir='ltr'><strong>negligit</strong></span> 
     </span>
     <span class='ocr_line' id='line_1_20' title="bbox 289 1051 1045 1099; baseline -0.004 -11"><span class='ocrx_word' id='word_1_114' title='bbox 289 1053 434 1088; x_wconf 86' lang='lat' dir='ltr'><strong>nostram</strong></span> <span class='ocrx_word' id='word_1_115' title='bbox 448 1051 672 1099; x_wconf 83' lang='lat' dir='ltr'><strong>quaestionem‚</strong></span> <span class='ocrx_word' id='word_1_116' title='bbox 685 1064 720 1087; x_wconf 90' lang='lat' dir='ltr'><strong>ut</strong></span> <span class='ocrx_word' id='word_1_117' title='bbox 730 1053 763 1086; x_wconf 91' lang='lat' dir='ltr'><strong>in</strong></span> <span class='ocrx_word' id='word_1_118' title='bbox 775 1052 932 1086; x_wconf 87' lang='lat' dir='ltr'><strong>Homiliis</strong></span> <span class='ocrx_word' id='word_1_119' title='bbox 944 1053 1002 1085; x_wconf 87' lang='lat' dir='ltr'><strong>suis</strong></span> <span class='ocrx_word' id='word_1_120' title='bbox 1012 1053 1045 1085; x_wconf 91' lang='lat' dir='ltr'><strong>in</strong></span> 
     </span>
     <span class='ocr_line' id='line_1_21' title="bbox 291 1099 1044 1148; baseline -0.005 -10"><span class='ocrx_word' id='word_1_121' title='bbox 291 1102 431 1138; x_wconf 87' lang='lat' dir='ltr'><strong>Genesm</strong></span> <span class='ocrx_word' id='word_1_122' title='bbox 459 1103 601 1136; x_wconf 86' lang='lat' dir='ltr'><strong>omnino</strong></span> <span class='ocrx_word' id='word_1_123' title='bbox 628 1103 761 1136; x_wconf 87' lang='lat' dir='ltr'><strong>omittat</strong></span> <span class='ocrx_word' id='word_1_124' title='bbox 773 1099 877 1148; x_wconf 85' lang='lat' dir='ltr'><strong>ipsum</strong></span> <span class='ocrx_word' id='word_1_125' title='bbox 903 1111 1044 1141; x_wconf 86' lang='lat' dir='ltr'><strong>textum,</strong></span> 
     </span>
     <span class='ocr_line' id='line_1_22' title="bbox 288 1150 1041 1197; baseline -0.001 -11"><span class='ocrx_word' id='word_1_126' title='bbox 288 1163 401 1186; x_wconf 90' lang='lat' dir='ltr'><strong>totum</strong></span> <span class='ocrx_word' id='word_1_127' title='bbox 428 1150 550 1186; x_wconf 87' lang='lat' dir='ltr'><strong>scilicet</strong></span> <span class='ocrx_word' id='word_1_128' title='bbox 571 1156 628 1185; x_wconf 85' lang='lat'><strong>26.</strong></span> <span class='ocrx_word' id='word_1_129' title='bbox 647 1150 773 1186; x_wconf 87' lang='lat' dir='ltr'><strong>versum</strong></span> <span class='ocrx_word' id='word_1_130' title='bbox 794 1150 907 1197; x_wconf 86' lang='lat' dir='ltr'><strong>capitis</strong></span> <span class='ocrx_word' id='word_1_131' title='bbox 930 1161 942 1183; x_wconf 89' lang='lat'>1</span> <span class='ocrx_word' id='word_1_132' title='bbox 957 1162 984 1184; x_wconf 89' lang='lat'><strong>1.</strong></span> <span class='ocrx_word' id='word_1_133' title='bbox 1011 1155 1041 1185; x_wconf 61' lang='grc' dir='ltr'><strong>δέ</strong></span> 
     </span>
     <span class='ocr_line' id='line_1_23' title="bbox 287 1199 1039 1246; baseline -0.003 -11"><span class='ocrx_word' id='word_1_134' title='bbox 287 1202 367 1235; x_wconf 89' lang='lat' dir='ltr'><strong>licet</strong></span> <span class='ocrx_word' id='word_1_135' title='bbox 385 1200 502 1236; x_wconf 83' lang='lat' dir='ltr'><strong>scribat</strong></span> <span class='ocrx_word' id='word_1_136' title='bbox 513 1199 639 1235; x_wconf 88' lang='lat' dir='ltr'><strong>versum</strong></span> <span class='ocrx_word' id='word_1_137' title='bbox 651 1213 686 1246; x_wconf 84' lang='lat'><strong>4.</strong></span> <span class='ocrx_word' id='word_1_138' title='bbox 698 1213 729 1246; x_wconf 92' lang='lat'><strong>7.</strong></span> <span class='ocrx_word' id='word_1_139' title='bbox 742 1201 817 1234; x_wconf 70' lang='grc' dir='ltr'><strong>Λᾶ.</strong></span> <span class='ocrx_word' id='word_1_140' title='bbox 832 1212 872 1233; x_wconf 89' lang='lat' dir='ltr'><strong>ne</strong></span> <span class='ocrx_word' id='word_1_141' title='bbox 883 1199 984 1234; x_wconf 89' lang='lat' dir='ltr'><strong>verbo</strong></span> <span class='ocrx_word' id='word_1_142' title='bbox 994 1211 1039 1233; x_wconf 78' lang='lat' dir='ltr'><strong>ta·</strong></span> 
     </span>
     <span class='ocr_line' id='line_1_24' title="bbox 286 1248 1041 1298; baseline -0.003 -13"><span class='ocrx_word' id='word_1_143' title='bbox 286 1263 363 1285; x_wconf 89' lang='lat' dir='ltr'><strong>men</strong></span> <span class='ocrx_word' id='word_1_144' title='bbox 375 1263 444 1284; x_wconf 90' lang='lat' dir='ltr'><strong>rem</strong></span> <span class='ocrx_word' id='word_1_145' title='bbox 458 1249 542 1284; x_wconf 81' lang='lat' dir='ltr'><strong>hanc</strong></span> <span class='ocrx_word' id='word_1_146' title='bbox 556 1248 603 1284; x_wconf 86' lang='lat' dir='ltr'><strong>ibi</strong></span> <span class='ocrx_word' id='word_1_147' title='bbox 623 1251 770 1298; x_wconf 80' lang='lat' dir='ltr'><strong>attingit.</strong></span> <span class='ocrx_word' id='word_1_148' title='bbox 798 1250 954 1283; x_wconf 89' lang='lat' dir='ltr'><strong>Fateorin</strong></span> <span class='ocrx_word' id='word_1_149' title='bbox 973 1261 1041 1283; x_wconf 88' lang='lat' dir='ltr'><strong>ver-</strong></span> 
     </span>
     <span class='ocr_line' id='line_1_25' title="bbox 286 1296 1036 1346; baseline -0.004 -12"><span class='ocrx_word' id='word_1_150' title='bbox 286 1298 357 1334; x_wconf 89' lang='lat' dir='ltr'><strong>sum</strong></span> <span class='ocrx_word' id='word_1_151' title='bbox 373 1301 525 1334; x_wconf 84' lang='lat' dir='ltr'><strong>ultimum</strong></span> <span class='ocrx_word' id='word_1_152' title='bbox 537 1299 700 1333; x_wconf 83' lang='lat' dir='ltr'><strong>undecimi</strong></span> <span class='ocrx_word' id='word_1_153' title='bbox 712 1297 879 1333; x_wconf 85' lang='lat' dir='ltr'><strong>Geneseos</strong></span> <span class='ocrx_word' id='word_1_154' title='bbox 890 1296 1036 1346; x_wconf 84' lang='lat' dir='ltr'><strong>quaestio·</strong></span> 
     </span>
     <span class='ocr_line' id='line_1_26' title="bbox 285 1347 1038 1395; baseline -0.003 -12"><span class='ocrx_word' id='word_1_155' title='bbox 285 1361 360 1383; x_wconf 89' lang='lat' dir='ltr'><strong>nem</strong></span> <span class='ocrx_word' id='word_1_156' title='bbox 374 1361 518 1387; x_wconf 86' lang='lat' dir='ltr'><strong>movere,</strong></span> <span class='ocrx_word' id='word_1_157' title='bbox 531 1351 562 1382; x_wconf 86' lang='lat'>&amp;</span> <span class='ocrx_word' id='word_1_158' title='bbox 575 1347 615 1382; x_wconf 90' lang='lat' dir='ltr'><strong>sic</strong></span> <span class='ocrx_word' id='word_1_159' title='bbox 625 1348 744 1383; x_wconf 87' lang='lat' dir='ltr'><strong>solvere</strong></span> <span class='ocrx_word' id='word_1_160' title='bbox 757 1373 766 1388; x_wconf 76' lang='grc'>,</span> <span class='ocrx_word' id='word_1_161' title='bbox 780 1357 818 1382; x_wconf 87' lang='lat' dir='ltr'><strong>ut</strong></span> <span class='ocrx_word' id='word_1_162' title='bbox 830 1360 898 1382; x_wconf 88' lang='lat' dir='ltr'><strong>non</strong></span> <span class='ocrx_word' id='word_1_163' title='bbox 909 1349 996 1395; x_wconf 76' lang='lat' dir='ltr'><strong>prius</strong></span> <span class='ocrx_word' id='word_1_164' title='bbox 1006 1349 1038 1381; x_wconf 92' lang='lat' dir='ltr'><strong>in</strong></span> 
     </span>
    </p>
   </div>
   <div class='ocr_carea' id='block_1_3' title="bbox 1089 101 1495 130">
    <p class='ocr_par' dir='ltr' id='par_1_4' title="bbox 1089 101 1495 130">
     <span class='ocr_line' id='line_1_27' title="bbox 1089 101 1495 130; baseline -0.002 -2"><span class='ocrx_word' id='word_1_165' title='bbox 1089 101 1495 130; x_wconf 75' lang='lat' dir='ltr'>ISTORxcl</span> 
     </span>
    </p>
   </div>
   <div class='ocr_carea' id='block_1_4' title="bbox 1088 162 1850 1096">
    <p class='ocr_par' dir='ltr' id='par_1_5' title="bbox 1092 162 1850 606">
     <span class='ocr_line' id='line_1_28' title="bbox 1092 162 1847 213; baseline 0.001 -14"><span class='ocrx_word' id='word_1_166' title='bbox 1092 166 1164 201; x_wconf 86' lang='lat' dir='ltr'><strong>cilia</strong></span> <span class='ocrx_word' id='word_1_167' title='bbox 1181 166 1220 201; x_wconf 91' lang='lat' dir='ltr'><strong>de</strong></span> <span class='ocrx_word' id='word_1_168' title='bbox 1249 162 1435 200; x_wconf 65' lang='lat' dir='ltr'><strong>Chananaea</strong></span> <span class='ocrx_word' id='word_1_169' title='bbox 1456 164 1537 201; x_wconf 70' lang='lat' dir='ltr'><strong>terra&#39;i</strong></span> <span class='ocrx_word' id='word_1_170' title='bbox 1562 163 1785 213; x_wconf 76' lang='lat' dir='ltr'><strong>promissionis</strong></span> <span class='ocrx_word' id='word_1_171' title='bbox 1812 166 1847 200; x_wconf 87' lang='lat' dir='ltr'><strong>in</strong></span> 
     </span>
     <span class='ocr_line' id='line_1_29' title="bbox 1093 214 1850 264; baseline -0.004 -13"><span class='ocrx_word' id='word_1_172' title='bbox 1093 214 1364 264; x_wconf 86' lang='lat' dir='ltr'><strong>Mesopotamiam</strong></span> <span class='ocrx_word' id='word_1_173' title='bbox 1375 239 1385 256; x_wconf 88' lang='lat'>‚</span> <span class='ocrx_word' id='word_1_174' title='bbox 1414 214 1498 248; x_wconf 87' lang='lat' dir='ltr'><strong>unde</strong></span> <span class='ocrx_word' id='word_1_175' title='bbox 1518 214 1629 250; x_wconf 89' lang='lat' dir='ltr'><strong>divino</strong></span> <span class='ocrx_word' id='word_1_176' title='bbox 1645 215 1800 250; x_wconf 83' lang='lat' dir='ltr'><strong>mandato</strong></span> <span class='ocrx_word' id='word_1_177' title='bbox 1815 227 1850 248; x_wconf 89' lang='lat' dir='ltr'><strong>a·</strong></span> 
     </span>
     <span class='ocr_line' id='line_1_30' title="bbox 1093 262 1847 311; baseline -0.004 -10"><span class='ocrx_word' id='word_1_178' title='bbox 1093 267 1201 301; x_wconf 87' lang='lat' dir='ltr'><strong>vocati</strong></span> <span class='ocrx_word' id='word_1_179' title='bbox 1214 276 1316 300; x_wconf 78' lang='lat' dir='ltr'><strong>erant.</strong></span> <span class='ocrx_word' id='word_1_180' title='bbox 1343 262 1442 310; x_wconf 84' lang='lat' dir='ltr'><strong>Resp.</strong></span> <span class='ocrx_word' id='word_1_181' title='bbox 1456 267 1518 298; x_wconf 88' lang='lat' dir='ltr'><strong>Iter</strong></span> <span class='ocrx_word' id='word_1_182' title='bbox 1527 265 1737 311; x_wconf 84' lang='lat' dir='ltr'><strong>negotiorum</strong></span> <span class='ocrx_word' id='word_1_183' title='bbox 1751 263 1847 298; x_wconf 66' lang='lat' dir='ltr'><strong>causa</strong></span> 
     </span>
     <span class='ocr_line' id='line_1_31' title="bbox 1092 311 1848 353; baseline -0.003 -4"><span class='ocrx_word' id='word_1_184' title='bbox 1092 314 1215 349; x_wconf 89' lang='lat' dir='ltr'><strong>nonest</strong></span> <span class='ocrx_word' id='word_1_185' title='bbox 1232 313 1395 348; x_wconf 80' lang='lat' dir='ltr'><strong>transsatio</strong></span> <span class='ocrx_word' id='word_1_186' title='bbox 1413 313 1576 347; x_wconf 80' lang='lat' dir='ltr'><strong>domicilii</strong></span> <span class='ocrx_word' id='word_1_187' title='bbox 1596 326 1604 346; x_wconf 88' lang='lat'><strong>:</strong></span> <span class='ocrx_word' id='word_1_188' title='bbox 1631 311 1747 347; x_wconf 81' lang='lat' dir='ltr'><strong>Iacobus</strong></span> <span class='ocrx_word' id='word_1_189' title='bbox 1760 337 1770 353; x_wconf 85' lang='lat'><strong>,</strong></span> <span class='ocrx_word' id='word_1_190' title='bbox 1795 314 1848 347; x_wconf 88' lang='lat' dir='ltr'><strong>cui</strong></span> 
     </span>
     <span class='ocr_line' id='line_1_32' title="bbox 1094 360 1848 410; baseline -0.004 -12"><span class='ocrx_word' id='word_1_191' title='bbox 1094 365 1276 398; x_wconf 81' lang='lat' dir='ltr'><strong>Chananaea</strong></span> <span class='ocrx_word' id='word_1_192' title='bbox 1287 376 1357 397; x_wconf 89' lang='lat' dir='ltr'><strong>non</strong></span> <span class='ocrx_word' id='word_1_193' title='bbox 1369 360 1479 396; x_wconf 70' lang='lat' dir='ltr'><strong>minus</strong></span> <span class='ocrx_word' id='word_1_194' title='bbox 1490 361 1587 410; x_wconf 66' lang='lat' dir='ltr'><strong>quam</strong></span> <span class='ocrx_word' id='word_1_195' title='bbox 1601 360 1771 396; x_wconf 84' lang='lat' dir='ltr'><strong>Abrahamo</strong></span> <span class='ocrx_word' id='word_1_196' title='bbox 1782 362 1848 396; x_wconf 86' lang='lat' dir='ltr'><strong>fuit</strong></span> 
     </span>
     <span class='ocr_line' id='line_1_33' title="bbox 1092 410 1847 460; baseline -0.003 -14"><span class='ocrx_word' id='word_1_197' title='bbox 1092 423 1175 447; x_wconf 84' lang='lat' dir='ltr'><strong>terra</strong></span> <span class='ocrx_word' id='word_1_198' title='bbox 1197 411 1416 460; x_wconf 81' lang='lat' dir='ltr'><strong>promissiouis</strong></span> <span class='ocrx_word' id='word_1_199' title='bbox 1434 436 1445 452; x_wconf 91' lang='lat'>,</span> <span class='ocrx_word' id='word_1_200' title='bbox 1469 412 1552 446; x_wconf 83' lang='lat' dir='ltr'><strong>nihil</strong></span> <span class='ocrx_word' id='word_1_201' title='bbox 1575 411 1734 446; x_wconf 86' lang='lat' dir='ltr'><strong>dubitavit</strong></span> <span class='ocrx_word' id='word_1_202' title='bbox 1759 410 1847 445; x_wconf 62' lang='lat' dir='ltr'><strong>bon-91</strong></span> 
     </span>
     <span class='ocr_line' id='line_1_34' title="bbox 1093 459 1846 509; baseline -0.001 -15"><span class='ocrx_word' id='word_1_203' title='bbox 1093 473 1168 495; x_wconf 91' lang='lat' dir='ltr'><strong>curn</strong></span> <span class='ocrx_word' id='word_1_204' title='bbox 1187 463 1285 508; x_wconf 86' lang='lat' dir='ltr'><strong>patris</strong></span> <span class='ocrx_word' id='word_1_205' title='bbox 1305 461 1392 509; x_wconf 64' lang='lat' dir='ltr'><strong>Ifiiaci</strong></span> <span class='ocrx_word' id='word_1_206' title='bbox 1410 460 1512 508; x_wconf 65' lang='lat' dir='ltr'><strong>gratia</strong></span> <span class='ocrx_word' id='word_1_207' title='bbox 1529 462 1739 509; x_wconf 88' lang='lat' dir='ltr'><strong>negotiorum</strong></span> <span class='ocrx_word' id='word_1_208' title='bbox 1752 459 1846 494; x_wconf 70' lang='lat' dir='ltr'><strong>causz‘i</strong></span> 
     </span>
     <span class='ocr_line' id='line_1_35' title="bbox 1093 508 1846 558; baseline -0.001 -15"><span class='ocrx_word' id='word_1_209' title='bbox 1093 511 1126 543; x_wconf 89' lang='lat' dir='ltr'><strong>in</strong></span> <span class='ocrx_word' id='word_1_210' title='bbox 1141 509 1416 557; x_wconf 85' lang='lat' dir='ltr'><strong>Mesopotamiam</strong></span> <span class='ocrx_word' id='word_1_211' title='bbox 1428 509 1610 558; x_wconf 87' lang='lat' dir='ltr'><strong>proficisci,</strong></span> <span class='ocrx_word' id='word_1_212' title='bbox 1637 508 1747 557; x_wconf 85' lang='lat' dir='ltr'><strong>ibique</strong></span> <span class='ocrx_word' id='word_1_213' title='bbox 1761 509 1846 542; x_wconf 91' lang='lat' dir='ltr'><strong>mul-</strong></span> 
     </span>
     <span class='ocr_line' id='line_1_36' title="bbox 1093 560 1440 606; baseline 0.006 -14"><span class='ocrx_word' id='word_1_214' title='bbox 1093 560 1135 593; x_wconf 91' lang='lat' dir='ltr'><strong>tis</strong></span> <span class='ocrx_word' id='word_1_215' title='bbox 1145 561 1235 593; x_wconf 81' lang='lat' dir='ltr'><strong>annis</strong></span> <span class='ocrx_word' id='word_1_216' title='bbox 1244 572 1440 606; x_wconf 86' lang='lat' dir='ltr'><strong>permanere.</strong></span> 
     </span>
    </p>

    <p class='ocr_par' dir='ltr' id='par_1_6' title="bbox 1088 605 1847 1096">
     <span class='ocr_line' id='line_1_37' title="bbox 1139 605 1845 656; baseline -0.004 -13"><span class='ocrx_word' id='word_1_217' title='bbox 1139 610 1334 656; x_wconf 89' lang='lat' dir='ltr'><strong>Septimum.</strong></span> <span class='ocrx_word' id='word_1_218' title='bbox 1363 610 1392 642; x_wconf 90' lang='lat' dir='ltr'><strong>Si</strong></span> <span class='ocrx_word' id='word_1_219' title='bbox 1407 608 1507 643; x_wconf 87' lang='lat' dir='ltr'><strong>redire</strong></span> <span class='ocrx_word' id='word_1_220' title='bbox 1524 619 1668 655; x_wconf 90' lang='lat' dir='ltr'><strong>unquam</strong></span> <span class='ocrx_word' id='word_1_221' title='bbox 1682 608 1716 641; x_wconf 92' lang='lat' dir='ltr'><strong>in</strong></span> <span class='ocrx_word' id='word_1_222' title='bbox 1729 605 1845 641; x_wconf 89' lang='lat' dir='ltr'><strong>Meso-</strong></span> 
     </span>
     <span class='ocr_line' id='line_1_38' title="bbox 1091 653 1845 705; baseline -0.003 -14"><span class='ocrx_word' id='word_1_223' title='bbox 1091 660 1270 705; x_wconf 87' lang='lat' dir='ltr'><strong>potamiam</strong></span> <span class='ocrx_word' id='word_1_224' title='bbox 1285 656 1434 692; x_wconf 69' lang='lat' dir='ltr'><strong>voluisset</strong></span> <span class='ocrx_word' id='word_1_225' title='bbox 1445 653 1651 693; x_wconf 62' lang='lat' dir='ltr'><strong>«Abrahamus</strong></span> <span class='ocrx_word' id='word_1_226' title='bbox 1661 679 1670 692; x_wconf 91' lang='lat'>,</span> <span class='ocrx_word' id='word_1_227' title='bbox 1681 656 1711 690; x_wconf 89' lang='lat' dir='ltr'><strong>id</strong></span> <span class='ocrx_word' id='word_1_228' title='bbox 1722 655 1845 690; x_wconf 78' lang='lat' dir='ltr'><strong>fecisset</strong></span> 
     </span>
     <span class='ocr_line' id='line_1_39' title="bbox 1090 704 1845 754; baseline -0.001 -14"><span class='ocrx_word' id='word_1_229' title='bbox 1090 717 1238 754; x_wconf 88' lang='lat' dir='ltr'><strong>tempore</strong></span> <span class='ocrx_word' id='word_1_230' title='bbox 1250 706 1343 742; x_wconf 87' lang='lat' dir='ltr'><strong>famis</strong></span> <span class='ocrx_word' id='word_1_231' title='bbox 1355 730 1366 748; x_wconf 86' lang='lat'><em>‚</em></span> <span class='ocrx_word' id='word_1_232' title='bbox 1395 706 1532 754; x_wconf 81' lang='lat' dir='ltr'><strong>quando</strong></span> <span class='ocrx_word' id='word_1_233' title='bbox 1550 707 1583 740; x_wconf 90' lang='lat' dir='ltr'><strong>in</strong></span> <span class='ocrx_word' id='word_1_234' title='bbox 1594 709 1775 754; x_wconf 83' lang='lat' dir='ltr'><strong>AEgyptum</strong></span> <span class='ocrx_word' id='word_1_235' title='bbox 1786 704 1845 740; x_wconf 89' lang='lat' dir='ltr'><strong>de-</strong></span> 
     </span>
     <span class='ocr_line' id='line_1_40' title="bbox 1089 753 1847 803; baseline -0.003 -12"><span class='ocrx_word' id='word_1_236' title='bbox 1089 756 1212 791; x_wconf 88' lang='lat' dir='ltr'><strong>scendit</strong></span> <span class='ocrx_word' id='word_1_237' title='bbox 1231 769 1306 791; x_wconf 89' lang='lat' dir='ltr'><strong>cum</strong></span> <span class='ocrx_word' id='word_1_238' title='bbox 1319 768 1441 803; x_wconf 84' lang='lat' dir='ltr'><strong>magno</strong></span> <span class='ocrx_word' id='word_1_239' title='bbox 1453 753 1509 790; x_wconf 90' lang='lat' dir='ltr'><strong>suo</strong></span> <span class='ocrx_word' id='word_1_240' title='bbox 1525 767 1561 790; x_wconf 85' lang='lat' dir='ltr'><strong>ac</strong></span> <span class='ocrx_word' id='word_1_241' title='bbox 1579 758 1658 789; x_wconf 72' lang='lat' dir='ltr'><strong>Sara</strong></span> <span class='ocrx_word' id='word_1_242' title='bbox 1669 756 1778 789; x_wconf 83' lang='lat' dir='ltr'><strong>uxoris</strong></span> <span class='ocrx_word' id='word_1_243' title='bbox 1789 767 1847 801; x_wconf 82' lang='lat' dir='ltr'><strong>pe·</strong></span> 
     </span>
     <span class='ocr_line' id='line_1_41' title="bbox 1089 803 1844 853; baseline -0.003 -14"><span class='ocrx_word' id='word_1_244' title='bbox 1089 807 1206 840; x_wconf 89' lang='lat' dir='ltr'><strong>riculo.</strong></span> <span class='ocrx_word' id='word_1_245' title='bbox 1232 805 1327 853; x_wconf 87' lang='lat' dir='ltr'><strong>Resp.</strong></span> <span class='ocrx_word' id='word_1_246' title='bbox 1341 804 1566 852; x_wconf 83' lang='lat' dir='ltr'><strong>Temporibus</strong></span> <span class='ocrx_word' id='word_1_247' title='bbox 1575 803 1671 839; x_wconf 87' lang='lat' dir='ltr'><strong>famis</strong></span> <span class='ocrx_word' id='word_1_248' title='bbox 1681 807 1844 852; x_wconf 81' lang='lat' dir='ltr'><strong>AEgyptus</strong></span> 
     </span>
     <span class='ocr_line' id='line_1_42' title="bbox 1089 852 1845 901; baseline -0.001 -14"><span class='ocrx_word' id='word_1_249' title='bbox 1089 853 1214 901; x_wconf 84' lang='lat' dir='ltr'><strong>semper</strong></span> <span class='ocrx_word' id='word_1_250' title='bbox 1232 854 1294 888; x_wconf 88' lang='lat' dir='ltr'><strong>fuit</strong></span> <span class='ocrx_word' id='word_1_251' title='bbox 1312 854 1514 889; x_wconf 85' lang='lat' dir='ltr'><strong>ordinarium</strong></span> <span class='ocrx_word' id='word_1_252' title='bbox 1540 855 1658 890; x_wconf 90' lang='lat' dir='ltr'><strong>vicinis</strong></span> <span class='ocrx_word' id='word_1_253' title='bbox 1683 852 1845 888; x_wconf 83' lang='lat' dir='ltr'><strong>omnibus</strong></span> 
     </span>
     <span class='ocr_line' id='line_1_43' title="bbox 1088 900 1843 949; baseline 0 -14"><span class='ocrx_word' id='word_1_254' title='bbox 1088 900 1244 936; x_wconf 89' lang='lat' dir='ltr'><strong>frumenti</strong></span> <span class='ocrx_word' id='word_1_255' title='bbox 1283 903 1466 948; x_wconf 79' lang='lat' dir='ltr'><strong>granarium</strong></span> <span class='ocrx_word' id='word_1_256' title='bbox 1487 930 1497 944; x_wconf 91' lang='lat'>,</span> <span class='ocrx_word' id='word_1_257' title='bbox 1536 915 1740 949; x_wconf 85' lang='lat' dir='ltr'><strong>nequaquam</strong></span> <span class='ocrx_word' id='word_1_258' title='bbox 1766 900 1843 936; x_wconf 71' lang='lat' dir='ltr'><strong>vero</strong></span> 
     </span>
     <span class='ocr_line' id='line_1_44' title="bbox 1091 949 1844 999; baseline -0.001 -14"><span class='ocrx_word' id='word_1_259' title='bbox 1091 949 1242 985; x_wconf 71' lang='lat' dir='ltr'><strong>Chaldaea</strong></span> <span class='ocrx_word' id='word_1_260' title='bbox 1259 949 1322 984; x_wconf 86' lang='lat' dir='ltr'><strong>hoc</strong></span> <span class='ocrx_word' id='word_1_261' title='bbox 1335 951 1508 996; x_wconf 87' lang='lat' dir='ltr'><strong>privilegio</strong></span> <span class='ocrx_word' id='word_1_262' title='bbox 1520 951 1691 999; x_wconf 85' lang='lat' dir='ltr'><strong>gaudebat.</strong></span> <span class='ocrx_word' id='word_1_263' title='bbox 1718 950 1781 985; x_wconf 90' lang='lat' dir='ltr'><strong>Sed</strong></span> <span class='ocrx_word' id='word_1_264' title='bbox 1794 952 1844 997; x_wconf 87' lang='lat' dir='ltr'><strong>pi-</strong></span> 
     </span>
     <span class='ocr_line' id='line_1_45' title="bbox 1088 998 1843 1049; baseline -0.001 -14"><span class='ocrx_word' id='word_1_265' title='bbox 1088 1012 1145 1049; x_wconf 87' lang='lat' dir='ltr'><strong>get</strong></span> <span class='ocrx_word' id='word_1_266' title='bbox 1157 1000 1349 1045; x_wconf 87' lang='lat' dir='ltr'><strong>ineptiarum</strong></span> <span class='ocrx_word' id='word_1_267' title='bbox 1359 998 1507 1039; x_wconf 79' lang='lat' dir='ltr'><strong>Tornielli,</strong></span> <span class='ocrx_word' id='word_1_268' title='bbox 1517 1002 1552 1033; x_wconf 87' lang='lat' dir='ltr'><strong>in</strong></span> <span class='ocrx_word' id='word_1_269' title='bbox 1562 1000 1681 1047; x_wconf 87' lang='lat' dir='ltr'><strong>quibus</strong></span> <span class='ocrx_word' id='word_1_270' title='bbox 1693 1000 1775 1036; x_wconf 87' lang='lat' dir='ltr'><strong>nihil</strong></span> <span class='ocrx_word' id='word_1_271' title='bbox 1787 1013 1843 1047; x_wconf 51' lang='lat' dir='ltr'><strong>ap-¹</strong></span> 
     </span>
     <span class='ocr_line' id='line_1_46' title="bbox 1090 1047 1454 1096; baseline -0.003 -12"><span class='ocrx_word' id='word_1_272' title='bbox 1090 1059 1177 1096; x_wconf 79' lang='lat' dir='ltr'><strong>paret</strong></span> <span class='ocrx_word' id='word_1_273' title='bbox 1187 1047 1296 1083; x_wconf 84' lang='lat' dir='ltr'><strong>solidae</strong></span> <span class='ocrx_word' id='word_1_274' title='bbox 1308 1048 1454 1083; x_wconf 86' lang='lat' dir='ltr'><strong>rationis.</strong></span> 
     </span>
    </p>
   </div>
   <div class='ocr_carea' id='block_1_5' title="bbox 1088 1144 1841 1268">
    <p class='ocr_par' dir='ltr' id='par_1_7' title="bbox 1088 1144 1841 1268">
     <span class='ocr_line' id='line_1_47' title="bbox 1254 1144 1660 1185; baseline -0.007 -11"><span class='ocrx_word' id='word_1_275' title='bbox 1254 1145 1328 1185; x_wconf 72' lang='lat' dir='ltr'><strong>Q]</strong></span> <span class='ocrx_word' id='word_1_276' title='bbox 1349 1147 1386 1173; x_wconf 79' lang='lat' dir='ltr'>AE</span> <span class='ocrx_word' id='word_1_277' title='bbox 1410 1145 1426 1172; x_wconf 87' lang='lat' dir='ltr'><strong>s</strong></span> <span class='ocrx_word' id='word_1_278' title='bbox 1448 1146 1475 1171; x_wconf 85' lang='lat' dir='ltr'>T</span> <span class='ocrx_word' id='word_1_279' title='bbox 1496 1145 1508 1171; x_wconf 93' lang='lat'>1</span> <span class='ocrx_word' id='word_1_280' title='bbox 1531 1145 1558 1171; x_wconf 95' lang='lat' dir='ltr'><strong>o</strong></span> <span class='ocrx_word' id='word_1_281' title='bbox 1602 1144 1660 1172; x_wconf 78' lang='lat' dir='ltr'><strong>iv.</strong></span> 
     </span>
     <span class='ocr_line' id='line_1_48' title="bbox 1088 1214 1841 1268; baseline -0.008 -16"><span class='ocrx_word' id='word_1_282' title='bbox 1088 1218 1242 1268; x_wconf 74' lang='lat' dir='ltr'><strong>Qomodo</strong></span> <span class='ocrx_word' id='word_1_283' title='bbox 1254 1216 1383 1264; x_wconf 64' lang='lat' dir='ltr'><strong>Israh&#39;litae</strong></span> <span class='ocrx_word' id='word_1_284' title='bbox 1396 1214 1562 1252; x_wconf 80' lang='lat' dir='ltr'><strong>commorati</strong></span> <span class='ocrx_word' id='word_1_285' title='bbox 1569 1216 1632 1259; x_wconf 72' lang='lat' dir='ltr'><strong>sint</strong></span> <span class='ocrx_word' id='word_1_286' title='bbox 1648 1215 1679 1248; x_wconf 77' lang='lat' dir='ltr'><strong>in</strong></span> <span class='ocrx_word' id='word_1_287' title='bbox 1695 1218 1841 1266; x_wconf 45' lang='lat' dir='ltr'><strong>&amp;Eg-ypra</strong></span> 
     </span>
    </p>
   </div>
   <div class='ocr_carea' id='block_1_6' title="bbox 1154 1268 1768 1368">
    <p class='ocr_par' dir='ltr' id='par_1_8' title="bbox 1154 1268 1768 1368">
     <span class='ocr_line' id='line_1_49' title="bbox 1154 1268 1768 1312; baseline -0.007 -10"><span class='ocrx_word' id='word_1_288' title='bbox 1154 1271 1219 1303; x_wconf 73' lang='lat' dir='ltr'><strong>totis</strong></span> <span class='ocrx_word' id='word_1_289' title='bbox 1228 1281 1306 1301; x_wconf 76' lang='lat' dir='ltr'><strong>annu</strong></span> <span class='ocrx_word' id='word_1_290' title='bbox 1317 1280 1359 1311; x_wconf 81' lang='lat'><strong>43</strong></span> <span class='ocrx_word' id='word_1_291' title='bbox 1369 1280 1404 1304; x_wconf 89' lang='lat'><strong>0.</strong></span> <span class='ocrx_word' id='word_1_292' title='bbox 1419 1268 1456 1302; x_wconf 50' lang='grc' dir='ltr'><strong>(ζ’</strong></span> <span class='ocrx_word' id='word_1_293' title='bbox 1467 1277 1562 1301; x_wconf 83' lang='lat' dir='ltr'><strong>tamen</strong></span> <span class='ocrx_word' id='word_1_294' title='bbox 1573 1276 1691 1312; x_wconf 79' lang='lat' dir='ltr'><strong>quatuor</strong></span> <span class='ocrx_word' id='word_1_295' title='bbox 1697 1274 1768 1298; x_wconf 79' lang='lat' dir='ltr'><strong>tan-</strong></span> 
     </span>
     <span class='ocr_line' id='line_1_50' title="bbox 1307 1312 1628 1368; baseline -0.009 -19"><span class='ocrx_word' id='word_1_296' title='bbox 1307 1327 1369 1350; x_wconf 79' lang='lat' dir='ltr'><strong>tum</strong></span> <span class='ocrx_word' id='word_1_297' title='bbox 1375 1312 1604 1368; x_wconf 69' lang='lat' dir='ltr'><strong>generationibus</strong></span> <span class='ocrx_word' id='word_1_298' title='bbox 1613 1316 1628 1346; x_wconf 71' lang='grc' dir='ltr'><strong><em>ἓ</em></strong></span> 
     </span>
    </p>
   </div>
   <div class='ocr_carea' id='block_1_7' title="bbox 226 1785 1029 1826">
    <p class='ocr_par' dir='ltr' id='par_1_9' title="bbox 226 1785 1029 1826">
     <span class='ocr_line' id='line_1_51' title="bbox 226 1785 1029 1826; baseline 0.004 -3"><span class='ocrx_word' id='word_1_299' title='bbox 226 1785 229 1786; x_wconf 37' lang='grc'>’</span> <span class='ocrx_word' id='word_1_300' title='bbox 281 1804 344 1824; x_wconf 85' lang='lat' dir='ltr'><strong>ram</strong></span> <span class='ocrx_word' id='word_1_301' title='bbox 355 1792 474 1826; x_wconf 87' lang='lat' dir='ltr'><strong>scilicet</strong></span> <span class='ocrx_word' id='word_1_302' title='bbox 486 1792 599 1826; x_wconf 76' lang='lat' dir='ltr'><strong>venisse</strong></span> <span class='ocrx_word' id='word_1_303' title='bbox 615 1788 789 1825; x_wconf 81' lang='lat' dir='ltr'><strong>Charranem</strong></span> <span class='ocrx_word' id='word_1_304' title='bbox 802 1804 875 1826; x_wconf 91' lang='lat' dir='ltr'><strong>cum</strong></span> <span class='ocrx_word' id='word_1_305' title='bbox 890 1789 1029 1826; x_wconf 72' lang='lat' dir='ltr'><strong>Abraha-</strong></span> 
     </span>
    </p>
   </div>
   <div class='ocr_carea' id='block_1_8' title="bbox 282 1394 1040 1789">
    <p class='ocr_par' dir='ltr' id='par_1_10' title="bbox 282 1394 1040 1789">
     <span class='ocr_line' id='line_1_52' title="bbox 286 1394 1040 1445; baseline 0 -13"><span class='ocrx_word' id='word_1_306' title='bbox 286 1398 505 1432; x_wconf 72' lang='lat' dir='ltr'><strong>Chananaeam</strong></span> <span class='ocrx_word' id='word_1_307' title='bbox 517 1397 641 1432; x_wconf 84' lang='lat' dir='ltr'><strong>venerit</strong></span> <span class='ocrx_word' id='word_1_308' title='bbox 655 1394 805 1433; x_wconf 80' lang='lat' dir='ltr'><strong>Abraham</strong></span> <span class='ocrx_word' id='word_1_309' title='bbox 816 1421 824 1432; x_wconf 90' lang='lat'><em>‚</em></span> <span class='ocrx_word' id='word_1_310' title='bbox 845 1396 939 1445; x_wconf 67' lang='lat' dir='ltr'><strong>quam</strong></span> <span class='ocrx_word' id='word_1_311' title='bbox 953 1408 1040 1443; x_wconf 84' lang='lat' dir='ltr'><strong>pater</strong></span> 
     </span>
     <span class='ocr_line' id='line_1_53' title="bbox 284 1446 1036 1495; baseline -0.003 -14"><span class='ocrx_word' id='word_1_312' title='bbox 284 1458 438 1482; x_wconf 83' lang='lat' dir='ltr'><strong>mortuus</strong></span> <span class='ocrx_word' id='word_1_313' title='bbox 451 1446 495 1481; x_wconf 86' lang='lat' dir='ltr'><strong>fit.</strong></span> <span class='ocrx_word' id='word_1_314' title='bbox 525 1448 602 1482; x_wconf 82' lang='lat' dir='ltr'><strong>Hoc</strong></span> <span class='ocrx_word' id='word_1_315' title='bbox 612 1447 743 1495; x_wconf 88' lang='lat' dir='ltr'><strong>quidem</strong></span> <span class='ocrx_word' id='word_1_316' title='bbox 763 1453 841 1488; x_wconf 90' lang='lat' dir='ltr'><strong>[non</strong></span> <span class='ocrx_word' id='word_1_317' title='bbox 854 1446 955 1493; x_wconf 70' lang='lat' dir='ltr'><strong>prius]</strong></span> <span class='ocrx_word' id='word_1_318' title='bbox 977 1447 1036 1480; x_wconf 90' lang='lat' dir='ltr'><strong>ad-</strong></span> 
     </span>
     <span class='ocr_line' id='line_1_54' title="bbox 284 1493 1036 1544; baseline -0.001 -14"><span class='ocrx_word' id='word_1_319' title='bbox 284 1495 331 1530; x_wconf 85' lang='lat' dir='ltr'><strong>dit</strong></span> <span class='ocrx_word' id='word_1_320' title='bbox 344 1496 382 1530; x_wconf 89' lang='lat' dir='ltr'><strong>ad</strong></span> <span class='ocrx_word' id='word_1_321' title='bbox 399 1496 494 1531; x_wconf 87' lang='lat' dir='ltr'><strong>verba</strong></span> <span class='ocrx_word' id='word_1_322' title='bbox 511 1493 669 1543; x_wconf 68' lang='lat' dir='ltr'><strong>Stephani,</strong></span> <span class='ocrx_word' id='word_1_323' title='bbox 692 1496 842 1544; x_wconf 88' lang='lat' dir='ltr'><strong>quinihil</strong></span> <span class='ocrx_word' id='word_1_324' title='bbox 854 1496 1036 1544; x_wconf 87' lang='lat' dir='ltr'><strong>talcloqni-</strong></span> 
     </span>
     <span class='ocr_line' id='line_1_55' title="bbox 286 1542 1035 1593; baseline 0.001 -15"><span class='ocrx_word' id='word_1_325' title='bbox 286 1555 355 1582; x_wconf 87' lang='lat' dir='ltr'><strong>tur,</strong></span> <span class='ocrx_word' id='word_1_326' title='bbox 367 1545 389 1580; x_wconf 83' lang='lat' dir='ltr'>fi</span> <span class='ocrx_word' id='word_1_327' title='bbox 400 1545 535 1580; x_wconf 85' lang='lat' dir='ltr'><strong>dixerim</strong></span> <span class='ocrx_word' id='word_1_328' title='bbox 552 1542 774 1593; x_wconf 51' lang='lat' dir='ltr'><strong>Chqsbflumtcm</strong></span> <span class='ocrx_word' id='word_1_329' title='bbox 785 1544 849 1579; x_wconf 87' lang='lat' dir='ltr'><strong>hoc</strong></span> <span class='ocrx_word' id='word_1_330' title='bbox 860 1542 963 1579; x_wconf 88' lang='lat' dir='ltr'><strong>facere</strong></span> <span class='ocrx_word' id='word_1_331' title='bbox 974 1558 1035 1579; x_wconf 89' lang='lat' dir='ltr'><strong>ne-</strong></span> 
     </span>
     <span class='ocr_line' id='line_1_56' title="bbox 283 1592 1033 1642; baseline 0.001 -15"><span class='ocrx_word' id='word_1_332' title='bbox 283 1595 447 1642; x_wconf 83' lang='lat' dir='ltr'><strong>gligenter</strong></span> <span class='ocrx_word' id='word_1_333' title='bbox 457 1598 488 1629; x_wconf 88' lang='lat'>&amp;</span> <span class='ocrx_word' id='word_1_334' title='bbox 498 1594 594 1639; x_wconf 49' lang='grc' dir='ltr'>οἰμέλᾴ</span> <span class='ocrx_word' id='word_1_335' title='bbox 605 1618 612 1630; x_wconf 85' lang='lat'><em>,</em></span> <span class='ocrx_word' id='word_1_336' title='bbox 623 1594 678 1629; x_wconf 86' lang='lat' dir='ltr'><strong>suo</strong></span> <span class='ocrx_word' id='word_1_337' title='bbox 691 1593 787 1642; x_wconf 81' lang='lat' dir='ltr'><strong>ipsius</strong></span> <span class='ocrx_word' id='word_1_338' title='bbox 799 1592 899 1629; x_wconf 87' lang='lat' dir='ltr'><strong>verbo</strong></span> <span class='ocrx_word' id='word_1_339' title='bbox 911 1594 1033 1629; x_wconf 88' lang='lat' dir='ltr'><strong>ibidem</strong></span> 
     </span>
     <span class='ocr_line' id='line_1_57' title="bbox 282 1641 1034 1684; baseline 0.003 -7"><span class='ocrx_word' id='word_1_340' title='bbox 282 1655 401 1684; x_wconf 88' lang='lat' dir='ltr'><strong>uterer,</strong></span> <span class='ocrx_word' id='word_1_341' title='bbox 412 1644 488 1678; x_wconf 86' lang='lat' dir='ltr'><strong>licet</strong></span> <span class='ocrx_word' id='word_1_342' title='bbox 498 1645 529 1677; x_wconf 89' lang='lat' dir='ltr'><strong>in</strong></span> <span class='ocrx_word' id='word_1_343' title='bbox 542 1641 669 1677; x_wconf 83' lang='lat' dir='ltr'><strong>diverso</strong></span> <span class='ocrx_word' id='word_1_344' title='bbox 680 1644 720 1678; x_wconf 88' lang='lat' dir='ltr'><strong>ab</strong></span> <span class='ocrx_word' id='word_1_345' title='bbox 730 1657 770 1678; x_wconf 92' lang='lat' dir='ltr'><strong>eo</strong></span> <span class='ocrx_word' id='word_1_346' title='bbox 779 1642 881 1680; x_wconf 68' lang='lat' dir='ltr'><strong>sensu,</strong></span> <span class='ocrx_word' id='word_1_347' title='bbox 892 1643 975 1678; x_wconf 70' lang='lat' dir='ltr'><strong>certe</strong></span> <span class='ocrx_word' id='word_1_348' title='bbox 989 1644 1034 1679; x_wconf 88' lang='lat' dir='ltr'><strong>ibi</strong></span> 
     </span>
     <span class='ocr_line' id='line_1_58' title="bbox 283 1690 1033 1740; baseline 0.003 -14"><span class='ocrx_word' id='word_1_349' title='bbox 283 1692 383 1727; x_wconf 88' lang='lat' dir='ltr'><strong>habet</strong></span> <span class='ocrx_word' id='word_1_350' title='bbox 395 1690 600 1740; x_wconf 66' lang='lat' dir='ltr'><strong>Chrysbstomus</strong></span> <span class='ocrx_word' id='word_1_351' title='bbox 609 1704 645 1726; x_wconf 88' lang='lat' dir='ltr'><strong>ea</strong></span> <span class='ocrx_word' id='word_1_352' title='bbox 657 1693 779 1739; x_wconf 88' lang='lat' dir='ltr'><strong>quibus</strong></span> <span class='ocrx_word' id='word_1_353' title='bbox 795 1691 957 1728; x_wconf 87' lang='lat' dir='ltr'><strong>adversarii</strong></span> <span class='ocrx_word' id='word_1_354' title='bbox 969 1694 1033 1734; x_wconf 81' lang='lat' dir='ltr'><strong>hic,</strong></span> 
     </span>
     <span class='ocr_line' id='line_1_59' title="bbox 282 1740 1032 1789; baseline 0 -13"><span class='ocrx_word' id='word_1_355' title='bbox 282 1754 352 1776; x_wconf 89' lang='lat' dir='ltr'><strong>non</strong></span> <span class='ocrx_word' id='word_1_356' title='bbox 363 1742 523 1782; x_wconf 80' lang='lat' dir='ltr'><strong>lubenter,</strong></span> <span class='ocrx_word' id='word_1_357' title='bbox 535 1753 676 1789; x_wconf 84' lang='lat' dir='ltr'><strong>utputo,</strong></span> <span class='ocrx_word' id='word_1_358' title='bbox 690 1741 936 1782; x_wconf 78' lang='lat' dir='ltr'><strong>subscriberent,</strong></span> <span class='ocrx_word' id='word_1_359' title='bbox 946 1740 1032 1778; x_wconf 70' lang='lat' dir='ltr'><strong>‘Tha-</strong></span> 
     </span>
    </p>
   </div>
   <div class='ocr_carea' id='block_1_9' title="bbox 1093 1393 1980 1478">
    <p class='ocr_par' dir='ltr' id='par_1_11' title="bbox 1093 1393 1980 1478">
     <span class='ocr_line' id='line_1_60' title="bbox 1093 1393 1980 1478; baseline -0.005 -46"><span class='ocrx_word' id='word_1_360' title='bbox 1093 1395 1273 1478; x_wconf 76' lang='lat' dir='ltr'><strong>QUarto</strong></span> <span class='ocrx_word' id='word_1_361' title='bbox 1289 1399 1458 1445; x_wconf 81' lang='lat' dir='ltr'><strong>quaerirur,</strong></span> <span class='ocrx_word' id='word_1_362' title='bbox 1477 1393 1648 1444; x_wconf 87' lang='lat' dir='ltr'><strong>quomodo</strong></span> <span class='ocrx_word' id='word_1_363' title='bbox 1675 1394 1763 1429; x_wconf 88' lang='lat' dir='ltr'><strong>Gen.</strong></span> <span class='ocrx_word' id='word_1_364' title='bbox 1779 1405 1835 1439; x_wconf 90' lang='lat'><strong>17.</strong></span> <span class='ocrx_word' id='word_1_365' title='bbox 1857 1397 1980 1438; x_wconf 73' lang='lat' dir='ltr'><strong>Qmoda</strong></span> 
     </span>
    </p>
   </div>
   <div class='ocr_carea' id='block_1_10' title="bbox 1170 1440 1996 1494">
    <p class='ocr_par' dir='ltr' id='par_1_12' title="bbox 1170 1440 1996 1494">
     <span class='ocr_line' id='line_1_61' title="bbox 1170 1440 1996 1494; baseline -0.005 -13"><span class='ocrx_word' id='word_1_366' title='bbox 1170 1459 1200 1481; x_wconf 90' lang='lat' dir='ltr'><strong>v.</strong></span> <span class='ocrx_word' id='word_1_367' title='bbox 1217 1458 1229 1480; x_wconf 84' lang='lat'>1</span> <span class='ocrx_word' id='word_1_368' title='bbox 1242 1458 1270 1479; x_wconf 85' lang='lat'><strong>2.</strong></span> <span class='ocrx_word' id='word_1_369' title='bbox 1291 1447 1504 1494; x_wconf 83' lang='lat' dir='ltr'><strong>peregrinatio</strong></span> <span class='ocrx_word' id='word_1_370' title='bbox 1525 1440 1652 1479; x_wconf 78' lang='lat' dir='ltr'><strong>Abrahae</strong></span> <span class='ocrx_word' id='word_1_371' title='bbox 1668 1441 1836 1477; x_wconf 87' lang='lat' dir='ltr'><strong>&amp;seminis</strong></span> <span class='ocrx_word' id='word_1_372' title='bbox 1852 1443 1996 1478; x_wconf 79' lang='lat' dir='ltr'><strong>peregrina.</strong></span> 
     </span>
    </p>
   </div>
   <div class='ocr_carea' id='block_1_11' title="bbox 1084 1481 1974 1559">
    <p class='ocr_par' dir='ltr' id='par_1_13' title="bbox 1084 1481 1974 1559">
     <span class='ocr_line' id='line_1_62' title="bbox 1084 1481 1974 1559; baseline 0.001 -33"><span class='ocrx_word' id='word_1_373' title='bbox 1084 1494 1169 1528; x_wconf 89' lang='lat' dir='ltr'><strong>illius</strong></span> <span class='ocrx_word' id='word_1_374' title='bbox 1180 1495 1368 1541; x_wconf 85' lang='lat' dir='ltr'><strong>praedicetur</strong></span> <span class='ocrx_word' id='word_1_375' title='bbox 1382 1495 1485 1530; x_wconf 88' lang='lat' dir='ltr'><strong>futura</strong></span> <span class='ocrx_word' id='word_1_376' title='bbox 1501 1504 1662 1528; x_wconf 87' lang='lat' dir='ltr'><strong>annorum</strong></span> <span class='ocrx_word' id='word_1_377' title='bbox 1678 1492 1834 1539; x_wconf 85' lang='lat' dir='ltr'><strong>quadrin—</strong></span> <span class='ocrx_word' id='word_1_378' title='bbox 1855 1481 1974 1559; x_wconf 39' lang='lat'><strong>223³?</strong></span> 
     </span>
    </p>
   </div>
   <div class='ocr_carea' id='block_1_12' title="bbox 1078 1542 1989 1788">
    <p class='ocr_par' dir='ltr' id='par_1_14' title="bbox 1078 1542 1989 1788">
     <span class='ocr_line' id='line_1_63' title="bbox 1083 1542 1941 1598; baseline -0.001 -21"><span class='ocrx_word' id='word_1_379' title='bbox 1083 1555 1260 1590; x_wconf 82' lang='lat' dir='ltr'><strong>gentorum</strong></span> <span class='ocrx_word' id='word_1_380' title='bbox 1271 1569 1280 1582; x_wconf 91' lang='lat'><em>‚</em></span> <span class='ocrx_word' id='word_1_381' title='bbox 1292 1544 1366 1580; x_wconf 71' lang='lat' dir='ltr'><strong>cum</strong></span> <span class='ocrx_word' id='word_1_382' title='bbox 1386 1545 1463 1579; x_wconf 87' lang='lat' dir='ltr'><strong>alibi</strong></span> <span class='ocrx_word' id='word_1_383' title='bbox 1478 1544 1539 1578; x_wconf 85' lang='lat' dir='ltr'><strong>dici</strong></span> <span class='ocrx_word' id='word_1_384' title='bbox 1552 1542 1653 1577; x_wconf 86' lang='lat' dir='ltr'><strong>soleat</strong></span> <span class='ocrx_word' id='word_1_385' title='bbox 1669 1553 1834 1576; x_wconf 87' lang='lat' dir='ltr'><strong>annorum</strong></span> <span class='ocrx_word' id='word_1_386' title='bbox 1849 1564 1941 1598; x_wconf 78' lang='lat' dir='ltr'><strong>posteri</strong></span> 
     </span>
     <span class='ocr_line' id='line_1_64' title="bbox 1082 1591 1989 1643; baseline 0.008 -18"><span class='ocrx_word' id='word_1_387' title='bbox 1082 1594 1397 1641; x_wconf 79' lang='lat' dir='ltr'><strong>quadringentorum</strong></span> <span class='ocrx_word' id='word_1_388' title='bbox 1411 1596 1568 1643; x_wconf 75' lang='lat' dir='ltr'><strong>triginta3</strong></span> <span class='ocrx_word' id='word_1_389' title='bbox 1589 1591 1776 1637; x_wconf 74' lang='lat' dir='ltr'><strong>ibidemque</strong></span> <span class='ocrx_word' id='word_1_390' title='bbox 1787 1602 1835 1624; x_wconf 73' lang='lat' dir='ltr'><strong>re·</strong></span> <span class='ocrx_word' id='word_1_391' title='bbox 1854 1602 1989 1632; x_wconf 64' lang='lat' dir='ltr'><strong>Abraba-</strong></span> 
     </span>
     <span class='ocr_line' id='line_1_65' title="bbox 1080 1640 1967 1692; baseline -0.001 -17"><span class='ocrx_word' id='word_1_392' title='bbox 1080 1642 1166 1676; x_wconf 90' lang='lat' dir='ltr'><strong>ditus</strong></span> <span class='ocrx_word' id='word_1_393' title='bbox 1179 1656 1216 1677; x_wconf 84' lang='lat' dir='ltr'><strong>ex</strong></span> <span class='ocrx_word' id='word_1_394' title='bbox 1238 1646 1383 1692; x_wconf 74' lang='lat' dir='ltr'><strong>AEgypto</strong></span> <span class='ocrx_word' id='word_1_395' title='bbox 1401 1645 1611 1691; x_wconf 82' lang='lat' dir='ltr'><strong>promittatur</strong></span> <span class='ocrx_word' id='word_1_396' title='bbox 1628 1640 1834 1688; x_wconf 75' lang='lat' dir='ltr'><strong>generatione</strong></span> <span class='ocrx_word' id='word_1_397' title='bbox 1855 1645 1967 1672; x_wconf 78' lang='lat' dir='ltr'><strong>miannis</strong></span> 
     </span>
     <span class='ocr_line' id='line_1_66' title="bbox 1079 1687 1967 1739; baseline -0.002 -15"><span class='ocrx_word' id='word_1_398' title='bbox 1079 1690 1210 1738; x_wconf 73' lang='lat' dir='ltr'><strong>quartz‘l,</strong></span> <span class='ocrx_word' id='word_1_399' title='bbox 1228 1689 1303 1727; x_wconf 66' lang='lat' dir='ltr'><strong>clim</strong></span> <span class='ocrx_word' id='word_1_400' title='bbox 1322 1705 1431 1728; x_wconf 87' lang='lat' dir='ltr'><strong>tamen</strong></span> <span class='ocrx_word' id='word_1_401' title='bbox 1442 1691 1536 1739; x_wconf 87' lang='lat' dir='ltr'><strong>supra</strong></span> <span class='ocrx_word' id='word_1_402' title='bbox 1548 1691 1626 1724; x_wconf 67' lang='lat' dir='ltr'><strong>oeto</strong></span> <span class='ocrx_word' id='word_1_403' title='bbox 1646 1699 1702 1722; x_wconf 87' lang='lat' dir='ltr'><strong>aut</strong></span> <span class='ocrx_word' id='word_1_404' title='bbox 1719 1687 1831 1722; x_wconf 88' lang='lat' dir='ltr'><strong>decem</strong></span> <span class='ocrx_word' id='word_1_405' title='bbox 1856 1692 1967 1716; x_wconf 61' lang='lat'><em>&amp;400-</em></span> 
     </span>
     <span class='ocr_line' id='line_1_67' title="bbox 1078 1732 1968 1788; baseline 0.002 -18"><span class='ocrx_word' id='word_1_406' title='bbox 1078 1743 1305 1788; x_wconf 74' lang='lat' dir='ltr'><strong>generationes</strong></span> <span class='ocrx_word' id='word_1_407' title='bbox 1326 1743 1359 1777; x_wconf 80' lang='lat' dir='ltr'><strong>in</strong></span> <span class='ocrx_word' id='word_1_408' title='bbox 1387 1739 1498 1788; x_wconf 68' lang='lat' dir='ltr'><strong>Iqft’phi</strong></span> <span class='ocrx_word' id='word_1_409' title='bbox 1518 1737 1642 1774; x_wconf 45' lang='lat' dir='ltr'><strong>famili&amp;</strong></span> <span class='ocrx_word' id='word_1_410' title='bbox 1668 1739 1751 1772; x_wconf 81' lang='lat' dir='ltr'><strong>intra</strong></span> <span class='ocrx_word' id='word_1_411' title='bbox 1773 1737 1834 1771; x_wconf 76' lang='lat' dir='ltr'><strong>hos</strong></span> <span class='ocrx_word' id='word_1_412' title='bbox 1855 1732 1968 1757; x_wconf 57' lang='lat'>&amp;43⁰²</span> 
     </span>
    </p>
   </div>
   <div class='ocr_carea' id='block_1_13' title="bbox 1079 1773 1987 1837">
    <p class='ocr_par' dir='ltr' id='par_1_15' title="bbox 1079 1773 1987 1837">
     <span class='ocr_line' id='line_1_68' title="bbox 1079 1773 1987 1837; baseline -0.006 -13"><span class='ocrx_word' id='word_1_413' title='bbox 1079 1792 1235 1837; x_wconf 83' lang='lat' dir='ltr'><strong>temporis</strong></span> <span class='ocrx_word' id='word_1_414' title='bbox 1251 1793 1410 1825; x_wconf 82' lang='lat' dir='ltr'><strong>cancellos</strong></span> <span class='ocrx_word' id='word_1_415' title='bbox 1424 1789 1719 1825; x_wconf 83' lang='lat' dir='ltr'><strong>numeraverimus?</strong></span> <span class='ocrx_word' id='word_1_416' title='bbox 1737 1785 1834 1833; x_wconf 88' lang='lat' dir='ltr'><strong>Resp.</strong></span> <span class='ocrx_word' id='word_1_417' title='bbox 1853 1773 1987 1835; x_wconf 45' lang='lat' dir='ltr'><strong>zzlffi‘-</strong></span> 
     </span>
    </p>
   </div>
   <div class='ocr_carea' id='block_1_14' title="bbox 281 1837 1904 1888">
    <p class='ocr_par' dir='ltr' id='par_1_16' title="bbox 281 1837 1904 1888">
     <span class='ocr_line' id='line_1_69' title="bbox 281 1837 1904 1888; baseline -0.001 -15"><span class='ocrx_word' id='word_1_418' title='bbox 281 1853 329 1873; x_wconf 81' lang='lat' dir='ltr'><strong>mo</strong></span> <span class='ocrx_word' id='word_1_419' title='bbox 340 1863 350 1876; x_wconf 86' lang='lat'>,</span> <span class='ocrx_word' id='word_1_420' title='bbox 367 1841 455 1874; x_wconf 90' lang='lat' dir='ltr'><strong>nulla</strong></span> <span class='ocrx_word' id='word_1_421' title='bbox 468 1852 597 1875; x_wconf 90' lang='lat' dir='ltr'><strong>motum</strong></span> <span class='ocrx_word' id='word_1_422' title='bbox 616 1839 680 1875; x_wconf 86' lang='lat' dir='ltr'><strong>fide</strong></span> <span class='ocrx_word' id='word_1_423' title='bbox 697 1842 729 1875; x_wconf 88' lang='lat' dir='ltr'><strong>in</strong></span> <span class='ocrx_word' id='word_1_424' title='bbox 742 1839 970 1888; x_wconf 78' lang='lat' dir='ltr'><strong>promissiones</strong></span> <span class='ocrx_word' id='word_1_425' title='bbox 982 1842 1030 1876; x_wconf 90' lang='lat' dir='ltr'><strong>di-</strong></span> <span class='ocrx_word' id='word_1_426' title='bbox 1077 1840 1116 1874; x_wconf 82' lang='lat' dir='ltr'><strong>ad</strong></span> <span class='ocrx_word' id='word_1_427' title='bbox 1129 1842 1225 1887; x_wconf 85' lang='lat' dir='ltr'><strong>prius,</strong></span> <span class='ocrx_word' id='word_1_428' title='bbox 1235 1853 1292 1887; x_wconf 94' lang='lat' dir='ltr'><strong>pro</strong></span> <span class='ocrx_word' id='word_1_429' title='bbox 1301 1839 1479 1876; x_wconf 77' lang='lat' dir='ltr'><strong>diversitate</strong></span> <span class='ocrx_word' id='word_1_430' title='bbox 1491 1840 1706 1873; x_wconf 87' lang='lat' dir='ltr'><strong>terminorum</strong></span> <span class='ocrx_word' id='word_1_431' title='bbox 1718 1837 1832 1871; x_wconf 80' lang='lat' dir='ltr'><strong>variari</strong></span> <span class='ocrx_word' id='word_1_432' title='bbox 1852 1844 1904 1875; x_wconf 75' lang='lat' dir='ltr'><strong>bus.</strong></span> 
     </span>
    </p>
   </div>
   <div class='ocr_carea' id='block_1_15' title="bbox 267 1888 1036 3162">
    <p class='ocr_par' dir='ltr' id='par_1_17' title="bbox 279 1888 1030 2024">
     <span class='ocr_line' id='line_1_70' title="bbox 282 1888 1029 1936; baseline 0.003 -13"><span class='ocrx_word' id='word_1_433' title='bbox 282 1890 373 1923; x_wconf 84' lang='lat' dir='ltr'><strong>vinas</strong></span> <span class='ocrx_word' id='word_1_434' title='bbox 391 1894 491 1934; x_wconf 89' lang='lat' dir='ltr'><strong>(nam</strong></span> <span class='ocrx_word' id='word_1_435' title='bbox 504 1889 615 1929; x_wconf 63' lang='grc' dir='ltr'><em>ἅπιςον</em></span> <span class='ocrx_word' id='word_1_436' title='bbox 627 1894 747 1929; x_wconf 79' lang='lat' dir='ltr'><strong>vocat)</strong></span> <span class='ocrx_word' id='word_1_437' title='bbox 768 1890 817 1925; x_wconf 86' lang='lat' dir='ltr'><strong>sed</strong></span> <span class='ocrx_word' id='word_1_438' title='bbox 827 1888 896 1923; x_wconf 89' lang='lat' dir='ltr'><strong>solo</strong></span> <span class='ocrx_word' id='word_1_439' title='bbox 909 1892 1029 1936; x_wconf 86' lang='lat' dir='ltr'><strong>paterni</strong></span> 
     </span>
     <span class='ocr_line' id='line_1_71' title="bbox 280 1937 1030 1986; baseline 0.004 -14"><span class='ocrx_word' id='word_1_440' title='bbox 280 1940 402 1973; x_wconf 86' lang='lat' dir='ltr'><strong>amoris</strong></span> <span class='ocrx_word' id='word_1_441' title='bbox 410 1952 484 1986; x_wconf 83' lang='lat' dir='ltr'><strong>erga</strong></span> <span class='ocrx_word' id='word_1_442' title='bbox 493 1937 596 1972; x_wconf 80' lang='lat' dir='ltr'><strong>filium</strong></span> <span class='ocrx_word' id='word_1_443' title='bbox 609 1938 740 1985; x_wconf 83' lang='lat' dir='ltr'><strong>philtro.</strong></span> <span class='ocrx_word' id='word_1_444' title='bbox 759 1941 849 1974; x_wconf 85' lang='lat' dir='ltr'><strong>Dura</strong></span> <span class='ocrx_word' id='word_1_445' title='bbox 859 1940 1030 1975; x_wconf 77' lang='lat' dir='ltr'><strong>nimishaec</strong></span> 
     </span>
     <span class='ocr_line' id='line_1_72' title="bbox 279 1985 657 2024; baseline -0.008 0"><span class='ocrx_word' id='word_1_446' title='bbox 279 1989 365 2024; x_wconf 85' lang='lat' dir='ltr'><strong>estin</strong></span> <span class='ocrx_word' id='word_1_447' title='bbox 377 1985 506 2022; x_wconf 72' lang='lat' dir='ltr'><strong>Tharam</strong></span> <span class='ocrx_word' id='word_1_448' title='bbox 517 1987 657 2022; x_wconf 84' lang='lat' dir='ltr'><strong>censura.</strong></span> 
     </span>
    </p>

    <p class='ocr_par' dir='ltr' id='par_1_18' title="bbox 268 2037 1036 2574">
     <span class='ocr_line' id='line_1_73' title="bbox 324 2037 1036 2084; baseline 0.004 -14"><span class='ocrx_word' id='word_1_449' title='bbox 324 2039 487 2083; x_wconf 79' lang='lat' dir='ltr'><strong>Quartum</strong></span> <span class='ocrx_word' id='word_1_450' title='bbox 521 2037 662 2071; x_wconf 72' lang='lat' dir='ltr'><strong>Tornielli</strong></span> <span class='ocrx_word' id='word_1_451' title='bbox 685 2047 926 2084; x_wconf 85' lang='lat' dir='ltr'><strong>argumentum.</strong></span> <span class='ocrx_word' id='word_1_452' title='bbox 960 2038 1036 2074; x_wconf 43' lang='lat' dir='ltr'><strong>Nisi*</strong></span> 
     </span>
     <span class='ocr_line' id='line_1_74' title="bbox 274 2083 1029 2134; baseline 0.001 -13"><span class='ocrx_word' id='word_1_453' title='bbox 274 2083 462 2121; x_wconf 77' lang='lat' dir='ltr'><strong>eAbrahami</strong></span> <span class='ocrx_word' id='word_1_454' title='bbox 484 2087 635 2121; x_wconf 80' lang='lat' dir='ltr'><strong>nativitas</strong></span> <span class='ocrx_word' id='word_1_455' title='bbox 662 2084 899 2134; x_wconf 79' lang='lat' dir='ltr'><strong>septuagesimo</strong></span> <span class='ocrx_word' id='word_1_456' title='bbox 925 2084 1029 2122; x_wconf 78' lang='lat' dir='ltr'><strong>Tharae</strong></span> 
     </span>
     <span class='ocr_line' id='line_1_75' title="bbox 271 2134 1027 2183; baseline 0.003 -14"><span class='ocrx_word' id='word_1_457' title='bbox 271 2134 431 2183; x_wconf 82' lang='lat' dir='ltr'><strong>sexaginta</strong></span> <span class='ocrx_word' id='word_1_458' title='bbox 442 2137 522 2170; x_wconf 84' lang='lat' dir='ltr'><strong>totis</strong></span> <span class='ocrx_word' id='word_1_459' title='bbox 534 2137 625 2170; x_wconf 85' lang='lat' dir='ltr'><strong>annis</strong></span> <span class='ocrx_word' id='word_1_460' title='bbox 635 2135 790 2183; x_wconf 82' lang='lat' dir='ltr'><strong>posterior</strong></span> <span class='ocrx_word' id='word_1_461' title='bbox 800 2135 849 2176; x_wconf 83' lang='lat' dir='ltr'><strong>fit,</strong></span> <span class='ocrx_word' id='word_1_462' title='bbox 862 2139 891 2169; x_wconf 69' lang='grc' dir='ltr'>ἅ</span> <span class='ocrx_word' id='word_1_463' title='bbox 902 2135 919 2170; x_wconf 71' lang='grc' dir='ltr'>ὲ</span> <span class='ocrx_word' id='word_1_464' title='bbox 929 2138 1027 2171; x_wconf 89' lang='lat' dir='ltr'><strong>Dilu-</strong></span> 
     </span>
     <span class='ocr_line' id='line_1_76' title="bbox 271 2184 1026 2232; baseline 0.004 -14"><span class='ocrx_word' id='word_1_465' title='bbox 271 2187 327 2218; x_wconf 87' lang='lat' dir='ltr'><strong>vio</strong></span> <span class='ocrx_word' id='word_1_466' title='bbox 347 2186 476 2232; x_wconf 84' lang='lat' dir='ltr'><strong>longius</strong></span> <span class='ocrx_word' id='word_1_467' title='bbox 490 2195 699 2219; x_wconf 85' lang='lat' dir='ltr'><strong>removeatur</strong></span> <span class='ocrx_word' id='word_1_468' title='bbox 711 2208 722 2224; x_wconf 85' lang='lat'>‚</span> <span class='ocrx_word' id='word_1_469' title='bbox 734 2184 830 2231; x_wconf 67' lang='lat' dir='ltr'><strong>quam</strong></span> <span class='ocrx_word' id='word_1_470' title='bbox 855 2186 1026 2221; x_wconf 87' lang='lat' dir='ltr'><strong>intervallo</strong></span> 
     </span>
     <span class='ocr_line' id='line_1_77' title="bbox 273 2232 1025 2280; baseline 0.003 -14"><span class='ocrx_word' id='word_1_471' title='bbox 273 2232 586 2280; x_wconf 80' lang='lat' dir='ltr'><strong>quadringentorum</strong></span> <span class='ocrx_word' id='word_1_472' title='bbox 605 2235 784 2279; x_wconf 83' lang='lat' dir='ltr'><strong>nonaginta</strong></span> <span class='ocrx_word' id='word_1_473' title='bbox 810 2233 948 2267; x_wconf 90' lang='lat' dir='ltr'><strong>duorum</strong></span> <span class='ocrx_word' id='word_1_474' title='bbox 969 2248 1025 2268; x_wconf 88' lang='lat' dir='ltr'><strong>an-</strong></span> 
     </span>
     <span class='ocr_line' id='line_1_78' title="bbox 271 2280 1026 2328; baseline 0.003 -13"><span class='ocrx_word' id='word_1_475' title='bbox 271 2294 391 2315; x_wconf 88' lang='lat' dir='ltr'><strong>norum</strong></span> <span class='ocrx_word' id='word_1_476' title='bbox 405 2305 414 2318; x_wconf 92' lang='lat'><em>,</em></span> <span class='ocrx_word' id='word_1_477' title='bbox 434 2280 631 2328; x_wconf 83' lang='lat' dir='ltr'><strong>impoffibile</strong></span> <span class='ocrx_word' id='word_1_478' title='bbox 646 2280 689 2315; x_wconf 87' lang='lat' dir='ltr'><strong>est</strong></span> <span class='ocrx_word' id='word_1_479' title='bbox 702 2304 711 2317; x_wconf 92' lang='lat'><em>‚</em></span> <span class='ocrx_word' id='word_1_480' title='bbox 732 2292 768 2314; x_wconf 92' lang='lat' dir='ltr'><strong>ut</strong></span> <span class='ocrx_word' id='word_1_481' title='bbox 783 2292 854 2315; x_wconf 85' lang='lat' dir='ltr'><strong>tum</strong></span> <span class='ocrx_word' id='word_1_482' title='bbox 867 2285 1026 2328; x_wconf 87' lang='lat' dir='ltr'><strong>temporis</strong></span> 
     </span>
     <span class='ocr_line' id='line_1_79' title="bbox 271 2329 1023 2379; baseline 0.001 -14"><span class='ocrx_word' id='word_1_483' title='bbox 271 2341 431 2379; x_wconf 86' lang='lat' dir='ltr'><strong>regnante</strong></span> <span class='ocrx_word' id='word_1_484' title='bbox 443 2333 525 2365; x_wconf 78' lang='lat' dir='ltr'><strong>Nino</strong></span> <span class='ocrx_word' id='word_1_485' title='bbox 538 2331 712 2365; x_wconf 83' lang='lat' dir='ltr'><strong>excreverit</strong></span> <span class='ocrx_word' id='word_1_486' title='bbox 727 2342 830 2377; x_wconf 81' lang='lat' dir='ltr'><strong>genus</strong></span> <span class='ocrx_word' id='word_1_487' title='bbox 843 2329 1023 2366; x_wconf 80' lang='lat' dir='ltr'><strong>humanum</strong></span> 
     </span>
     <span class='ocr_line' id='line_1_80' title="bbox 269 2378 1024 2426; baseline 0.001 -13"><span class='ocrx_word' id='word_1_488' title='bbox 269 2380 304 2413; x_wconf 91' lang='lat' dir='ltr'><strong>in</strong></span> <span class='ocrx_word' id='word_1_489' title='bbox 315 2391 436 2413; x_wconf 88' lang='lat' dir='ltr'><strong>tantam</strong></span> <span class='ocrx_word' id='word_1_490' title='bbox 455 2378 698 2413; x_wconf 80' lang='lat' dir='ltr'><strong>multitudinem</strong></span> <span class='ocrx_word' id='word_1_491' title='bbox 708 2404 718 2419; x_wconf 91' lang='lat'>‚</span> <span class='ocrx_word' id='word_1_492' title='bbox 731 2391 799 2426; x_wconf 87' lang='lat' dir='ltr'><strong>quae</strong></span> <span class='ocrx_word' id='word_1_493' title='bbox 809 2380 1001 2414; x_wconf 86' lang='lat' dir='ltr'><strong>exercitibus</strong></span> <span class='ocrx_word' id='word_1_494' title='bbox 1015 2404 1024 2417; x_wconf 91' lang='lat'>‚</span> 
     </span>
     <span class='ocr_line' id='line_1_81' title="bbox 268 2426 1022 2475; baseline 0.001 -13"><span class='ocrx_word' id='word_1_495' title='bbox 268 2441 350 2475; x_wconf 88' lang='lat' dir='ltr'><strong>quos</strong></span> <span class='ocrx_word' id='word_1_496' title='bbox 361 2428 503 2463; x_wconf 84' lang='lat' dir='ltr'><strong>historici</strong></span> <span class='ocrx_word' id='word_1_497' title='bbox 515 2439 641 2463; x_wconf 85' lang='lat' dir='ltr'><strong>narrant</strong></span> <span class='ocrx_word' id='word_1_498' title='bbox 659 2441 699 2462; x_wconf 91' lang='lat' dir='ltr'><strong>eo</strong></span> <span class='ocrx_word' id='word_1_499' title='bbox 717 2426 822 2462; x_wconf 89' lang='lat' dir='ltr'><strong>seculo</strong></span> <span class='ocrx_word' id='word_1_500' title='bbox 834 2427 951 2463; x_wconf 54' lang='lat' dir='ltr'><strong>ducqos</strong></span> <span class='ocrx_word' id='word_1_501' title='bbox 963 2453 973 2468; x_wconf 88' lang='lat'>,</span> <span class='ocrx_word' id='word_1_502' title='bbox 989 2431 1022 2464; x_wconf 89' lang='lat' dir='ltr'><strong>in</strong></span> 
     </span>
     <span class='ocr_line' id='line_1_82' title="bbox 269 2476 1022 2526; baseline 0.004 -16"><span class='ocrx_word' id='word_1_503' title='bbox 269 2478 420 2512; x_wconf 85' lang='lat' dir='ltr'><strong>militiam</strong></span> <span class='ocrx_word' id='word_1_504' title='bbox 443 2476 635 2512; x_wconf 87' lang='lat' dir='ltr'><strong>sufficerent.</strong></span> <span class='ocrx_word' id='word_1_505' title='bbox 660 2476 758 2524; x_wconf 85' lang='lat' dir='ltr'><strong>Resp.</strong></span> <span class='ocrx_word' id='word_1_506' title='bbox 779 2477 818 2511; x_wconf 87' lang='lat' dir='ltr'><strong>de</strong></span> <span class='ocrx_word' id='word_1_507' title='bbox 840 2476 903 2512; x_wconf 90' lang='lat' dir='ltr'><strong>hoc</strong></span> <span class='ocrx_word' id='word_1_508' title='bbox 924 2490 1022 2526; x_wconf 82' lang='lat' dir='ltr'><strong>argu-</strong></span> 
     </span>
     <span class='ocr_line' id='line_1_83' title="bbox 268 2526 741 2574; baseline 0.004 -14"><span class='ocrx_word' id='word_1_509' title='bbox 268 2537 382 2561; x_wconf 89' lang='lat' dir='ltr'><strong>mento</strong></span> <span class='ocrx_word' id='word_1_510' title='bbox 393 2528 482 2574; x_wconf 82' lang='lat' dir='ltr'><strong>supra</strong></span> <span class='ocrx_word' id='word_1_511' title='bbox 492 2527 565 2561; x_wconf 88' lang='lat' dir='ltr'><strong>satis</strong></span> <span class='ocrx_word' id='word_1_512' title='bbox 576 2526 741 2574; x_wconf 90' lang='lat' dir='ltr'><strong>superque.</strong></span> 
     </span>
    </p>

    <p class='ocr_par' dir='ltr' id='par_1_19' title="bbox 267 2575 1022 3014">
     <span class='ocr_line' id='line_1_84' title="bbox 317 2575 1020 2624; baseline 0.001 -15"><span class='ocrx_word' id='word_1_513' title='bbox 317 2577 485 2617; x_wconf 88' lang='lat' dir='ltr'><strong>Quintum</strong></span> <span class='ocrx_word' id='word_1_514' title='bbox 511 2575 650 2611; x_wconf 72' lang='lat' dir='ltr'><strong>Tomielli</strong></span> <span class='ocrx_word' id='word_1_515' title='bbox 674 2586 914 2624; x_wconf 84' lang='lat' dir='ltr'><strong>argumentum.</strong></span> <span class='ocrx_word' id='word_1_516' title='bbox 940 2577 1020 2611; x_wconf 87' lang='lat' dir='ltr'><strong>Non</strong></span> 
     </span>
     <span class='ocr_line' id='line_1_85' title="bbox 270 2622 1021 2660; baseline 0 -1"><span class='ocrx_word' id='word_1_517' title='bbox 270 2623 313 2659; x_wconf 86' lang='lat' dir='ltr'><strong>est</strong></span> <span class='ocrx_word' id='word_1_518' title='bbox 334 2625 488 2659; x_wconf 86' lang='lat' dir='ltr'><strong>credibile</strong></span> <span class='ocrx_word' id='word_1_519' title='bbox 514 2622 720 2659; x_wconf 78' lang='lat' dir='ltr'><strong>Abrahamum</strong></span> <span class='ocrx_word' id='word_1_520' title='bbox 740 2625 791 2660; x_wconf 88' lang='lat' dir='ltr'><strong>vel</strong></span> <span class='ocrx_word' id='word_1_521' title='bbox 811 2625 856 2659; x_wconf 94' lang='lat' dir='ltr'><strong>ob</strong></span> <span class='ocrx_word' id='word_1_522' title='bbox 872 2623 1021 2659; x_wconf 65' lang='lat' dir='ltr'><strong>affeetum</strong></span> 
     </span>
     <span class='ocr_line' id='line_1_86' title="bbox 269 2673 1021 2721; baseline -0.001 -14"><span class='ocrx_word' id='word_1_523' title='bbox 269 2684 439 2720; x_wconf 85' lang='lat' dir='ltr'><strong>paternum</strong></span> <span class='ocrx_word' id='word_1_524' title='bbox 454 2698 462 2711; x_wconf 81' lang='lat'>‚</span> <span class='ocrx_word' id='word_1_525' title='bbox 486 2676 536 2708; x_wconf 91' lang='lat' dir='ltr'><strong>vel</strong></span> <span class='ocrx_word' id='word_1_526' title='bbox 554 2675 667 2721; x_wconf 62' lang='lat' dir='ltr'><strong>quivis</strong></span> <span class='ocrx_word' id='word_1_527' title='bbox 685 2673 746 2708; x_wconf 69' lang='lat' dir='ltr'><strong>alifi</strong></span> <span class='ocrx_word' id='word_1_528' title='bbox 761 2674 800 2708; x_wconf 91' lang='lat' dir='ltr'><strong>de</strong></span> <span class='ocrx_word' id='word_1_529' title='bbox 815 2673 907 2708; x_wconf 63' lang='lat' dir='ltr'><strong>causa</strong></span> <span class='ocrx_word' id='word_1_530' title='bbox 919 2674 1021 2708; x_wconf 88' lang='lat' dir='ltr'><strong>redire</strong></span> 
     </span>
     <span class='ocr_line' id='line_1_87' title="bbox 268 2720 1022 2769; baseline 0 -14"><span class='ocrx_word' id='word_1_531' title='bbox 268 2721 400 2756; x_wconf 81' lang='lat' dir='ltr'><strong>voluisse</strong></span> <span class='ocrx_word' id='word_1_532' title='bbox 411 2722 449 2757; x_wconf 87' lang='lat' dir='ltr'><strong>ad</strong></span> <span class='ocrx_word' id='word_1_533' title='bbox 463 2722 676 2757; x_wconf 87' lang='lat' dir='ltr'><strong>habitandum</strong></span> <span class='ocrx_word' id='word_1_534' title='bbox 689 2724 721 2756; x_wconf 89' lang='lat' dir='ltr'><strong>in</strong></span> <span class='ocrx_word' id='word_1_535' title='bbox 733 2721 767 2756; x_wconf 64' lang='lat' dir='ltr'><strong>ea&#39;i</strong></span> <span class='ocrx_word' id='word_1_536' title='bbox 779 2720 948 2769; x_wconf 38' lang='lat' dir='ltr'><strong>regione&amp;</strong></span> <span class='ocrx_word' id='word_1_537' title='bbox 961 2722 1022 2769; x_wconf 67' lang='lat' dir='ltr'><strong>qua</strong></span> 
     </span>
     <span class='ocr_line' id='line_1_88' title="bbox 267 2769 1020 2817; baseline 0 -13"><span class='ocrx_word' id='word_1_538' title='bbox 267 2772 436 2806; x_wconf 87' lang='lat' dir='ltr'><strong>Dominus</strong></span> <span class='ocrx_word' id='word_1_539' title='bbox 457 2784 531 2806; x_wconf 87' lang='lat' dir='ltr'><strong>eum</strong></span> <span class='ocrx_word' id='word_1_540' title='bbox 551 2781 751 2806; x_wconf 86' lang='lat' dir='ltr'><strong>evocaverat.</strong></span> <span class='ocrx_word' id='word_1_541' title='bbox 787 2769 883 2817; x_wconf 89' lang='lat' dir='ltr'><strong>Resp.</strong></span> <span class='ocrx_word' id='word_1_542' title='bbox 909 2771 1020 2805; x_wconf 90' lang='lat' dir='ltr'><strong>Nemo</strong></span> 
     </span>
     <span class='ocr_line' id='line_1_89' title="bbox 269 2817 1020 2867; baseline 0.001 -14"><span class='ocrx_word' id='word_1_543' title='bbox 269 2818 370 2854; x_wconf 76' lang='lat' dir='ltr'><strong>afferit</strong></span> <span class='ocrx_word' id='word_1_544' title='bbox 392 2820 511 2856; x_wconf 72' lang='lat' dir='ltr'><strong>rediisse</strong></span> <span class='ocrx_word' id='word_1_545' title='bbox 524 2817 724 2855; x_wconf 77' lang='lat' dir='ltr'><strong>Abrahamum</strong></span> <span class='ocrx_word' id='word_1_546' title='bbox 737 2820 813 2853; x_wconf 88' lang='lat' dir='ltr'><strong>utin</strong></span> <span class='ocrx_word' id='word_1_547' title='bbox 826 2819 1020 2867; x_wconf 76' lang='lat' dir='ltr'><strong>Mesopota-</strong></span> 
     </span>
     <span class='ocr_line' id='line_1_90' title="bbox 268 2868 1019 2917; baseline 0.001 -15"><span class='ocrx_word' id='word_1_548' title='bbox 268 2868 332 2902; x_wconf 61' lang='lat' dir='ltr'><strong>mia</strong></span> <span class='ocrx_word' id='word_1_549' title='bbox 343 2869 509 2909; x_wconf 61' lang='lat' dir='ltr'><strong>habitaret,</strong></span> <span class='ocrx_word' id='word_1_550' title='bbox 525 2869 573 2905; x_wconf 91' lang='lat' dir='ltr'><strong>sed</strong></span> <span class='ocrx_word' id='word_1_551' title='bbox 586 2881 620 2904; x_wconf 86' lang='lat' dir='ltr'><strong>ur</strong></span> <span class='ocrx_word' id='word_1_552' title='bbox 631 2869 799 2903; x_wconf 83' lang='lat' dir='ltr'><strong>occasione</strong></span> <span class='ocrx_word' id='word_1_553' title='bbox 809 2870 1019 2917; x_wconf 84' lang='lat' dir='ltr'><strong>negotiorum</strong></span> 
     </span>
     <span class='ocr_line' id='line_1_91' title="bbox 271 2917 1021 2965; baseline 0.001 -13"><span class='ocrx_word' id='word_1_554' title='bbox 271 2918 324 2957; x_wconf 73' lang='lat' dir='ltr'><strong>eo,</strong></span> <span class='ocrx_word' id='word_1_555' title='bbox 340 2921 466 2965; x_wconf 82' lang='lat' dir='ltr'><strong>quoties</strong></span> <span class='ocrx_word' id='word_1_556' title='bbox 477 2918 620 2954; x_wconf 88' lang='lat' dir='ltr'><strong>lubitum</strong></span> <span class='ocrx_word' id='word_1_557' title='bbox 630 2917 716 2957; x_wconf 74' lang='lat' dir='ltr'><strong>essct,</strong></span> <span class='ocrx_word' id='word_1_558' title='bbox 729 2918 843 2952; x_wconf 87' lang='lat' dir='ltr'><strong>rediret</strong></span> <span class='ocrx_word' id='word_1_559' title='bbox 856 2930 864 2955; x_wconf 78' lang='lat'>3</span> <span class='ocrx_word' id='word_1_560' title='bbox 886 2920 950 2952; x_wconf 91' lang='lat' dir='ltr'><strong>Dei</strong></span> <span class='ocrx_word' id='word_1_561' title='bbox 964 2930 1021 2953; x_wconf 93' lang='lat' dir='ltr'><strong>vo-</strong></span> 
     </span>
     <span class='ocr_line' id='line_1_92' title="bbox 273 2967 940 3014; baseline 0.001 -14"><span class='ocrx_word' id='word_1_562' title='bbox 273 2968 359 3002; x_wconf 84' lang='lat' dir='ltr'><strong>catio</strong></span> <span class='ocrx_word' id='word_1_563' title='bbox 370 2969 403 3002; x_wconf 87' lang='lat' dir='ltr'><strong>in</strong></span> <span class='ocrx_word' id='word_1_564' title='bbox 416 2967 630 3004; x_wconf 82' lang='lat' dir='ltr'><strong>Chananaeam</strong></span> <span class='ocrx_word' id='word_1_565' title='bbox 641 2967 723 3002; x_wconf 82' lang='lat' dir='ltr'><strong>nihil</strong></span> <span class='ocrx_word' id='word_1_566' title='bbox 735 2967 940 3014; x_wconf 82' lang='lat' dir='ltr'><strong>impediebat.</strong></span> 
     </span>
    </p>

    <p class='ocr_par' dir='ltr' id='par_1_20' title="bbox 274 3014 1020 3113">
     <span class='ocr_line' id='line_1_93' title="bbox 322 3014 1020 3053; baseline 0.004 -4"><span class='ocrx_word' id='word_1_567' title='bbox 322 3018 467 3051; x_wconf 84' lang='lat' dir='ltr'><strong>Sextum.</strong></span> <span class='ocrx_word' id='word_1_568' title='bbox 493 3020 523 3051; x_wconf 90' lang='lat' dir='ltr'><strong>Si</strong></span> <span class='ocrx_word' id='word_1_569' title='bbox 581 3020 645 3053; x_wconf 88' lang='lat' dir='ltr'><strong>avis</strong></span> <span class='ocrx_word' id='word_1_570' title='bbox 665 3017 703 3051; x_wconf 87' lang='lat' dir='ltr'><strong>de</strong></span> <span class='ocrx_word' id='word_1_571' title='bbox 722 3015 812 3050; x_wconf 66' lang='lat' dir='ltr'><strong>causz‘i</strong></span> <span class='ocrx_word' id='word_1_572' title='bbox 834 3014 1020 3052; x_wconf 65' lang='lat' dir='ltr'><strong>Abrahamus</strong></span> 
     </span>
     <span class='ocr_line' id='line_1_94' title="bbox 274 3061 1019 3113; baseline 0.001 -14"><span class='ocrx_word' id='word_1_573' title='bbox 274 3061 447 3109; x_wconf 81' lang='lat' dir='ltr'><strong>aliquando</strong></span> <span class='ocrx_word' id='word_1_574' title='bbox 465 3066 716 3113; x_wconf 77' lang='lat' dir='ltr'><strong>proficisceretur</strong></span> <span class='ocrx_word' id='word_1_575' title='bbox 731 3065 771 3099; x_wconf 90' lang='lat' dir='ltr'><strong>de</strong></span> <span class='ocrx_word' id='word_1_576' title='bbox 792 3065 974 3100; x_wconf 67' lang='lat' dir='ltr'><strong>Chananaefi</strong></span> <span class='ocrx_word' id='word_1_577' title='bbox 987 3068 1019 3100; x_wconf 90' lang='lat' dir='ltr'><strong>in</strong></span> 
     </span>
    </p>

    <p class='ocr_par' dir='ltr' id='par_1_21' title="bbox 276 3111 1020 3162">
     <span class='ocr_line' id='line_1_95' title="bbox 276 3111 1020 3162; baseline 0.011 -20"><span class='ocrx_word' id='word_1_578' title='bbox 276 3111 774 3162; x_wconf 84' lang='lat' dir='ltr'><strong>Mesopotamiam‚perniciosum</strong></span> <span class='ocrx_word' id='word_1_579' title='bbox 786 3114 955 3161; x_wconf 70' lang='lat' dir='ltr'><strong>prebuisset</strong></span> <span class='ocrx_word' id='word_1_580' title='bbox 968 3129 1020 3150; x_wconf 86' lang='lat' dir='ltr'><strong>cx-</strong></span> 
     </span>
    </p>
   </div>
   <div class='ocr_carea' id='block_1_16' title="bbox 276 3161 1020 3211">
    <p class='ocr_par' dir='ltr' id='par_1_22' title="bbox 276 3161 1020 3211">
     <span class='ocr_line' id='line_1_96' title="bbox 276 3161 1020 3211; baseline 0.004 -15"><span class='ocrx_word' id='word_1_581' title='bbox 276 3161 420 3207; x_wconf 81' lang='lat' dir='ltr'><strong>emplum</strong></span> <span class='ocrx_word' id='word_1_582' title='bbox 432 3162 494 3197; x_wconf 81' lang='lat' dir='ltr'><strong>suis</strong></span> <span class='ocrx_word' id='word_1_583' title='bbox 503 3165 646 3211; x_wconf 87' lang='lat' dir='ltr'><strong>posteris,</strong></span> <span class='ocrx_word' id='word_1_584' title='bbox 656 3163 902 3203; x_wconf 85' lang='lat' dir='ltr'><strong>removendisua</strong></span> <span class='ocrx_word' id='word_1_585' title='bbox 912 3164 1020 3200; x_wconf 88' lang='lat' dir='ltr'><strong>dorni-</strong></span> 
     </span>
    </p>
   </div>
   <div class='ocr_carea' id='block_1_17' title="bbox 1037 1167 1070 3200">
    <p class='ocr_par' dir='ltr' id='par_1_23' title="bbox 1037 1167 1070 3200">
     <span class='ocr_line' id='line_1_97' title="bbox 1037 1167 1070 3200; baseline 0 0"><span class='ocrx_word' id='word_1_586' title='bbox 1037 1167 1070 3200; x_wconf 95' lang='lat' dir='ltr'><strong> </strong></span> 
     </span>
    </p>
   </div>
   <div class='ocr_carea' id='block_1_18' title="bbox 1060 1885 1833 3154">
    <p class='ocr_par' dir='ltr' id='par_1_24' title="bbox 1066 1885 1833 2610">
     <span class='ocr_line' id='line_1_98' title="bbox 1077 1885 1830 1938; baseline -0.007 -15"><span class='ocrx_word' id='word_1_587' title='bbox 1077 1902 1348 1938; x_wconf 85' lang='lat' dir='ltr'><strong>quorumcunque</strong></span> <span class='ocrx_word' id='word_1_588' title='bbox 1375 1889 1545 1924; x_wconf 87' lang='lat' dir='ltr'><strong>calculos:</strong></span> <span class='ocrx_word' id='word_1_589' title='bbox 1569 1887 1648 1922; x_wconf 92' lang='lat' dir='ltr'><strong>dum</strong></span> <span class='ocrx_word' id='word_1_590' title='bbox 1675 1885 1830 1933; x_wconf 72' lang='lat' dir='ltr'><strong>quadrin-</strong></span> 
     </span>
     <span class='ocr_line' id='line_1_99' title="bbox 1075 1935 1832 1986; baseline -0.008 -14"><span class='ocrx_word' id='word_1_591' title='bbox 1075 1940 1167 1985; x_wconf 84' lang='lat' dir='ltr'><strong>genti</strong></span> <span class='ocrx_word' id='word_1_592' title='bbox 1190 1940 1327 1986; x_wconf 80' lang='lat' dir='ltr'><strong>triginta</strong></span> <span class='ocrx_word' id='word_1_593' title='bbox 1345 1940 1420 1973; x_wconf 86' lang='lat' dir='ltr'><strong>anni</strong></span> <span class='ocrx_word' id='word_1_594' title='bbox 1442 1937 1623 1972; x_wconf 83' lang='lat' dir='ltr'><strong>statuuntur</strong></span> <span class='ocrx_word' id='word_1_595' title='bbox 1642 1935 1832 1983; x_wconf 86' lang='lat' dir='ltr'><strong>peregrina-</strong></span> 
     </span>
     <span class='ocr_line' id='line_1_100' title="bbox 1077 1984 1833 2024; baseline -0.008 -2"><span class='ocrx_word' id='word_1_596' title='bbox 1077 1990 1175 2022; x_wconf 89' lang='lat' dir='ltr'><strong>tionis</strong></span> <span class='ocrx_word' id='word_1_597' title='bbox 1200 1987 1416 2024; x_wconf 85' lang='lat' dir='ltr'><strong>Hebraeorum</strong></span> <span class='ocrx_word' id='word_1_598' title='bbox 1430 2011 1439 2024; x_wconf 88' lang='lat'>‚</span> <span class='ocrx_word' id='word_1_599' title='bbox 1456 1998 1568 2021; x_wconf 89' lang='lat' dir='ltr'><strong>eorum</strong></span> <span class='ocrx_word' id='word_1_600' title='bbox 1579 1986 1707 2018; x_wconf 86' lang='lat' dir='ltr'><strong>initium</strong></span> <span class='ocrx_word' id='word_1_601' title='bbox 1722 1984 1833 2018; x_wconf 87' lang='lat' dir='ltr'><strong>collo-</strong></span> 
     </span>
     <span class='ocr_line' id='line_1_101' title="bbox 1074 2031 1832 2083; baseline -0.008 -11"><span class='ocrx_word' id='word_1_602' title='bbox 1074 2048 1165 2072; x_wconf 87' lang='lat' dir='ltr'><strong>catur</strong></span> <span class='ocrx_word' id='word_1_603' title='bbox 1192 2039 1226 2071; x_wconf 91' lang='lat' dir='ltr'><strong>in</strong></span> <span class='ocrx_word' id='word_1_604' title='bbox 1250 2037 1353 2083; x_wconf 71' lang='lat' dir='ltr'><strong>primii</strong></span> <span class='ocrx_word' id='word_1_605' title='bbox 1373 2034 1541 2071; x_wconf 75' lang='lat' dir='ltr'><strong>Abrahami</strong></span> <span class='ocrx_word' id='word_1_606' title='bbox 1564 2031 1768 2082; x_wconf 68' lang='lat' dir='ltr'><strong>profeffione</strong></span> <span class='ocrx_word' id='word_1_607' title='bbox 1792 2031 1832 2066; x_wconf 91' lang='lat' dir='ltr'><strong>de</strong></span> 
     </span>
     <span class='ocr_line' id='line_1_102' title="bbox 1074 2080 1827 2129; baseline -0.008 -10"><span class='ocrx_word' id='word_1_608' title='bbox 1074 2093 1131 2120; x_wconf 87' lang='lat' dir='ltr'><strong>Ure</strong></span> <span class='ocrx_word' id='word_1_609' title='bbox 1142 2083 1348 2123; x_wconf 72' lang='lat' dir='ltr'><strong>Chaldaeortcm‚</strong></span> <span class='ocrx_word' id='word_1_610' title='bbox 1357 2086 1465 2121; x_wconf 87' lang='lat' dir='ltr'><strong>saltem</strong></span> <span class='ocrx_word' id='word_1_611' title='bbox 1477 2085 1517 2119; x_wconf 91' lang='lat' dir='ltr'><strong>de</strong></span> <span class='ocrx_word' id='word_1_612' title='bbox 1528 2080 1668 2117; x_wconf 76' lang='lat' dir='ltr'><strong>Charrane</strong></span> <span class='ocrx_word' id='word_1_613' title='bbox 1687 2082 1827 2129; x_wconf 75' lang='lat' dir='ltr'><strong>Mefhpo-</strong></span> 
     </span>
     <span class='ocr_line' id='line_1_103' title="bbox 1073 2129 1823 2177; baseline -0.008 -8"><span class='ocrx_word' id='word_1_614' title='bbox 1073 2136 1163 2170; x_wconf 81' lang='lat' dir='ltr'><strong>tamiae</strong></span> <span class='ocrx_word' id='word_1_615' title='bbox 1174 2137 1206 2170; x_wconf 89' lang='lat' dir='ltr'><strong>in</strong></span> <span class='ocrx_word' id='word_1_616' title='bbox 1218 2134 1411 2170; x_wconf 70' lang='lat' dir='ltr'><strong>chananaeam</strong></span> <span class='ocrx_word' id='word_1_617' title='bbox 1421 2150 1431 2170; x_wconf 88' lang='lat'><strong>.·</strong></span> <span class='ocrx_word' id='word_1_618' title='bbox 1448 2133 1501 2169; x_wconf 91' lang='lat' dir='ltr'><strong>sed</strong></span> <span class='ocrx_word' id='word_1_619' title='bbox 1509 2129 1675 2168; x_wconf 76' lang='lat' dir='ltr'><strong>Abrahami</strong></span> <span class='ocrx_word' id='word_1_620' title='bbox 1685 2129 1823 2177; x_wconf 85' lang='lat' dir='ltr'><strong>profun-</strong></span> 
     </span>
     <span class='ocr_line' id='line_1_104' title="bbox 1073 2178 1825 2226; baseline -0.009 -8"><span class='ocrx_word' id='word_1_621' title='bbox 1073 2186 1132 2219; x_wconf 88' lang='lat' dir='ltr'><strong>dus</strong></span> <span class='ocrx_word' id='word_1_622' title='bbox 1151 2184 1284 2219; x_wconf 90' lang='lat' dir='ltr'><strong>somnus</strong></span> <span class='ocrx_word' id='word_1_623' title='bbox 1305 2189 1336 2219; x_wconf 89' lang='lat'>&amp;</span> <span class='ocrx_word' id='word_1_624' title='bbox 1352 2184 1474 2218; x_wconf 87' lang='lat' dir='ltr'><strong>ecstafis</strong></span> <span class='ocrx_word' id='word_1_625' title='bbox 1492 2183 1581 2216; x_wconf 87' lang='lat' dir='ltr'><strong>Gen.</strong></span> <span class='ocrx_word' id='word_1_626' title='bbox 1597 2192 1646 2220; x_wconf 84' lang='lat'><strong>15.</strong></span> <span class='ocrx_word' id='word_1_627' title='bbox 1660 2178 1825 2226; x_wconf 87' lang='lat' dir='ltr'><strong>postistud</strong></span> 
     </span>
     <span class='ocr_line' id='line_1_105' title="bbox 1071 2226 1829 2280; baseline -0.009 -13"><span class='ocrx_word' id='word_1_628' title='bbox 1071 2235 1131 2267; x_wconf 87' lang='lat' dir='ltr'><strong>iter</strong></span> <span class='ocrx_word' id='word_1_629' title='bbox 1142 2235 1294 2280; x_wconf 83' lang='lat' dir='ltr'><strong>contigit.</strong></span> <span class='ocrx_word' id='word_1_630' title='bbox 1321 2231 1474 2267; x_wconf 67' lang='lat' dir='ltr'><strong>Praetcrea</strong></span> <span class='ocrx_word' id='word_1_631' title='bbox 1489 2242 1557 2264; x_wconf 87' lang='lat' dir='ltr'><strong>non</strong></span> <span class='ocrx_word' id='word_1_632' title='bbox 1569 2227 1642 2263; x_wconf 73' lang='lat' dir='ltr'><strong>raro</strong></span> <span class='ocrx_word' id='word_1_633' title='bbox 1660 2226 1829 2262; x_wconf 86' lang='lat' dir='ltr'><strong>Sacrosan-</strong></span> 
     </span>
     <span class='ocr_line' id='line_1_106' title="bbox 1070 2278 1829 2327; baseline -0.007 -12"><span class='ocrx_word' id='word_1_634' title='bbox 1070 2283 1120 2315; x_wconf 69' lang='lat' dir='ltr'><strong>&amp;a</strong></span> <span class='ocrx_word' id='word_1_635' title='bbox 1144 2283 1309 2327; x_wconf 88' lang='lat' dir='ltr'><strong>Scriptura</strong></span> <span class='ocrx_word' id='word_1_636' title='bbox 1328 2282 1361 2314; x_wconf 87' lang='lat' dir='ltr'><strong>in</strong></span> <span class='ocrx_word' id='word_1_637' title='bbox 1381 2292 1519 2315; x_wconf 86' lang='lat' dir='ltr'><strong>numero</strong></span> <span class='ocrx_word' id='word_1_638' title='bbox 1538 2278 1681 2312; x_wconf 87' lang='lat' dir='ltr'><strong>rotundo</strong></span> <span class='ocrx_word' id='word_1_639' title='bbox 1698 2278 1829 2324; x_wconf 88' lang='lat' dir='ltr'><strong>aliquo-</strong></span> 
     </span>
     <span class='ocr_line' id='line_1_107' title="bbox 1068 2326 1827 2373; baseline -0.009 -8"><span class='ocrx_word' id='word_1_640' title='bbox 1068 2343 1139 2365; x_wconf 89' lang='lat' dir='ltr'><strong>rum</strong></span> <span class='ocrx_word' id='word_1_641' title='bbox 1152 2342 1325 2370; x_wconf 84' lang='lat' dir='ltr'><strong>annorum,</strong></span> <span class='ocrx_word' id='word_1_642' title='bbox 1337 2330 1457 2364; x_wconf 82' lang='lat' dir='ltr'><strong>nedum</strong></span> <span class='ocrx_word' id='word_1_643' title='bbox 1472 2327 1640 2366; x_wconf 81' lang='lat' dir='ltr'><strong>mensium,</strong></span> <span class='ocrx_word' id='word_1_644' title='bbox 1650 2326 1827 2373; x_wconf 87' lang='lat' dir='ltr'><strong>aliquando</strong></span> 
     </span>
     <span class='ocr_line' id='line_1_108' title="bbox 1069 2375 1830 2426; baseline -0.008 -13"><span class='ocrx_word' id='word_1_645' title='bbox 1069 2377 1238 2416; x_wconf 87' lang='lat' dir='ltr'><strong>excessum,</strong></span> <span class='ocrx_word' id='word_1_646' title='bbox 1250 2380 1423 2426; x_wconf 86' lang='lat' dir='ltr'><strong>aliquando</strong></span> <span class='ocrx_word' id='word_1_647' title='bbox 1436 2377 1599 2412; x_wconf 59' lang='lat' dir='ltr'><strong>defectum</strong></span> <span class='ocrx_word' id='word_1_648' title='bbox 1612 2375 1830 2422; x_wconf 88' lang='lat' dir='ltr'><strong>comprehen-</strong></span> 
     </span>
     <span class='ocr_line' id='line_1_109' title="bbox 1067 2427 1829 2476; baseline -0.007 -14"><span class='ocrx_word' id='word_1_649' title='bbox 1067 2429 1114 2463; x_wconf 90' lang='lat' dir='ltr'><strong>dit</strong></span> <span class='ocrx_word' id='word_1_650' title='bbox 1126 2452 1136 2468; x_wconf 92' lang='lat'>,</span> <span class='ocrx_word' id='word_1_651' title='bbox 1159 2430 1202 2462; x_wconf 88' lang='lat' dir='ltr'><strong>ita</strong></span> <span class='ocrx_word' id='word_1_652' title='bbox 1215 2440 1252 2462; x_wconf 89' lang='lat' dir='ltr'><strong>ut</strong></span> <span class='ocrx_word' id='word_1_653' title='bbox 1270 2429 1430 2462; x_wconf 90' lang='lat' dir='ltr'><strong>rotundus</strong></span> <span class='ocrx_word' id='word_1_654' title='bbox 1441 2427 1752 2476; x_wconf 83' lang='lat' dir='ltr'><strong>quadringentorum</strong></span> <span class='ocrx_word' id='word_1_655' title='bbox 1770 2436 1829 2458; x_wconf 88' lang='lat' dir='ltr'><strong>an·</strong></span> 
     </span>
     <span class='ocr_line' id='line_1_110' title="bbox 1067 2472 1823 2525; baseline -0.009 -13"><span class='ocrx_word' id='word_1_656' title='bbox 1067 2490 1182 2512; x_wconf 89' lang='lat' dir='ltr'><strong>norum</strong></span> <span class='ocrx_word' id='word_1_657' title='bbox 1194 2489 1369 2524; x_wconf 86' lang='lat' dir='ltr'><strong>computus</strong></span> <span class='ocrx_word' id='word_1_658' title='bbox 1381 2479 1515 2525; x_wconf 83' lang='lat' dir='ltr'><strong>triginta</strong></span> <span class='ocrx_word' id='word_1_659' title='bbox 1528 2502 1536 2515; x_wconf 82' lang='lat'>‚</span> <span class='ocrx_word' id='word_1_660' title='bbox 1555 2485 1609 2510; x_wconf 80' lang='lat' dir='ltr'><strong>aut</strong></span> <span class='ocrx_word' id='word_1_661' title='bbox 1620 2475 1689 2522; x_wconf 89' lang='lat' dir='ltr'><strong>plus</strong></span> <span class='ocrx_word' id='word_1_662' title='bbox 1699 2472 1823 2508; x_wconf 80' lang='lat' dir='ltr'><strong>minus-</strong></span> 
     </span>
     <span class='ocr_line' id='line_1_111' title="bbox 1067 2522 1824 2575; baseline -0.009 -14"><span class='ocrx_word' id='word_1_663' title='bbox 1067 2540 1104 2562; x_wconf 91' lang='lat' dir='ltr'><strong>ve</strong></span> <span class='ocrx_word' id='word_1_664' title='bbox 1125 2527 1217 2575; x_wconf 89' lang='lat' dir='ltr'><strong>quod</strong></span> <span class='ocrx_word' id='word_1_665' title='bbox 1237 2527 1370 2561; x_wconf 82' lang='lat' dir='ltr'><strong>excedat</strong></span> <span class='ocrx_word' id='word_1_666' title='bbox 1388 2538 1441 2561; x_wconf 88' lang='lat' dir='ltr'><strong>aut</strong></span> <span class='ocrx_word' id='word_1_667' title='bbox 1455 2524 1605 2563; x_wconf 83' lang='lat' dir='ltr'><strong>deficiat,</strong></span> <span class='ocrx_word' id='word_1_668' title='bbox 1630 2535 1697 2556; x_wconf 88' lang='lat' dir='ltr'><strong>non</strong></span> <span class='ocrx_word' id='word_1_669' title='bbox 1712 2522 1824 2556; x_wconf 85' lang='lat' dir='ltr'><strong>exclu-</strong></span> 
     </span>
     <span class='ocr_line' id='line_1_112' title="bbox 1066 2576 1134 2610; baseline -0.029 0"><span class='ocrx_word' id='word_1_670' title='bbox 1066 2576 1134 2610; x_wconf 86' lang='lat' dir='ltr'><strong>dat.</strong></span> 
     </span>
    </p>

    <p class='ocr_par' dir='ltr' id='par_1_25' title="bbox 1064 2615 1823 2915">
     <span class='ocr_line' id='line_1_113' title="bbox 1112 2615 1823 2671; baseline -0.011 -13"><span class='ocrx_word' id='word_1_671' title='bbox 1112 2624 1165 2658; x_wconf 89' lang='lat' dir='ltr'><strong>Ad</strong></span> <span class='ocrx_word' id='word_1_672' title='bbox 1187 2622 1339 2671; x_wconf 86' lang='lat' dir='ltr'><strong>posterius</strong></span> <span class='ocrx_word' id='word_1_673' title='bbox 1371 2621 1469 2668; x_wconf 85' lang='lat' dir='ltr'><strong>Resp.</strong></span> <span class='ocrx_word' id='word_1_674' title='bbox 1497 2619 1757 2655; x_wconf 86' lang='lat' dir='ltr'><strong>Generationem</strong></span> <span class='ocrx_word' id='word_1_675' title='bbox 1770 2615 1823 2651; x_wconf 87' lang='lat' dir='ltr'><strong>seu</strong></span> 
     </span>
     <span class='ocr_line' id='line_1_114' title="bbox 1066 2666 1822 2718; baseline -0.008 -12"><span class='ocrx_word' id='word_1_676' title='bbox 1066 2672 1200 2706; x_wconf 73' lang='lat' dir='ltr'><strong>seculum</strong></span> <span class='ocrx_word' id='word_1_677' title='bbox 1211 2672 1309 2718; x_wconf 73' lang='lat' dir='ltr'><strong>vulgo</strong></span> <span class='ocrx_word' id='word_1_678' title='bbox 1322 2681 1454 2705; x_wconf 90' lang='lat' dir='ltr'><strong>centum</strong></span> <span class='ocrx_word' id='word_1_679' title='bbox 1473 2682 1634 2704; x_wconf 84' lang='lat' dir='ltr'><strong>annorum</strong></span> <span class='ocrx_word' id='word_1_680' title='bbox 1647 2667 1752 2714; x_wconf 88' lang='lat' dir='ltr'><strong>spatio</strong></span> <span class='ocrx_word' id='word_1_681' title='bbox 1767 2666 1822 2701; x_wconf 91' lang='lat' dir='ltr'><strong>de-</strong></span> 
     </span>
     <span class='ocr_line' id='line_1_115' title="bbox 1066 2717 1822 2768; baseline -0.008 -14"><span class='ocrx_word' id='word_1_682' title='bbox 1066 2719 1172 2759; x_wconf 89' lang='lat' dir='ltr'><strong>finiri,</strong></span> <span class='ocrx_word' id='word_1_683' title='bbox 1195 2723 1239 2754; x_wconf 88' lang='lat' dir='ltr'><strong>ita</strong></span> <span class='ocrx_word' id='word_1_684' title='bbox 1255 2719 1345 2768; x_wconf 88' lang='lat' dir='ltr'><strong>quod</strong></span> <span class='ocrx_word' id='word_1_685' title='bbox 1359 2720 1429 2766; x_wconf 85' lang='lat' dir='ltr'><strong>post</strong></span> <span class='ocrx_word' id='word_1_686' title='bbox 1449 2731 1552 2754; x_wconf 85' lang='lat' dir='ltr'><strong>annos</strong></span> <span class='ocrx_word' id='word_1_687' title='bbox 1565 2717 1822 2766; x_wconf 84' lang='lat' dir='ltr'><strong>quadringentos</strong></span> 
     </span>
     <span class='ocr_line' id='line_1_116' title="bbox 1066 2764 1819 2816; baseline -0.009 -13"><span class='ocrx_word' id='word_1_688' title='bbox 1066 2770 1205 2805; x_wconf 85' lang='lat' dir='ltr'><strong>accidit,</strong></span> <span class='ocrx_word' id='word_1_689' title='bbox 1222 2769 1255 2803; x_wconf 92' lang='lat' dir='ltr'><strong>id</strong></span> <span class='ocrx_word' id='word_1_690' title='bbox 1281 2769 1364 2803; x_wconf 68' lang='lat' dir='ltr'><strong>reete</strong></span> <span class='ocrx_word' id='word_1_691' title='bbox 1385 2768 1495 2816; x_wconf 60' lang='lat' dir='ltr'><strong>quarta</strong></span> <span class='ocrx_word' id='word_1_692' title='bbox 1520 2768 1729 2816; x_wconf 80' lang='lat' dir='ltr'><strong>generatione</strong></span> <span class='ocrx_word' id='word_1_693' title='bbox 1757 2764 1819 2798; x_wconf 89' lang='lat' dir='ltr'><strong>dici</strong></span> 
     </span>
     <span class='ocr_line' id='line_1_117' title="bbox 1067 2811 1818 2866; baseline -0.011 -14"><span class='ocrx_word' id='word_1_694' title='bbox 1067 2817 1248 2866; x_wconf 72' lang='lat' dir='ltr'><strong>contigisse.</strong></span> <span class='ocrx_word' id='word_1_695' title='bbox 1274 2818 1428 2853; x_wconf 71' lang='lat' dir='ltr'><strong>Praeterea</strong></span> <span class='ocrx_word' id='word_1_696' title='bbox 1442 2819 1518 2852; x_wconf 84' lang='lat' dir='ltr'><strong>licet</strong></span> <span class='ocrx_word' id='word_1_697' title='bbox 1531 2831 1571 2852; x_wconf 90' lang='lat' dir='ltr'><strong>eo</strong></span> <span class='ocrx_word' id='word_1_698' title='bbox 1582 2815 1736 2862; x_wconf 89' lang='lat' dir='ltr'><strong>temporis</strong></span> <span class='ocrx_word' id='word_1_699' title='bbox 1748 2811 1818 2859; x_wconf 87' lang='lat' dir='ltr'><strong>spa-</strong></span> 
     </span>
     <span class='ocr_line' id='line_1_118' title="bbox 1064 2863 1817 2915; baseline -0.011 -13"><span class='ocrx_word' id='word_1_700' title='bbox 1064 2870 1113 2902; x_wconf 91' lang='lat' dir='ltr'><strong>tio</strong></span> <span class='ocrx_word' id='word_1_701' title='bbox 1131 2869 1163 2902; x_wconf 90' lang='lat' dir='ltr'><strong>in</strong></span> <span class='ocrx_word' id='word_1_702' title='bbox 1183 2867 1374 2915; x_wconf 88' lang='lat' dir='ltr'><strong>quibusdam</strong></span> <span class='ocrx_word' id='word_1_703' title='bbox 1394 2866 1526 2902; x_wconf 87' lang='lat' dir='ltr'><strong>familiis</strong></span> <span class='ocrx_word' id='word_1_704' title='bbox 1551 2867 1630 2901; x_wconf 63' lang='lat' dir='ltr'><strong>oeto</strong></span> <span class='ocrx_word' id='word_1_705' title='bbox 1655 2867 1686 2897; x_wconf 67' lang='grc' dir='ltr'><strong>ὃ(</strong></span> <span class='ocrx_word' id='word_1_706' title='bbox 1708 2863 1817 2909; x_wconf 86' lang='lat' dir='ltr'><strong>plures</strong></span> 
     </span>
    </p>

    <p class='ocr_par' dir='ltr' id='par_1_26' title="bbox 1060 2912 1819 3154">
     <span class='ocr_line' id='line_1_119' title="bbox 1089 2912 1819 2957; baseline -0.011 -6"><span class='ocrx_word' id='word_1_707' title='bbox 1089 2917 1181 2952; x_wconf 86' lang='lat' dir='ltr'><strong>radus</strong></span> <span class='ocrx_word' id='word_1_708' title='bbox 1193 2928 1416 2957; x_wconf 84' lang='lat' dir='ltr'><strong>numerentur;</strong></span> <span class='ocrx_word' id='word_1_709' title='bbox 1428 2919 1461 2950; x_wconf 84' lang='lat' dir='ltr'><strong>in</strong></span> <span class='ocrx_word' id='word_1_710' title='bbox 1474 2917 1542 2949; x_wconf 87' lang='lat' dir='ltr'><strong>aliis</strong></span> <span class='ocrx_word' id='word_1_711' title='bbox 1552 2925 1659 2949; x_wconf 84' lang='lat' dir='ltr'><strong>tamen</strong></span> <span class='ocrx_word' id='word_1_712' title='bbox 1670 2924 1738 2945; x_wconf 90' lang='lat' dir='ltr'><strong>non</strong></span> <span class='ocrx_word' id='word_1_713' title='bbox 1750 2912 1819 2944; x_wconf 86' lang='lat' dir='ltr'><strong>mi-</strong></span> 
     </span>
     <span class='ocr_line' id='line_1_120' title="bbox 1064 2965 1814 3011; baseline -0.011 -11"><span class='ocrx_word' id='word_1_714' title='bbox 1064 2965 1125 3000; x_wconf 69' lang='lat' dir='ltr'><strong>nus</strong></span> <span class='ocrx_word' id='word_1_715' title='bbox 1143 2965 1317 3000; x_wconf 76' lang='lat' dir='ltr'><strong>illustribus</strong></span> <span class='ocrx_word' id='word_1_716' title='bbox 1336 2968 1387 3000; x_wconf 82' lang='lat' dir='ltr'><strong>vix</strong></span> <span class='ocrx_word' id='word_1_717' title='bbox 1399 2967 1479 2999; x_wconf 84' lang='lat' dir='ltr'><strong>ultra</strong></span> <span class='ocrx_word' id='word_1_718' title='bbox 1490 2975 1631 3011; x_wconf 84' lang='lat' dir='ltr'><strong>quatuor</strong></span> <span class='ocrx_word' id='word_1_719' title='bbox 1648 2970 1814 3007; x_wconf 86' lang='lat' dir='ltr'><strong>apparent,</strong></span> 
     </span>
     <span class='ocr_line' id='line_1_121' title="bbox 1063 3008 1814 3057; baseline -0.008 -9"><span class='ocrx_word' id='word_1_720' title='bbox 1063 3014 1175 3050; x_wconf 86' lang='lat' dir='ltr'><strong>saltem</strong></span> <span class='ocrx_word' id='word_1_721' title='bbox 1193 3014 1234 3048; x_wconf 86' lang='lat' dir='ltr'><strong>ab</strong></span> <span class='ocrx_word' id='word_1_722' title='bbox 1246 3016 1384 3049; x_wconf 86' lang='lat' dir='ltr'><strong>introitu</strong></span> <span class='ocrx_word' id='word_1_723' title='bbox 1396 3014 1434 3048; x_wconf 90' lang='lat' dir='ltr'><strong>ad</strong></span> <span class='ocrx_word' id='word_1_724' title='bbox 1448 3015 1594 3047; x_wconf 85' lang='lat' dir='ltr'><strong>exitum:</strong></span> <span class='ocrx_word' id='word_1_725' title='bbox 1616 3010 1713 3057; x_wconf 83' lang='lat' dir='ltr'><strong>Esrom</strong></span> <span class='ocrx_word' id='word_1_726' title='bbox 1725 3008 1814 3043; x_wconf 85' lang='lat' dir='ltr'><strong>filius</strong></span> 
     </span>
     <span class='ocr_line' id='line_1_122' title="bbox 1061 3062 1812 3110; baseline -0.009 -12"><span class='ocrx_word' id='word_1_727' title='bbox 1061 3063 1190 3100; x_wconf 51' lang='lat' dir='ltr'><strong>Pharai</strong></span> <span class='ocrx_word' id='word_1_728' title='bbox 1203 3076 1306 3110; x_wconf 82' lang='lat' dir='ltr'><strong>nepos</strong></span> <span class='ocrx_word' id='word_1_729' title='bbox 1317 3064 1393 3097; x_wconf 65' lang='lat' dir='ltr'><strong>luda</strong></span> <span class='ocrx_word' id='word_1_730' title='bbox 1403 3062 1515 3110; x_wconf 85' lang='lat' dir='ltr'><strong>genuit</strong></span> <span class='ocrx_word' id='word_1_731' title='bbox 1532 3063 1564 3096; x_wconf 88' lang='lat' dir='ltr'><strong>in</strong></span> <span class='ocrx_word' id='word_1_732' title='bbox 1577 3064 1718 3107; x_wconf 70' lang='lat' dir='ltr'><strong>AEgypto</strong></span> <span class='ocrx_word' id='word_1_733' title='bbox 1733 3062 1812 3092; x_wconf 87' lang='lat' dir='ltr'><strong>Ram</strong></span> 
     </span>
     <span class='ocr_line' id='line_1_123' title="bbox 1060 3109 1813 3154; baseline -0.009 -7"><span class='ocrx_word' id='word_1_734' title='bbox 1060 3117 1093 3148; x_wconf 83' lang='lat'>&amp;</span> <span class='ocrx_word' id='word_1_735' title='bbox 1105 3116 1178 3147; x_wconf 80' lang='lat' dir='ltr'><strong>Ram</strong></span> <span class='ocrx_word' id='word_1_736' title='bbox 1194 3111 1385 3151; x_wconf 70' lang='lat' dir='ltr'><strong>Aminadab,</strong></span> <span class='ocrx_word' id='word_1_737' title='bbox 1406 3113 1458 3145; x_wconf 90' lang='lat' dir='ltr'><strong>hic</strong></span> <span class='ocrx_word' id='word_1_738' title='bbox 1477 3110 1553 3146; x_wconf 73' lang='lat' dir='ltr'><strong>vero</strong></span> <span class='ocrx_word' id='word_1_739' title='bbox 1567 3111 1712 3154; x_wconf 68' lang='lat' dir='ltr'><strong>Naaffim,</strong></span> <span class='ocrx_word' id='word_1_740' title='bbox 1736 3111 1769 3142; x_wconf 68' lang='grc' dir='ltr'><strong>δε</strong></span> <span class='ocrx_word' id='word_1_741' title='bbox 1787 3109 1813 3141; x_wconf 86' lang='lat' dir='ltr'><strong>is</strong></span> 
     </span>
    </p>
   </div>
   <div class='ocr_carea' id='block_1_19' title="bbox 1058 3157 1813 3239">
    <p class='ocr_par' dir='ltr' id='par_1_27' title="bbox 1058 3157 1813 3239">
     <span class='ocr_line' id='line_1_124' title="bbox 1058 3157 1813 3239; baseline -0.007 -42"><span class='ocrx_word' id='word_1_742' title='bbox 1058 3162 1175 3198; x_wconf 78' lang='lat' dir='ltr'><strong>Salmon</strong></span> <span class='ocrx_word' id='word_1_743' title='bbox 1194 3163 1350 3197; x_wconf 88' lang='lat' dir='ltr'><strong>maritum</strong></span> <span class='ocrx_word' id='word_1_744' title='bbox 1364 3157 1495 3198; x_wconf 74' lang='lat' dir='ltr'><strong>Rachab,</strong></span> <span class='ocrx_word' id='word_1_745' title='bbox 1519 3159 1649 3196; x_wconf 71' lang='lat' dir='ltr'><strong>Davidu</strong></span> <span class='ocrx_word' id='word_1_746' title='bbox 1662 3159 1813 3239; x_wconf 54' lang='lat' dir='ltr'><strong>abavlumg</strong></span> 
     </span>
     <span class='ocr_line' id='line_1_125' title="bbox 1763 3217 1812 3238; baseline -0.041 0"><span class='ocrx_word' id='word_1_747' title='bbox 1763 3217 1812 3238; x_wconf 64' lang='lat' dir='ltr'><strong>evss</strong></span> 
     </span>
    </p>
   </div>
  </div>
 </body>
</html>
