2048 3343
99 2283 172 2310 Deus
185 2285 230 2319 Ro-

99 2326 219 2350 manorum

97 2375 182 2392 malim
190 2376 216 2392 ln·

81 2399 183 2443 ‘sersvs

98 2449 224 2476 convertit.

274 93 353 144 290
617 90 928 129 Opaats

268 167 458 204 Secundum
477 168 543 200 hoc
564 163 702 199 Senatus
718 163 874 198 secretum
894 159 1023 195 consul-

268 231 338 253 tum
352 217 558 265 postularunt
578 215 713 249 tandem
732 212 849 259 quarte>
867 212 963 258 legati
983 219 1019 243 ut

269 268 438 313 Carthago
458 265 657 300 desereretur
675 289 684 303 ,
713 259 919 309 populusque
939 271 1020 307 quas

267 315 365 351 vellet
378 328 482 349 novas
491 313 580 348 sedes
593 313 651 347 fibi
664 311 821 350 sumeret,
838 308 947 344 modo
962 309 1021 342 sta-

267 367 329 400 diis
346 363 512 413 sexaginta
526 363 543 398 εὶ
558 364 649 396 mari.
683 359 778 393 Plebs
799 370 936 407 accepto
953 358 1020 392 hoc

267 414 437 462 postulato
456 413 529 448 vere
549 410 673 450 furere,
687 406 854 442 senatores
874 410 950 445 suos
962 408 1019 453 qui

269 462 413 500 obfides,
430 463 552 497 classem
565 486 574 501 ‚
587 464 620 495 δε
633 470 723 492 arma
733 458 938 492 tradiderunt
950 482 959 497 ,
975 456 1022 489 la-

266 512 402 560 pidibus
416 513 663 549 obruere‚arma
674 520 762 540 nova
779 532 788 546 ,
822 505 1021 551 classemque

267 575 305 595 ac
319 562 432 595 bellica
444 561 655 594 instrumenta
666 558 718 590 diu
731 556 899 602 noeluque
914 552 1017 589 fabri-

266 623 351 647 care,
363 611 471 645 donec
483 606 664 643 incredibili
675 603 924 644 industrffisum
939 603 1022 638 terrz‘i

263 662 412 707 marique
423 660 595 693 exercitum
608 666 727 701 compa
734 651 860 694 taffent,
869 654 926 701 qui
937 667 967 687 m
974 654 1021 688 ul—

264 720 313 743 tas
325 710 484 744 Romanis
497 706 590 740 simul
611 709 644 738 &
659 704 798 751 Mafiniffa
810 703 919 738 clades
931 705 1020 737 intu-

262 760 321 798 lit,
345 756 501 792 Consules
528 753 658 801 aliquot
680 756 714 787 &
736 753 840 787 varios
860 756 1017 787 exercitus

261 805 378 852 fregit,
397 810 432 839 δε
451 802 506 837 nili
527 816 584 849 per
597 804 694 836 unius
709 805 841 849 Scipionis
860 803 1017 837 virtutem

260 854 403 893 stetisset,
413 854 557 887 omnino
570 849 745 886 delevisset.

312 905 400 950 Scipio
413 904 466 936 hic
480 914 643 936 annorum
664 902 796 949 triginta
807 901 936 945 juvenis
949 912 1018 933 ma·
1040 923 1041 926 =

258 954 339 997 joris
357 953 488 997 Africani
511 963 615 999 nepos
634 949 676 984 ab
696 953 839 985 exercitu
866 952 1017 984 Romam

258 997 429 1041 concessit,
444 1001 630 1037 aedilitatcm
644 1001 806 1046 petiturus
834 1012 842 1033 ε
867 997 980 1033 verum
999 998 1017 1032 al

260 1054 391 1099 populo
405 1049 625 1086 Consulatum
638 1046 743 1096 ipsum
756 1049 812 1083 diu
822 1059 899 1082 ante
911 1048 1019 1096 legiti-

260 1113 351 1134 mam
361 1111 486 1134 aetatem
499 1099 579 1133 nihil
592 1099 632 1132 de
644 1111 685 1133 eo
696 1101 845 1146 cogitans
857 1097 1018 1139 obtinuit,

261 1152 358 1197 eique
374 1151 545 1184 Provincia
555 1147 665 1182 Africa
677 1146 864 1192 acdelenda
874 1145 1019 1182 Cartha-

260 1212 304 1247 go
328 1198 496 1233 commiffa
508 1226 515 1233 .
548 1198 600 1233 Ut
627 1197 669 1231 ad
687 1199 863 1231 exercitum
893 1195 1019 1231 Consul

260 1249 381 1288 rediit,
397 1247 518 1282 milites
529 1247 662 1293 antiqua
676 1246 840 1290 disciplinfi
853 1247 960 1280 statim
973 1248 1019 1279 ita

259 1297 409 1331 iustruxit
421 1323 430 1337 ‚
455 1309 490 1330 ut
509 1298 629 1330 Poenos
644 1295 814 1331 confestim
832 1298 918 1330 intra
931 1296 1020 1330 urbis

259 1359 376 1380 muros
387 1344 475 1381 artht
489 1345 664 1380 obfidione
677 1348 937 1385 concluderet,&
949 1357 1021 1380 tan-

261 1395 340 1430 dem
356 1398 385 1429 vi
397 1407 540 1441 caperet.
578 1396 722 1429 Maxima
738 1393 1020 1442 Carthaginiensis

260 1448 379 1493 populi
400 1445 515 1494 strages
531 1443 612 1485 fuit,
635 1450 667 1479 &
689 1444 766 1480 urbs
780 1444 1019 1491 septemdecim

261 1497 385 1528 dierum
398 1497 564 1528 continuo
585 1497 738 1528 incendio
749 1519 756 1531 ‚
775 1495 1020 1541 illachrymante

265 1546 403 1590 Scipione,
417 1543 616 1591 consumpta
629 1544 685 1581 est,
697 1544 876 1579 secundum
890 1544 1020 1579 crudele

263 1596 383 1627 Catonis
392 1591 561 1640 placitum.

311 1643 473 1688 Hasdrubal
487 1645 666 1678 Poenorum
679 1644 745 1677 dux
755 1643 784 1678 se
798 1642 920 1677 dedidit
934 1668 944 1683 ,
963 1641 1018 1676 sed

261 1694 328 1735 ejus
337 1705 417 1726 uxor
427 1695 560 1737 majoris
574 1692 826 1728 animifoemina
839 1694 871 1725 in
885 1705 957 1726 arce
970 1696 1019 1726 in-

262 1739 356 1775 censa
368 1767 375 1778 ,
390 1743 467 1775 dum
480 1741 678 1791 inspedraret
689 1745 780 1789 Scipio
801 1767 811 1782 ‚
837 1743 924 1776 duos
935 1741 1020 1777 filios

262 1788 461 1825 confodiens
473 1790 533 1827 sese
545 1793 636 1827 dedit
649 1795 680 1825 in
691 1791 852 1829 flammas,
863 1790 1018 1837 supersti-

261 1848 309 1872 tes
320 1842 509 1881 venundati,
520 1843 615 1876 multi
627 1854 664 1875 ex
674 1843 805 1875 armatis
816 1840 942 1885 objedki
959 1842 1016 1876 be-

261 1887 341 1927 stiis,
355 1892 389 1923 &
402 1888 478 1934 urbs
491 1893 703 1938 complanata
715 1890 808 1930 ‚diris
819 1892 1019 1926 restaurato-

258 1936 351 1971 ribus
364 1939 507 1974 devotis.

306 1988 545 2023 Crudelitatem
567 1989 688 2025 hancce
716 1987 952 2024 Romanorum
981 1991 1015 2023 in

256 2036 386 2070 viciuos
405 2035 470 2071 fere
490 2051 608 2073 omnes
632 2051 754 2073 numen
775 2052 855 2074 mox
866 2040 1016 2073 vindica-

256 2086 302 2117 vit
312 2100 324 2127 ς
335 2085 391 2119 etsi
403 2087 490 2119 enim
504 2089 590 2121 inter
601 2100 715 2136 gentes
727 2088 816 2122 nulla
827 2090 1015 2123 Romanam

258 2134 325 2165 vim
339 2133 372 2166 ecl
385 2136 576 2181 tempestate
587 2139 717 2171 valebat
730 2138 907 2172 retundere
919 2163 928 2178 ,
945 2140 1015 2171 vin-

259 2180 322 2214 dex
336 2192 444 2216 tamen
456 2185 547 2217 Deus
564 2183 634 2218 suas
652 2184 800 2231 ipsorum
814 2199 930 2220 manus
941 2188 973 2219 in
984 2186 1013 2219 se

258 2228 344 2277 ipsos
358 2233 530 2264 convertit.

307 2282 395 2314 Inter
421 2278 586 2327 H1spanos
615 2280 815 2314 Numantini
840 2278 1013 2314 fortissime

259 2340 319 2374 pro
331 2339 394 2374 pati
404 2332 441 2361 '1ae
454 2328 606 2362 libertate
618 2329 798 2363 certabant:
810 2329 884 2375 post
896 2329 1015 2363 multas
1034 2353 1035 2360 ,

258 2378 420 2411 Romanis
439 2376 576 2411 infliffms
595 2378 719 2419 clades,
739 2378 875 2412 tandem
888 2378 1013 2413 Consul

255 2430 406 2460 Mancinus
416 2439 492 2460 cum
505 2426 649 2461 millibus
660 2429 1013 2477 trigintaNumantiam

255 2474 530 2510 arstfiobsidione
541 2478 638 2510 cinxit
652 2490 660 2516 ‚·
672 2488 883 2522 erumpentes
896 2476 1011 2511 obseffi

255 2526 439 2560 Consulem
452 2526 631 2569 conjiciunt
642 2527 674 2558 in
686 2524 809 2573 fugam,
822 2529 854 2559 δέ
865 2527 903 2560 iis
914 2529 1012 2561 loco-

253 2587 326 2607 rum
351 2574 501 2622 angustiis
527 2573 693 2623 fugientes
719 2577 925 2610 concludunt
941 2604 949 2615 ,
975 2588 1009 2610 ut

255 2623 381 2657 Consul
403 2624 515 2659 foedus
532 2626 618 2670 pacis
639 2624 681 2657 ad
698 2624 728 2657 se
741 2625 1010 2670 exercitumquea

252 2674 545 2718 praesentiinteritu
567 2672 758 2707 servandum
779 2671 1008 2708 lubenterice-

254 2732 314 2755 ret.
346 2724 483 2756 Senatus
505 2720 621 2756 foederi
640 2721 686 2754 illi
708 2721 882 2755 inhonesto
901 2724 1009 2757 noluit

254 2769 403 2806 stare,sed
418 2771 596 2805 Consulem
609 2774 776 2805 Mancinum
789 2771 926 2809 nudum,
939 2784 1008 2806 ma.

254 2816 378 2864 nusque
397 2822 469 2866 post
490 2832 580 2869 terga
595 2821 776 2855 tevintstum
793 2821 1007 2855 Numantinis

254 2868 387 2902 dedidit.
415 2870 612 2904 Numantini
623 2871 706 2903 intra
721 2880 832 2914 portas
845 2883 913 2903 non
926 2873 1007 2904 reci-

254 2927 327 2960 pere
340 2944 349 2957 ,
369 2914 422 2951 sed
434 2921 566 2965 triginta
581 2919 679 2952 millia
692 2918 834 2952 militum
848 2932 930 2965 quos
943 2918 1004 2954 foe-

254 2964 1008 3016 duslervaveratsibidedipostulare,velfoedus

252 3013 416 3059 integrum
432 3016 543 3051 servari
564 3032 572 3052 2
597 3019 773 3065 petitiones
787 3020 857 3052 illas
870 3017 1007 3065 aequiffi·

254 3073 324 3093 mas
336 3063 479 3097 Romani
493 3069 623 3108 rejicere
642 3093 651 3107 ‚
680 3070 879 3102 Numantini
892 3068 934 3102 ad
947 3081 1003 3102 ex-

251 3120 393 3143 tremum
406 3111 548 3157 spiritum
561 3116 590 3149 sc
603 3119 696 3157 tueri,
709 3117 811 3163 idque
824 3118 1005 3151 multorum

250 3170 289 3194 ex
311 3161 475 3195 Romanis
501 3164 638 3198 millium
657 3168 811 3202 interitu.
853 3167 1005 3202 Tandem

988 87 1460 126 HI‘STORICI

1070 161 1161 206 Scipio
1174 159 1323 207 Africanus
1332 162 1445 195 minor
1455 162 1574 196 iterum
1585 163 1708 198 Consul
1717 164 1757 199 ad
1768 177 1827 199 eos

1071 321 1146 353 pere
1168 321 1226 354 per
1246 309 1457 344 munitissima
1481 312 1613 357 Scipionis
1638 311 1739 346 castra
1756 325 1829 347 non

1069 355 1210 402 poffent,
1223 358 1340 393 urbem
1353 361 1591 401 incenderunt,
1603 364 1637 395 &
1650 359 1692 401 se,
1702 374 1831 402 uxores,

1068 405 1260 453 liberosque
1272 406 1421 455 plerique
1442 410 1597 443 incendio
1608 409 1829 453 immiserunt,

1071 467 1112 488 ne
1133 456 1168 488 in
1191 456 1425 493 crudeliffimas
1445 461 1682 494 Romanorum
1712 473 1830 496 manus

1074 516 1236 538 venirent.

1069 704 1187 736 Senatu
1200 728 1210 744 ‚
1224 702 1277 738 seu
1292 703 1476 739 ambitione
1488 708 1631 753 percitus
1642 733 1650 746 ‚
1667 718 1704 741 ut
1715 720 1828 755 popu-

1069 752 1137 785 lum
1156 751 1216 786 fibi
1239 752 1420 788 devinciret
1436 778 1445 795 ‚
1472 757 1560 803 leges
1582 758 1718 803 agrarias
1733 759 1825 798 tulit3

1068 800 1188 847 quibus
1206 813 1321 848 praeter
1341 801 1402 836 alia
1420 804 1549 851 populo
1568 805 1743 853 gratiffima
1763 808 1828 841 sta-

1067 852 1142 890 tuit,
1158 860 1194 883 ut
1203 851 1293 896 quod
1306 850 1476 898 quisquam
1489 866 1526 887 ex
1537 866 1618 902 agro
1632 857 1764 902 publico
1773 856 1827 892 su-

1066 901 1827 952 praquingentajugerapoffideret,pauperibus

1066 949 1263 983 divideretur
1274 964 1283 990 ς
1303 954 1403 982 etiam
1415 961 1451 983 ut
1464 950 1601 985 thesauri
1616 954 1718 997 Regis
1729 957 1824 991 Attali

1067 1000 1248 1045 Pergameni,
1258 999 1314 1045 qui
1324 998 1376 1032 sua
1388 1001 1501 1033 omnia
1513 1000 1644 1048 populo
1657 1003 1821 1039 Romano

1065 1050 1228 1096 legaverat
1252 1064 1263 1092 3
1290 1047 1564 1084 distribuerentur
1579 1051 1621 1085 ad
1637 1054 1825 1089 co'e'menda

1065 1099 1828 1147 rullicainstrumenta‚quibuspauperescolo-

1071 1149 1106 1181 ni
1120 1145 1214 1181 suurn
1225 1160 1338 1195 agrum
1352 1148 1519 1183 colerent:
1534 1151 1622 1184 Dum
1636 1152 1723 1199 leges
1734 1151 1828 1188 hasce

1067 1199 1207 1232 Graccum
1229 1199 1333 1231 invito
1351 1196 1465 1232 senatu
1485 1201 1692 1236 tumultuose
1713 1214 1824 1248 urget,

1067 1250 1158 1293 Scipio
1170 1247 1274 1292 Nafica
1287 1245 1666 1283 l>ontifiMax.Senatum
1680 1251 1827 1299 aliosque

1065 1295 1173 1330 secum
1186 1297 1317 1336 ducens,
1329 1298 1491 1343 impetum
1508 1295 1585 1331 facit
1599 1300 1629 1332 in
1645 1303 1823 1343 Gracchum,

1065 1344 1221 1392 factoque
1232 1348 1376 1381 tumultu
1390 1349 1531 1382 Gracchus
1542 1348 1641 1384 cadit,
1650 1353 1684 1383 δε
1695 1362 1769 1384 cum
1780 1364 1823 1384 eo

1065 1398 1202 1429 trecenti
1224 1412 1235 1437 ς
1261 1408 1406 1442 quorum
1426 1396 1515 1430 caede
1535 1401 1666 1431 territus
1677 1399 1826 1446 populus

1048 1443 1296 1492 'aliquantisper
1314 1446 1453 1490 quievit.
1492 1446 1552 1478 Sed
1565 1447 1637 1492 post
1650 1459 1752 1480 unum
1765 1460 1824 1483 aut

1065 1496 1204 1528 alterum
1219 1506 1340 1526 annum
1355 1493 1507 1539 respirans
1521 1518 1529 1532 ,
1551 1497 1588 1527 iis
1601 1494 1725 1541 ubique
1737 1509 1826 1530 cou-

1065 1545 1152 1577 vitiis
1172 1544 1308 1590 Nasicam
1322 1541 1512 1589 ubicunque
1526 1543 1664 1577 obvium
1678 1547 1825 1592 impete.

1020 1620 1022 1623 .
1065 1593 1119 1627 bat
1140 1619 1150 1633 ,
1176 1605 1210 1626 ur
1228 1595 1366 1626 Senatus
1386 1590 1506 1626 neccsse
1522 1593 1673 1627 habuerit
1685 1595 1825 1630 honesti

1041 1662 1043 1688 g,
1063 1643 1237 1691 legationis
1251 1641 1356 1688 specie
1369 1644 1474 1676 virum
1488 1644 1521 1675 in
1540 1641 1648 1676 Aliam
1660 1643 1825 1692 ablegare,

1065 1694 1122 1727 ubi
1135 1693 1281 1740 Pergami
1294 1691 1401 1738 prope
1415 1694 1485 1726 txul
1496 1693 1631 1727 interiit.

1040 1744 1042 1758 ¹
1113 1743 1217 1776 Tiberii
1230 1743 1352 1775 Gracchi
1364 1739 1462 1775 frater
1483 1744 1574 1786 Cajus
1583 1741 1699 1790 populi
1710 1741 1823 1778 favore

1063 1841 1205 1875 insistere
1223 1854 1230 1875 :
1257 1841 1335 1875 dum
1348 1839 1476 1874 easdem
1489 1843 1626 1888 agrarias
1638 1844 1726 1888 leges
1744 1855 1822 1888 pro..

1065 1893 1208 1938 mulgat‚
1223 1890 1441 1924 adversarium
1460 1889 1573 1923 habuit
1593 1890 1687 1925 suum
1699 1891 1824 1925 conso-

1063 1939 1197 1975 brinum
1222 1942 1410 1975 &levirum
1433 1942 1588 1984 Scipionem
1609 1943 1823 1976 eAimilianum

1063 1994 1245 2039 Africanum
1259 1990 1432 2023 minorem.
1470 1990 1534 2023 Hic
1555 1988 1596 2022 ab
1615 2001 1717 2023 uxore
1739 1997 1824 2025 Sem-

1056 2037 1160 2088 proniii
1172 2041 1292 2075 Gracchi
1304 2038 1411 2073 sorore
1424 2041 1475 2073 vel
1489 2051 1617 2072 veneno
1631 2041 1682 2073 vel
1695 2039 1819 2086 laqueo

1036 2084 1038 2100 Α
1061 2092 1094 2123 in
1107 2092 1194 2125 lecto
1207 2088 1422 2135 strangulatus
1435 2088 1489 2121 est.
1523 2090 1635 2121 Nemo
1653 2097 1763 2119 tamen
1783 2088 1822 2122 de

1060 2143 1127 2183 ejus
1143 2150 1251 2172 morte
1271 2137 1483 2183 quaestionem
1496 2135 1638 2169 audebat
1660 2147 1821 2171 movere:

1060 2188 1114 2220 sed
1127 2200 1205 2219 mox
1217 2189 1354 2219 Senatus
1367 2184 1449 2217 duce
1463 2186 1576 2229 Opimio
1590 2184 1732 2219 Consule
1747 2192 1819 2218 ma-

1057 2237 1148 2277 jores
1159 2235 1289 2266 animos
1300 2231 1328 2265 su
1335 2244 1364 2264 m
1371 2245 1436 2270 ens,
1447 2239 1465 2266 c
1476 2235 1556 2275 ajum
1567 2236 1731 2268 Gracchum
1741 2236 1819 2267 Tri-

1061 2281 1346 2329 bunumplebis‚&
1355 2280 1749 2316 FulviumConsulemcum
1761 2284 1818 2316 tri-

1061 2330 1122 2364 bus
1143 2330 1327 2378 sequacium
1352 2330 1494 2365 millibus
1517 2333 1549 2364 in
1560 2331 1663 2365 stratis
1674 2334 1819 2369 necavit,

1059 2393 1240 2426 eorumque
1253 2379 1343 2412 bona
1360 2378 1417 2413 sub
1431 2379 1520 2413 hasta
1532 2380 1694 2415 vendidit.
1720 2383 1816 2416 Initia

1057 2430 1126 2464 haec
1144 2428 1236 2464 fuere
1255 2430 1400 2463 civilium
1422 2441 1588 2464 armorum
1611 2455 1621 2471 ‚
1648 2442 1721 2475 quae
1737 2442 1816 2464 mox

1056 2479 1172 2513 urbem
1195 2478 1348 2526 sanguine
1364 2482 1397 2513 ὅ(
1413 2480 1534 2526 rapinis
1547 2481 1714 2526 replerunt
1733 2503 1742 2516 ,
1767 2479 1813 2513 ob

1055 2530 1197 2564 divinam
1217 2529 1397 2562 vindictam
1420 2552 1428 2564 ,
1458 2533 1491 2562 &
1511 2527 1648 2575 aliquale
1669 2527 1814 2563 solamen

1053 2578 1171 2624 reliqui
1187 2578 1295 2617 orbis,
1319 2579 1351 2609 in
1373 2590 1443 2623 quo
1463 2579 1611 2611 Romani
1625 2589 1688 2612 tam
1701 2577 1814 2626 largos

1052 2628 1187 2661 innocui
1214 2625 1377 2673 sanguinis
1406 2628 1491 2659 rivos
1523 2625 1709 2661 effuderant
1734 2652 1742 2668 ‚
1776 2631 1812 2661 ‹Sc

1052 2676 1141 2709 unde
1153 2686 1221 2708 tarn
1236 2687 1375 2723 magnos
1391 2676 1509 2723 praedae
1521 2688 1659 2712 acervos
1669 2674 1811 2710 corrase—

1052 2737 1137 2759 rant.

1052 2874 1176 2918 Scipioni
1194 2883 1272 2904 tunc
1288 2872 1522 2915 Carthaginem
1542 2869 1705 2905 obsidenti
1724 2874 1806 2908 divi-

1052 2921 1202 2955 dendum
1221 2921 1360 2965 reliquit,
1401 2922 1558 2953 Decrevit
1573 2923 1661 2967 Scipio
1679 2932 1714 2955 ut
1727 2934 1806 2957 natu

1053 2973 1156 3013 major
1168 2969 1284 3014 Micipfh
1296 2970 1400 3013 Regio
1414 2972 1549 3003 nomine
1565 2974 1598 3002 δε
1608 2972 1805 3005 auctoritate

1052 3018 1213 3053 frueretur
1223 3044 1231 3057 ‚
1250 3014 1468 3063 fratribusque
1483 3020 1592 3065 Gulussa
1606 3024 1636 3053 δε
1651 3022 1805 3067 Maiiasta-

1053 3069 1112 3103 bali
1132 3070 1283 3113 regiones
1304 3065 1376 3100 satis
1397 3067 1516 3114 ample
1536 3069 1805 3104 attribuerentur.

1054 3115 1205 3152 Discessit
1225 3117 1338 3163 Gulaffa
1362 3116 1426 3150 sine
1444 3118 1551 3151 liberis
1573 3146 1581 3157 ‚
1608 3120 1806 3165 Manastabali

1053 3179 1136 3202 unus
1155 3165 1286 3201 tantum
1298 3163 1360 3201 fuit
1373 3166 1496 3202 nothus
1508 3171 1648 3214 Iugurtha
1659 3193 1670 3210 ‚
1691 3167 1806 3212 Micipfie

1740 3217 1807 3251 duo

1069 210 1323 256 perdomandos
1337 211 1546 247 mittitur‚hic
1556 212 1611 246 sua
1621 215 1740 248 virtute
1751 215 1829 249 Nu—
1844 217 1962 243 Numan-

1072 261 1240 293 mantinos
1250 257 1348 308 fregit
1361 286 1370 300 ‚
1387 273 1454 294 uon
1467 262 1614 295 domuit:
1628 274 1704 296 cum
1717 277 1826 298 erum-
1844 264 1882 283 ¹¹⁴³
1894 258 1960 292 casus

1847 296 1981 329 horribilia.

1119 555 1241 589 Tiberius
1261 558 1401 590 Gracchus
1422 555 1551 604 Africani
1565 559 1702 604 majoris
1716 571 1754 594 ex
1776 557 1826 594 so·
1844 568 1971 597 Graccho.

1071 615 1145 637 rore
1155 615 1273 650 nepos,
1284 608 1415 640 Mancini
1424 607 1566 652 quaestor
1576 619 1662 648 erat,
1672 612 1747 642 cum
1760 607 1822 643 foe-
1840 611 1962 645 'umftdi-

1070 651 1370 689 dusinfarneicei·et
1389 668 1397 693 ;
1425 655 1477 689 hic
1498 657 1551 690 seu
1574 668 1664 691 metu
1683 670 1790 704 poenae
1810 657 1828 694 ὲ
1844 651 1930 680 mm·

1066 1793 1265 1826 tribunatum
1279 1790 1430 1837 adeptus,
1441 1791 1549 1826 fratris
1564 1792 1703 1840 vestigiis
1715 1794 1823 1828 voluit
1861 1803 1862 1806 ’

1102 2773 1254 2807 Moriens
1289 2775 1432 2821 Mafiniffa
1465 2773 1569 2821 prope
1599 2775 1805 2809 centenarius
1825 2778 1966 2817 Iugurthino·

1052 2824 1208 2869 Regnum
1228 2821 1323 2857 suum
1346 2826 1430 2857 inter
1452 2822 1534 2855 filios
1554 2833 1617 2855 tres
1635 2821 1805 2870 legitimos
1823 2819 1955 2858 beluorigo.
