2048 3343
1663 68 1728 104 1²01.
1754 81 1766 102 1

847 158 1126 237 Oeris

213 184 1751 424 CHRONZLOGICI,

494 480 804 528 LIBER
889 476 1462 524 SECUNDUS.

322 622 567 666 Epoan
614 620 839 672 PR1MA‚

998 608 1149 644 donativis
1167 608 1265 643 milite
1277 613 1309 646 δε
1327 610 1447 658 populo
1454 609 1572 658 placato
1585 611 1703 660 magnis
1717 613 1756 648 de

998 657 1047 693 sua
1060 658 1249 706 benignitate
1268 660 1419 707 promislis
1430 683 1441 699 ‚
1471 661 1594 707 parabat
1607 662 1664 695 iter
1683 664 1756 696 Ro-

202 723 236 761 A
260 722 449 761 nativitate
471 719 685 758 CHRisrt
713 717 759 757 ad
780 716 958 758 Constan-
996 721 1100 764 inam,
1119 708 1197 743 utab
1206 709 1756 757 eAugustoRegniconfirmationem

416 779 534 816 tinum
549 775 742 830 Magnum.

435 872 728 907 Capua-1.

33 971 129 1009 tyberii
142 982 181 999 co.
377 979 382 984 ,
430 954 565 991 Ontinet
577 952 708 1001 Epoclia
719 952 784 986 haec
797 965 844 988 res
861 952 959 988 maxi-

29 1020 107 1040 nams
122 1012 161 1039 hi-
283 1027 285 1029 ·
328 1034 338 1055 ἲ
368 993 407 1009 ‘³'
431 1003 688 1051 meillustresquae
701 1001 855 1038 Christi&
869 1007 957 1052 Apo-

24 1052 131 1088 storiam
148 1053 184 1080 Μ’
296 1049 391 1123 QOE‘*
433 1055 584 1089 stolorum
592 1067 626 1088 ac
635 1053 956 1100 sequentibusaliquot

29 1091 182 1170 ZZZIAET‘ZH-
227 1117 362 1158 ςλκῑ]
385 1109 393 1122 s
430 1103 534 1139 seculis
547 1104 710 1152 contigissre
728 1117 736 1138 ε
762 1116 865 1138 earum
877 1115 954 1148 prae-

29 1172 130 1199 ammes
145 1182 183 1198 re-
427 1156 530 1202 cipuas
550 1153 700 1188 habemus
718 1153 750 1187 in
768 1152 853 1186 libris
866 1152 954 1187 Novi

23 1211 114 1249 ferre,
129 1211 161 1246 cst
196 1209 388 1246 Testamenti
406 1225 416 1252 3
453 1205 508 1239 has
536 1204 608 1253 quia
631 1202 830 1250 supponimus
844 1213 953 1241 notas,

27 1259 89 1289 „ppo
107 1251 179 1278 1b1lis.
195 1259 374 1295 tranfimus:
405 1259 442 1294 ad
460 1268 509 1290 eas
528 1266 631 1289 tamen
649 1251 859 1293 illustrandam
885 1265 953 1301 quae

193 1319 255 1342 tam
274 1309 352 1356 apud
368 1309 496 1356 Judaeos
516 1303 608 1352 quam
621 1313 727 1352 gentes
750 1303 927 1336 acciderunt
941 1327 952 1342 ,

193 1357 355 1393 afferemus
369 1371 405 1393 ex
419 1356 562 1392 fontibus
581 1359 612 1389 &
632 1352 822 1400 principibus
835 1353 953 1387 rivulo-

190 1419 277 1448 rum,
292 1409 439 1442 nimirum
447 1404 574 1453 Ioftplw,
588 1402 728 1447 Euftbt'⁰‚
746 1402 864 1438 Tacit&
879 1405 954 1435 Sue-

195 1461 272 1491 tonio
299 1482 309 1497 ,
339 1459 444 1491 (Dione
461 1480 470 1493 ,
495 1456 622 1488 Barom‘a
639 1476 649 1493 ‚
674 1453 812 1488 Saliam,
850 1450 954 1487 Ussae-

194 1507 245 1540 rio
261 1531 270 1546 ,
299 1506 465 1540 Burhorm‘o
483 1529 493 1545 ,
518 1508 550 1538 &
571 1503 635 1535 aliis
648 1526 658 1541 ,
683 1501 817 1547 antiquis
837 1502 950 1542 novis;

193 1555 460 1594 Protestantibus,
480 1550 651 1587 pontificiis
670 1576 681 1592 ,
708 1548 822 1598 absque
836 1548 953 1586 curiosa

191 1615 376 1653 temporum
390 1604 589 1640 distinetione
602 1627 611 1642 ‚
637 1601 682 1636 vel
695 1601 834 1636 accurata
851 1599 950 1635 sacro-

192 1667 262 1689 rum
282 1656 297 1690 a
317 1653 454 1702 profanis
467 1650 672 1701 separatione:
697 1663 767 1685 nam
782 1651 952 1685 Romano-

190 1717 262 1739 rum
272 1704 323 1739 hic
336 1704 554 1753 acJudaeorum
563 1713 679 1737 restam
692 1700 780 1735 arcto
794 1713 873 1735 nexu
883 1701 950 1736 col-

190 1754 325 1802 ligantur
338 1779 347 1794 ,
367 1766 401 1788 ut
418 1752 536 1788 dissolvi
549 1750 719 1787 commode.
732 1762 904 1799 nequeant3
918 1756 950 1787 &

190 1816 303 1839 eorum
323 1816 468 1844 conatus,
497 1804 551 1851 qui
569 1801 682 1849 singula
694 1814 759 1835 iion
777 1800 896 1836 tantum
914 1802 950 1836 ad

189 1851 260 1888 suos
272 1865 370 1888 annos
384 1879 394 1894 ,
422 1851 471 1888 sed
484 1852 618 1900 singulos
631 1851 702 1885 anni
715 1852 895 1899 quadrantes
902 1864 950 1887 re-

190 1900 302 1941 ferunt,
312 1904 468 1938 laudabilis
476 1903 572 1951 magis
580 1901 635 1941 est,
643 1901 736 1949 quain
744 1900 814 1948 post
821 1913 949 1936 omnem

190 1965 317 1999 operam
331 1953 496 2000 poffibilis3
510 1965 567 1986 nec
581 1951 691 1986 nostro
705 1952 796 1986 etiam
810 1950 949 1985 instituto

189 2001 368 2037 necessarius
382 2002 425 2036 est
439 2003 490 2037 hic
503 2002 608 2041 labor,
627 2003 753 2050 quinon
761 2000 949 2036 aliudinten-

188 2053 288 2086 dimus
302 2053 395 2099 quam
414 2065 516 2087 rerum
536 2050 664 2100 ipsarum
678 2064 746 2100 quae
759 2050 851 2099 gestae
864 2049 947 2092 sunt,

187 2102 338 2149 praecipua
353 2103 450 2150 capita
465 2100 616 2136 noscenda
630 2113 818 2148 proponere.

233 2152 430 2198 Superiorem
444 2151 606 2198 Epocham
621 2151 816 2185 clausimusin
829 2149 947 2185 Christi

188 2201 335 2235 natalibus
348 2206 380 2237 ὃ(
395 2200 533 2236 Herodis
546 2212 667 2241 morte3
692 2201 839 2235 Romana
852 2200 946 2233 etiam

189 2249 225 2283 ad
235 2250 361 2298 Augusti
375 2251 479 2284 ultima
493 2254 523 2284 δι
535 2251 649 2284 Tiberzi
655 2251 804 2297 principia
817 2249 944 2284 deduxi-

189 2311 268 2332 muS.
306 2299 472 2346 Postquam
493 2299 638 2333 Herodes
652 2311 713 2332 tres
727 2299 796 2333 suos
811 2300 944 2342 majores

188 2346 287 2386 filios,
302 2351 507 2396 Antipatrum
520 2372 529 2384 ,
551 2346 756 2391 Anstobulum
769 2371 779 2387 ‚
805 2350 837 2381 &
851 2349 944 2380 eAle-

189 2397 344 2430 xandrum
362 2395 486 2431 dedisset
504 2398 573 2432 neci
587 2421 594 2433 ,
619 2397 717 2430 tribus
735 2395 945 2442 superstitibus

189 2446 303 2481 Herodi
321 2448 436 2495 Amipae
450 2470 457 2483 ‚
487 2446 659 2486 Archelao,
680 2450 711 2481 δε
724 2445 873 2494 Philippa,
897 2444 944 2479 so-

188 2497 314 2544 rorique
335 2498 449 2529 salome
469 2495 516 2530 sua
535 2496 641 2530 omnia
659 2495 844 2530 testamento
864 2496 945 2543 lega-

185 2548 228 2581 vit
253 2560 261 2580 ς
306 2546 420 2580 Herodi
450 2547 577 2594 quidem
598 2547 744 2594 Regnum
761 2570 772 2585 ‚
804 2543 854 2579 sed
877 2555 946 2579 ante

185 2605 321 2630 mortem
332 2595 518 2630 Archelaum
527 2595 640 2630 Herodi
648 2598 781 2644 eantipae
790 2595 820 2628 in
828 2596 945 2642 Regno

184 2645 314 2694 praetulit
328 2660 336 2680 :
363 2647 468 2680 omnia
481 2658 582 2681 tamen
598 2643 723 2680 Caesaris
737 2644 865 2679 arbitrio
872 2658 943 2692 pru-

185 2695 295 2729 denter
309 2694 442 2742 permisit
454 2719 462 2732 ,
489 2695 561 2743 quia
574 2695 610 2729 ab
624 2695 678 2729 illo
692 2695 798 2729 omnia
816 2707 942 2742 accepe-

186 2755 247 2784 rat,
274 2749 305 2780 ἃ
318 2745 356 2778 ab
371 2747 433 2789 ejus
447 2745 536 2779 unius
549 2756 623 2778 nutti
632 2745 736 2778 omnia
749 2742 796 2777 sua
809 2745 944 2790 pendere

187 2795 287 2842 probe
301 2794 421 2829 sciebat.
454 2797 500 2830 Ut
517 2793 652 2841 primum
666 2793 866 2827 miserrimam
879 2794 942 2826 ani-

189 2856 271 2878 mam
284 2843 441 2879 exhalasset
454 2869 461 2880 ‚
489 2848 520 2879 &
544 2843 760 2878 testamentum
775 2843 854 2876 inter
867 2842 941 2876 ami-

189 2906 245 2927 cos
271 2893 385 2927 leetum
410 2893 481 2928 esset
496 2919 504 2931 ‚
537 2894 704 2928 Archelaus
731 2892 770 2927 ab
795 2891 942 2926 omnibus

190 2944 262 2978 Rex
280 2939 414 2977 salutatus
428 2943 482 2978 est.
514 2944 626 2979 Obivit
639 2943 764 2991 quidem
779 2942 829 2976 ille
842 2941 941 2975 statim

192 2992 298 3026 onmia
318 2992 412 3039 Regis
426 2995 527 3027 munia
541 3018 548 3030 ,
575 2993 623 3028 sed
643 2994 761 3042 regium
775 3004 890 3026 nomen
911 2996 942 3027 &

191 3041 329 3076 diadema
349 3054 412 3075 non
437 3043 565 3076 audebat
584 3044 709 3078 induere
727 3068 738 3083 ,
770 3040 941 3089 priusquam

192 3092 319 3128 Caesaris
340 3091 482 3137 placitum
495 3092 696 3139 cognovisset.
733 3097 814 3128 Mox
833 3104 910 3139 ergo
928 3091 942 3124 a

193 3141 432 3190 splendidissimo
450 3143 541 3189 patris
556 3139 662 3178 funere
672 3166 684 3185 ‚
709 3144 875 3179 conciliato
889 3141 943 3177 sibi

21 2159 162 2188 Archelaus

21 2200 114 2228 Herodi
116 2199 173 2235 fiac-

21 2238 100 2274 ceffit,
111 2239 156 2274 sed

23 2287 71 2304 non
86 2281 113 2305 in
126 2281 173 2306 Re-

20 2326 107 2354 gnum.

996 768 1173 805 impetraret
1197 771 1205 791 :
1236 760 1268 792 in
1286 758 1348 794 hoc
1366 757 1489 795 fratrem
1503 763 1672 809 eAntipam
1690 784 1700 800 ,
1722 765 1755 796 &

996 809 1119 842 amitam
1148 808 1283 841 Salomen
1301 832 1311 848 ,
1341 809 1519 857 pleramque
1545 811 1637 852 etiam
1661 810 1755 858 patris

996 855 1139 891 familiam
1158 855 1341 891 adversarios
1359 859 1468 893 habuit
1486 874 1494 894 :
1520 861 1572 907 qui
1587 858 1754 896 secundum

993 908 1076 954 prius
1091 905 1230 940 Herodis
1246 905 1459 942 testamentum
1473 932 1483 947 ‚
1507 909 1546 943 ab
1555 909 1709 944 Archelao
1716 909 1755 944 ad

992 958 1142 1005 Antipam
1151 956 1297 1004 Regnum
1306 955 1467 991 studebant
1475 956 1646 993 transferre.
1662 961 1754 995 Dum

992 1006 1152 1041 necessaria
1171 1006 1273 1040 itineri
1288 1006 1457 1040 Archelaus
1475 1018 1558 1053 parat
1570 1031 1580 1047 ,
1607 1009 1695 1042 multi
1716 1021 1754 1043 eit

991 1057 1110 1104 populo
1129 1056 1314 1102 importunis
1332 1055 1491 1103 postulatis
1509 1064 1579 1091 eum
1599 1056 1754 1091 circumsi-

991 1105 1073 1140 stunt
1085 1130 1095 1145 ‚
1123 1115 1246 1139 orantes
1265 1117 1298 1139 ut
1317 1106 1409 1140 vellet
1427 1105 1497 1140 neci
1519 1105 1638 1140 tradere
1653 1117 1689 1140 ex
1702 1119 1754 1153 pa-

989 1157 1043 1190 tris
1058 1155 1235 1189 consiliariis
1248 1179 1258 1193 ,
1278 1155 1333 1200 qui
1345 1155 1531 1190 crudelitatis
1549 1156 1685 1202 primarii
1705 1157 1755 1189 in-

990 1216 1133 1240 centores
1157 1210 1188 1240 &
1208 1203 1340 1238 ministri
1364 1204 1617 1252 perhibebantur.
1653 1205 1754 1240 Bonis

989 1255 1040 1288 ille
1058 1254 1161 1289 verbis
1189 1254 1341 1300 populum
1372 1255 1467 1289 lenire
1491 1253 1643 1302 satagebat
1658 1279 1668 1292 ,
1703 1253 1754 1289 sed

990 1303 1062 1338 cuin
1086 1304 1130 1338 illi
1142 1302 1308 1344 instarent,
1335 1307 1367 1338 δέ
1380 1303 1488 1338 seditio
1502 1304 1657 1351 glisceret,
1672 1304 1752 1339 mul·
1768 1328 1916 1357 Seditionem

989 1355 1076 1400 tique
1095 1354 1228 1388 militum
1248 1352 1263 1386 :i
1289 1353 1435 1388 seditiosis
1456 1355 1487 1388 in
1506 1355 1639 1389 tumultu
1660 1366 1750 1388 neca-
1767 1359 1900 1396 crudeliter

990 1415 1094 1438 rentur
1105 1428 1117 1444 ‚
1143 1402 1269 1437 immisit
1281 1403 1311 1436 in
1326 1403 1448 1437 turbam
1463 1403 1631 1438 Archelaus
1647 1414 1750 1438 totum
1766 1410 1897 1446 compasta.

990 1454 1156 1487 exercitum
1170 1478 1181 1494 ‚
1200 1454 1254 1501 qui
1267 1453 1359 1487 trium
1380 1453 1510 1488 millium
1531 1453 1613 1497 caede
1626 1464 1750 1489 motum
1912 1459 1915 1462 '

988 1503 1174 1550 compressit.
1626 1546 1629 1547 ⁷

998 1555 1001 1557 ’
1036 1552 1122 1587 Cum
1142 1554 1282 1588 Romam
1302 1552 1448 1589 venissent
1473 1566 1584 1588 omnes
1609 1553 1750 1589 Herodis
1766 1561 1877 1597 Augusti
1889 1562 1918 1590 in

988 1601 1108 1637 familiae
1118 1604 1287 1650 primores,
1303 1603 1458 1652 Augustus
1467 1605 1499 1638 in
1512 1601 1667 1652 frequenti
1675 1604 1751 1639 ami·
1766 1602 1870 1629 Hmdi'
1887 1603 1918 1629 la.

988 1665 1098 1687 corum
1111 1653 1249 1687 concilio
1263 1666 1373 1688 omnes
1388 1654 1522 1702 benigne
1535 1654 1648 1689 audivit
1662 1669 1671 1690 ε
1697 1654 1750 1689 ad-
1766 1641 1833 1687 ΨΜ
1846 1641 1918 1671 ‘'m‘’

988 1715 1072 1737 erant
1091 1704 1182 1737 etiam
1202 1703 1218 1738 a
1242 1704 1360 1752 populo
1377 1704 1558 1750 Judaeomm
1580 1704 1672 1752 legati
1696 1705 1751 1752 qui
1761 1690 1854 1720 gmm'

987 1752 1076 1787 enixe
1089 1752 1284 1800 postulabant
1307 1764 1340 1788 ut
1354 1753 1460 1801 Judaea
1473 1766 1539 1789 non
1551 1753 1664 1789 diutins
1679 1755 1751 1789 He-

986 1802 1115 1837 rodibus
1129 1827 1139 1842 ,
1167 1800 1215 1837 sed
1229 1805 1318 1850 Syriae
1333 1803 1452 1839 Praesidi
1466 1815 1498 1839 ut
1511 1803 1667 1852 provincia
1680 1802 1751 1838 sub-

985 1853 1131 1897 jiceretur
1148 1866 1156 1886 :
1183 1853 1344 1888 Omnibus
1357 1852 1493 1901 expensis
1511 1852 1664 1901 Augustus
1679 1854 1750 1889 He-

985 1904 1070 1936 rodis
1083 1901 1298 1937 testamentum
1311 1902 1461 1940 firmavit,
1481 1903 1687 1937 eArchelaum
1700 1913 1747 1937 ta-

986 1965 1058 1987 men
1078 1965 1144 1986 non
1170 1953 1294 2000 Regem
1307 1977 1317 1992 ‚
1344 1950 1394 1986 sed
1413 1952 1616 1986 Tetrarcham
1635 1952 1747 1988 ludere,

984 2005 1124 2036 Samaria
1143 2005 1175 2036 δέ
1193 2003 1318 2035 Idnmaeae
1336 2001 1426 2038 dixit,
1447 2014 1518 2036 cum
1531 1999 1747 2036 seitcentoruin
1787 2004 1790 2006 ’

983 2053 1172 2087 talentorum
1183 2063 1288 2095 annuo
1301 2051 1400 2085 reditu
1419 2053 1568 2100 Antipam
1582 2051 1700 2085 Galtlaeae
1712 2055 1746 2086 δε

982 2105 1078 2136 Peraeae
1102 2100 1305 2135 Tetrarcham
1325 2113 1396 2134 cum
1415 2099 1620 2134 ducentorum
1644 2101 1744 2134 talen-

981 2163 1087 2187 torum
1101 2151 1207 2186 reditu<
1225 2166 1233 2186 :
1266 2149 1398 2198 Philzppo
1416 2161 1518 2185 autem
1530 2152 1634 2184 lturaeae
1647 2151 1743 2183 &A-

962 2208 963 2220 ¹
980 2200 1089 2248 bylenes
1101 2199 1317 2234 Tetrarchiam
1330 2223 1340 2239 ‚
1366 2212 1439 2234 cum
1457 2210 1582 2240 centum
1603 2199 1743 2234 talento-

981 2262 1049 2284 rum
1072 2250 1170 2284 reditu
1190 2248 1346 2288 attribuit,
1377 2253 1408 2284 &
1429 2250 1545 2282 Salome
1567 2248 1676 2283 urbem
1693 2251 1742 2282 Ia-

979 2303 1096 2334 mniam
1111 2305 1142 2335 &
1159 2300 1321 2347 regionem
1335 2299 1463 2333 vicinam
1477 2297 1578 2332 multo
1596 2297 1740 2344 pulcher-

979 2352 1088 2383 rimam
1104 2373 1113 2387 ,
1138 2361 1206 2396 quae
1232 2347 1380 2394 sexaginta
1398 2348 1585 2381 talentorum
1605 2346 1739 2380 reditum

980 2398 1174 2434 exhibebant.
1212 2398 1260 2431 Ex
1273 2397 1401 2443 ingenti,
1415 2408 1507 2444 quam
1520 2393 1573 2442 ipsi
1587 2395 1740 2442 matrique

983 2448 1128 2482 Herodes
1142 2447 1251 2495 legavit
1264 2447 1396 2493 pecunia
1408 2471 1417 2485 ,
1450 2445 1525 2479 nihil
1538 2444 1634 2478 voluit
1647 2445 1740 2478 attin-

982 2510 1052 2546 gere
1064 2522 1074 2537 ,
1101 2494 1149 2530 sed
1163 2509 1292 2529 omnem
1311 2495 1389 2528 inter
1402 2494 1492 2540 ipsius
1505 2493 1622 2528 liberos
1639 2492 1742 2528 distri-

983 2549 1049 2581 buit
1065 2571 1087 2588 ,,
1101 2544 1219 2590 ειάῇεξὶᾶ
1233 2557 1269 2578 ex
1285 2542 1339 2577 suo
1357 2544 1458 2590 ampla
1478 2542 1597 2576 filiabus
1614 2543 1741 2590 virgini-

982 2597 1038 2631 bus
1051 2595 1141 2631 dote,
1155 2593 1321 2629 oArchelao
1334 2594 1452 2641 regium
1460 2604 1577 2627 nomen
1591 2605 1624 2626 ac
1637 2592 1741 2627 diade-

981 2660 1030 2680 ma
1044 2643 1184 2692 promisit
1202 2668 1213 2684 ,
1237 2643 1363 2691 quando
1384 2641 1511 2691 dignum
1525 2655 1565 2676 eo
1582 2639 1739 2690 fastigiose

981 2693 1163 2744 praebuisset.

1029 2746 1089 2778 His
1103 2743 1214 2778 officiis
1228 2744 1388 2779 devinctos
1401 2741 1527 2779 Herodis
1546 2742 1662 2776 liberos
1680 2741 1737 2777 do·
1754 2747 1875 2777 Archelai

980 2806 1067 2827 mum
1086 2794 1240 2841 Augustus·
1257 2793 1369 2828 dimisit
1388 2807 1397 2827 ε
1423 2803 1455 2826 ut
1470 2791 1624 2826 redierunt
1637 2816 1647 2831 ‚
1671 2804 1737 2827 non
1753 2791 1835 2817 mim·

979 2843 1158 2877 diuturnum
1171 2844 1201 2877 in
1211 2843 1337 2889 Judaeos
1351 2841 1484 2890 ipsorum
1495 2837 1736 2887 fuitImperium3

979 2904 1041 2927 tarn
1055 2894 1138 2927 enim
1150 2892 1281 2928 crudelis
1299 2891 1356 2927 fuit
1371 2897 1401 2927 &
1415 2904 1496 2926 avara
1514 2891 1658 2926 Archelai
1676 2891 1737 2926 do-

979 2944 1107 2977 minatio
1122 2967 1130 2979 ,
1154 2954 1187 2977 ut
1207 2953 1270 2976 tam
1285 2942 1461 2977 Samaritani
1480 2953 1572 2987 quam
1581 2941 1681 2988 Judaei
1698 2942 1735 2976 ad

979 2992 1148 3042 Augustum
1172 2992 1319 3039 supplices
1337 2989 1544 3038 confugerint.
1580 2991 1687 3025 Statim
1707 2992 1733 3025 is

980 3043 1164 3076 Archelaum
1187 3053 1221 3075 ut
1245 3039 1359 3075 causam
1377 3041 1492 3074 diceret
1505 3064 1514 3076 ‚
1538 3039 1574 3074 ad
1593 3039 1621 3074 se
1640 3052 1733 3075 voca-

979 3092 1042 3126 vit:
1068 3091 1093 3124 is
1112 3102 1145 3124 ut
1163 3092 1302 3124 Romam
1321 3090 1402 3123 venit
1414 3115 1424 3129 ,
1461 3095 1492 3125 δι
1510 3089 1548 3123 ab
1567 3087 1732 3124 accusatio-

980 3142 1070 3178 nibus
1093 3139 1306 3190 opprefforum
1323 3137 1351 3174 se
1364 3140 1500 3188 nequivit
1511 3139 1669 3187 expedire,
1684 3152 1732 3173 rc-

1330 3191 1366 3226 Λ
1375 3200 1394 3223 cz
1616 3189 1731 3229 lecatzzx
