2048 3343
484 110 564 140 ετ
617 94 1246 141 ΕΗκοΝοιὸςῑεῐς

196 178 273 226 ipsit
299 176 342 213 sm
355 185 528 211 ventorum
540 176 661 211 viribus
673 176 847 224 repellatur
861 201 869 213 ‚
899 187 946 209 re-

184 228 377 264 trocedant.
397 226 550 261 Monenti
561 224 589 260 se
602 227 744 273 praebenr
758 226 948 271 morigeros,

197 274 350 326 praemiss‘a
362 274 518 310 columba
532 272 674 322 permeat
693 274 866 308 incolumis
878 296 888 312 ‚
917 286 947 308 a-

195 324 295 362 miffis
311 336 439 360 tanturn
457 325 563 369 paucis
582 323 621 357 de
632 322 731 357 cauda
747 323 881 369 pennis:
903 324 950 355 sc-

194 386 340 423 quuntur
358 374 475 409 alacres
493 373 693 419 Argonauta:
719 383 792 407 toto
819 382 948 406 artuum

195 425 320 460 robore
343 420 574 457 incumbentes
609 422 726 460 remis,
761 420 950 469 relinquunt

197 473 268 520 post
289 472 318 506 se
341 470 573 519 Symplegadas
588 469 707 519 absque
727 472 797 506 ullo
810 471 881 505 >alio
903 472 950 504 in-

197 521 378 557 commodo
398 532 498 568 quarn
512 532 610 567 parvo
622 520 885 568 gubernaculiad
905 521 951 554 la-

196 582 265 607 tera
277 571 422 605 saxorum
435 571 557 604 attritu.

45 621 142 653 Medea
247 622 367 655 Multis
378 620 508 653 demum
522 617 686 653 laboribus
697 615 843 652 defuncti
854 641 862 653 ‚
879 615 953 651 Col-

42 663 134 692 mih-s
199 668 310 705 :hidem
331 669 506 716 aliquando
527 667 659 702 tandem
689 668 950 714 consequuntur,

44 706 115 741 '‘fi''
122 713 167 771 2¹1⁹*
202 722 323 755 efEtam
334 720 458 766 Regem
473 717 537 751 adit
549 718 629 763 Iasae'm
641 741 650 756 ,
659 716 817 750 adventus
830 725 954 750 enarrat

37 753 175 826 xia-,m
205 767 332 805 causam
344 793 354 809 ‚
372 766 538 813 respondit
557 768 660 800 vitas
676 764 740 810 sinc
753 765 882 812 pulvere
894 778 953 799 no-

202 828 388 865 vorumque
400 817 548 850 laborum
567 815 641 849 aestu
652 815 774 861 acquiri
790 828 858 849 non
872 812 955 860 posse

201 869 305 903 vellus
326 880 336 901 ·,
363 866 511 913 aeripedes
529 869 560 899 &
581 865 745 910 ignivomi
761 862 953 911 subjugandi

200 918 320 956 boves,
340 915 518 961 serpentum
541 912 662 947 serendi
683 912 813 949 dentes,
842 922 954 957 praetcr

201 967 271 1003 haec
292 968 326 1000 in
352 964 493 999 Mmum'
515 963 590 996 luco
607 962 739 1008 quercui
758 959 955 1006 appenditur

202 1018 322 1055 vellus,
341 1014 492 1047 immanis
510 1012 564 1045 diu
577 1011 744 1054 noe'tuque
755 1009 892 1055 pervigil
905 1009 954 1042 vi-

202 1077 279 1114 pera
299 1062 405 1098 custos
419 1060 570 1098 incubat3
597 1057 662 1092 haec
681 1058 702 1091 fi
715 1057 774 1090 tibi
793 1058 882 1091 cordi
897 1058 954 1091 de-

204 1116 327 1163 sperata
337 1111 472 1159 pericula
482 1132 491 1145 ‚
501 1120 557 1155 per
569 1118 620 1141 me
632 1108 707 1140 licet
715 1106 806 1140 adeas
820 1131 829 1145 ,
839 1108 955 1151 rapias,

204 1161 332 1200 revehas
341 1160 476 1193 domum
487 1183 496 1197 ‚
513 1156 602 1204 quod
618 1166 788 1203 tantopere
804 1155 957 1190 desideras

203 1211 306 1248 vellus
317 1219 447 1243 aureum
461 1220 469 1241 ε
493 1206 621 1253 Iafimem
637 1218 706 1240 nou
724 1216 848 1240 terrent
859 1218 956 1240 mon-

203 1259 266 1296 stra
275 1283 286 1299 ,
317 1255 457 1292 maxime
468 1257 539 1304 post
550 1255 667 1290 Medea
686 1256 788 1302 Regis
801 1252 872 1290 filiae
884 1267 958 1288 mo-

204 1310 282 1345 nita.
308 1308 388 1341 Haec
400 1304 507 1353 primo
518 1304 621 1339 visum
643 1307 772 1352 Iasbnem
784 1303 892 1339 insane
904 1305 960 1339 de—

205 1369 329 1396 amws,
341 1354 489 1390 affeetum
500 1354 660 1403 fignificat
670 1354 823 1401 ‚postulat
833 1356 960 1401 nuptia-

205 1421 276 1445 rum
295 1405 393 1441 fidem
413 1429 424 1445 ,
452 1417 509 1452 pro
530 1404 607 1439 dote
621 1406 796 1451 pollicetur
816 1403 961 1438 securum

205 1455 272 1492 suis
282 1455 403 1491 artibus
413 1454 451 1489 ad
464 1455 564 1489 vellus
575 1456 637 1488 iter
648 1478 657 1494 ,
678 1451 797 1502 patulis
806 1453 963 1488 hauriun-

208 1517 262 1541 tur
282 1505 412 1540 auribus
423 1504 541 1539 Medeae
556 1503 671 1539 verba,
690 1504 727 1537 M
732 1504 824 1551 agico
834 1501 962 1550 perfun-

209 1555 297 1590 ditur
320 1555 396 1589 oleo
422 1557 522 1602 Iastm,
551 1566 620 1599 quo
641 1555 787 1587 munitus
808 1563 921 1587 contra
937 1553 964 1584 i-

211 1616 335 1653 gneum
346 1615 514 1649 taurorum
524 1603 679 1642 afflatum,
689 1603 835 1637 audaetcr
849 1601 964 1649 perdo-

105 1679 160 1699 Γ,
211 1665 283 1689 mat
294 1652 409 1692 boves,
422 1654 565 1699 imponit
574 1657 689 1699 jugum
701 1677 711 1693 ‚
729 1665 859 1687 vomere
871 1652 973 1699 vertit·

211 1716 295 1739 arva,
305 1703 438 1746 conjicit
451 1703 482 1735 in
494 1702 598 1736 sulcos
611 1702 746 1735 Cadmeos
754 1701 966 1737 dentes‚con-

208 1752 309 1800 surgit
319 1752 423 1786 statim
434 1763 473 1785 ex
494 1750 616 1786 semine
637 1762 839 1785 armatorum
851 1749 946 1784 turba
956 1775 964 1788 ,

209 1802 273 1836 hos
284 1813 461 1847 paucorum
470 1800 555 1844 jaEtu
565 1800 712 1847 lapidum
731 1802 816 1835 inter
830 1798 861 1834 se
872 1813 962 1834 com·

208 1852 332 1890 mittit,
357 1847 541 1897 mutuisque
556 1848 742 1885 vulneribus
758 1848 919 1885 confossos
930 1850 962 1884 iu

209 1910 326 1934 terram
336 1899 424 1934 videt
435 1899 593 1939 recidere‚·
614 1900 719 1947 pergit
729 1901 760 1934 in
770 1901 880 1934 lucum
890 1925 899 1939 ‚
912 1900 962 1933 vi-

208 1961 346 1997 peraque
367 1950 420 1983 vel
439 1950 580 1983 carmine
597 1950 647 1984 vel
659 1949 835 1996 pharmaco
847 1946 963 1983 conso-

210 1997 278 2045 pita
290 2022 299 2037 ‚
317 1997 529 2032 desideratum
552 2000 685 2046 quercui
702 1999 803 2034 vellus
813 1998 963 2038 detrahit,

210 2048 420 2095 imponitque
435 2047 524 2082 laetus
535 2048 568 2081 in
579 2048 699 2081 navim.

259 2097 377 2132 Noluit
397 2096 448 2130 hic
467 2096 574 2144 lusuiter
593 2096 693 2131 finem
716 2095 774 2132 esse
792 2097 964 2131 malorum.

213 2149 317 2182 vffi'tas
340 2146 514 2180 consilium
536 2148 620 2193 cepit
646 2144 784 2193 hospites
803 2147 966 2180 mactandi

213 2197 299 2230 inter
317 2193 401 2229 sacra
417 2193 551 2234 mensae,
576 2196 707 2243 Iasimem
729 2197 862 2243 periculi
889 2195 965 2229 facit

213 2247 384 2280 certiorem
403 2245 518 2279 Medea
535 2257 544 2278 ι
577 2245 767 2279 ηοᾶυῐηατη
788 2243 897 2279 suadet
914 2242 966 2278 fu-

214 2307 302 2342 gam,
316 2293 342 2328 se
354 2296 512 2329 comitem
527 2292 646 2329 offert:
668 2296 832 2329 volentem
849 2294 967 2328 nolen-

59 2361 70 2376 ι
94 2357 170 2385 ageret
215 2354 283 2377 tem
298 2342 454 2389 Abfflrtum
471 2344 599 2379 fratrem
618 2342 726 2379 secum
735 2343 852 2390 abripit
863 2345 895 2377 in
909 2345 968 2377 Ar-

216 2404 271 2440 go.
294 2391 397 2425 Nulla
408 2393 636 2429 mora‚'dantur
646 2394 725 2430 vela,
734 2394 911 2427 tenduntur
922 2405 969 2426 re-

218 2442 288 2479 mi,
309 2439 541 2474 transvolantur
552 2442 656 2477 undae.
684 2444 734 2477 Ut
750 2444 893 2488 primum
907 2441 969 2475 ho-

217 2488 338 2536 spitum
352 2487 489 2535 filiaeque
501 2487 613 2536 fugam
627 2492 749 2536 accepit
769 2493 870 2524 eAEtaa
882 2514 891 2526 ,
909 2490 971 2524 sta-

218 2541 279 2573 tim
301 2539 419 2572 clamat
433 2537 473 2571 ad
485 2550 581 2572 naves
594 2563 604 2577 ‚
618 2549 740 2586 quanto
754 2539 859 2584 potuit
871 2539 974 2584 impe-

218 2599 255 2623 tu
267 2585 484 2634 persequitur,
502 2598 698 2633 tantumque
719 2600 786 2621 non
805 2585 975 2632 assequitur

219 2648 388 2672 remorum
404 2638 445 2670 vi.
467 2637 547 2671 Non
560 2635 614 2670 hic
628 2636 744 2670 stsedea
755 2635 976 2676 decst,discer-

222 2688 270 2733 pit
290 2684 378 2719 illice>
392 2684 520 2719 fratrem
534 2710 543 2724 ‚
569 2687 696 2720 lacerati
718 2686 864 2732 corporis
881 2683 979 2718 frusta

224 2736 287 2770 buc
299 2735 377 2768 illuc
390 2746 446 2781 per
457 2747 545 2768 mare
560 2734 685 2782 dissipat
696 2761 705 2775 ‚
731 2747 801 2782 quae
814 2734 892 2768 dum
911 2734 977 2769 col—

225 2785 297 2832 ligit
310 2785 470 2818 attonitus
481 2796 582 2830 pater,
600 2785 739 2818 elabitur
754 2785 855 2830 Argo.

274 2834 433 2868 Nondum
455 2833 527 2866 satis
546 2833 660 2867 heroes
678 2835 806 2867 litatum
827 2829 981 2878 putz'irunt

203 2879 210 2883 '
232 2884 340 2929 gloriae
351 2907 358 2919 ,
375 2894 408 2916 ut
420 2883 503 2917 resta
514 2884 648 2928 patriam
665 2893 824 2930 peterent,
837 2881 897 2921 Isin
907 2878 981 2914 sub-

235 2943 345 2965 euntes
356 2932 475 2966 ostium
488 2930 615 2979 aliquot
628 2931 814 2966 milliarium
827 2931 981 2965 centuriis

76 2947 130 2981 stro
142 2946 167 2970 in

81 2993 202 3014 mamam
235 2978 364 3014 adverso
383 2981 544 3016 vehuntur
562 2981 696 3016 flumine
711 3006 719 3020 ‚
745 2978 985 3028 conspiciuntur

78 3026 211 3072 ,Adr1a3i-
238 3029 356 3061 moxin
371 3030 524 3065 Adriatico
543 3033 643 3070 mari,
664 3030 715 3065 sed
726 3031 810 3064 viam
827 3026 985 3077 lignificet

81 3077 214 3105 (umquam
240 3075 381 3122 «Apollo,
397 3078 481 3113 cert&
495 3079 707 3114 nonlufficiet
726 3080 869 3113 Menum
889 3078 985 3112 cadu-

241 3139 314 3161 ceus
327 3126 364 3159 ad
376 3125 436 3160 hoc
451 3130 759 3173 praemonstrandum
771 3131 840 3163 iter.
866 3128 986 3172 Conji-

83 3190 179 3218 laveris.
240 3176 331 3211 ciunt
353 3173 432 3223 (qui
443 3175 474 3212 se
491 3190 547 3225 pto
559 3180 654 3215 Deln's
666 3178 866 3216 natatoribus
874 3177 986 3216 vendi-

83 3111 179 3136 Iomum

83 3150 197 3184 transvo-

1001 812 1158 859 lapidibus
1182 815 1410 860 impetuntur:
1439 814 1514 848 huic
1542 814 1660 849 Medea
1685 825 1754 847 non
1773 849 1789 865 n

1002 860 1271 896 difficulteraffert
1283 865 1405 896 exitum
1420 887 1429 903 ,
1449 862 1590 898 calcibus
1600 863 1757 897 carmini-

1002 910 1062 944 bus
1073 921 1227 956 exempto
1240 912 1355 951 unicae,
1368 922 1464 955 quam
1477 923 1550 946 toto
1561 923 1697 959 corpore
1710 909 1759 945 fe-

1001 958 1110 999 rebat,
1133 971 1221 993 venae
1239 961 1413 1006 repagulo,
1441 960 1607 995 universus
1631 960 1758 995 effluxit

1001 1008 1141 1055 sanguis,
1152 1006 1312 1056 Talausque
1323 1007 1463 1042 toncidit
1473 1011 1640 1043 exanimis.

1002 1206 1125 1249 junftae
1137 1204 1223 1239 tibiis
1235 1205 1375 1240 dulcedo
1389 1204 1462 1246 fuit,
1475 1219 1543 1254 quae
1559 1202 1652 1240 facile
1665 1216 1762 1240 attra-

1306 100 1481 143 L113.I.
1697 107 1749 149 67

997 175 1085 218 tant)
1102 170 1226 208 sublata
1239 174 1273 207 in
1283 173 1440 208 humeros
1448 177 1537 224 Argo
1546 171 1677 221 pedibus
1690 175 1750 210 iter

999 223 1122 264 fecisse,
1140 222 1203 270 qua
1224 221 1374 270 proxime
1388 222 1541 257 Danubius
1554 236 1641 258 mare
1659 223 1750 270 supe-

999 370 1068 404 daem
1090 370 1208 417 apella.
1246 371 1364 417 Neque
1393 368 1472 403 dum
1493 380 1601 412 tamen
1620 372 1752 408 solvitur

998 419 1103 453 nodus
1113 443 1122 459 ,
1143 433 1182 453 ex
1193 418 1347 453 Aa'msico
1357 421 1389 452 in
1400 415 1579 463 ‘Tyrrhenum
1590 441 1599 458 ‚
1617 419 1685 454 imo
1697 421 1753 455 Li-

997 468 1091 513 bycum
1106 481 1192 502 mare
1202 468 1341 502 ducentii
1354 467 1442 507 sunt,
1453 481 1520 502 non
1532 467 1595 501 hoc
1608 471 1752 514 potuerit

1001 515 1120 565 Ttshyos
1131 517 1254 552 ars.Scd
1265 517 1344 565 quid
1356 519 1499 564 agimus?
1509 516 1576 563 Ipsa
1589 514 1683 552 facile
1694 529 1755 552 vo-

998 570 1112 602 laverit
1120 570 1212 618 Argo
1223 579 1306 601 trans
1316 567 1412 600 Italiae
1422 569 1436 609 (
1446 564 1508 614 qud
1518 563 1690 608 latiffima)
1721 578 1755 600 e-

1000 618 1102 657 erma,
1114 629 1188 650 cum
1200 615 1330 663 posthac
1349 628 1449 663 parvo
1460 615 1595 664 negotio
1607 615 1660 651 ini
1686 579 1754 650 siim

1001 667 1187 711 Olympum
1198 668 1376 700 emicuerit.
1705 682 1709 686 ·

998 272 1067 306 rirm
1085 271 1211 318 respicit
1222 286 1231 302 =
1259 271 1322 306 hoc
1336 270 1381 305 est
1393 295 1402 310 ‚
1422 271 1559 307 ducenta
1572 271 1750 308 minimum
1796 302 1799 306 .

998 322 1144 356 milliaria
1163 322 1287 355 itineris
1307 319 1556 367 impeditiffimi‚
1574 323 1678 356 credat
1696 325 1750 356 lu-

1050 715 1138 748 Utut
1159 715 1223 748 haec
1241 711 1384 755 fuerint,
1410 713 1616 752 transeuntes
1636 717 1755 748 Cretam
1773 715 1863 742 Talaus
1894 755 1896 757 Ι

1002 765 1115 798 M'nois
1129 762 1145 797 ἶι
1157 763 1247 797 Talao
1259 764 1393 798 homine
1403 776 1494 799 aeneo
1508 765 1614 799 insulae
1626 761 1756 798 custode
1774 758 1845 784 ΟΜ
1854 765 1896 783 ‘¹⁶‘

1796 806 1888 824 osexa-

1792 841 1892 866 imatur.

1050 1057 1150 1091 Paulo
1172 1068 1245 1092 ante
1271 1055 1399 1091 Szculum
1432 1058 1653 1104 proer‹.rvc6tos
1681 1070 1760 1103 pro·
1779 1062 1892 1095 Ador-

1005 1154 1116 1203 Orpln’i
1132 1158 1217 1200 lyra,
1243 1167 1278 1190 ea
1299 1157 1386 1190 enim
1409 1159 1546 1200 Syrenum
1567 1158 1658 1190 vocis
1679 1168 1761 1190 con-

1006 1252 1096 1289 xiffet
1108 1255 1158 1289 vel
1177 1254 1382 1290 invitissimos
1400 1257 1433 1289 in
1452 1253 1659 1302 scopulorum
1683 1267 1764 1302 prae-

1008 1316 1120 1352 rupta:
1139 1304 1195 1339 nisi
1205 1306 1342 1353 cognito
1352 1306 1511 1352 periculo,
1522 1305 1552 1338 su
1559 1302 1688 1339 stuliffet
1700 1307 1764 1338 Or-

1006 1351 1095 1402 pheus
1117 1353 1216 1402 lyram
1233 1377 1242 1391 ‚
1270 1354 1411 1402 ipsalque
1440 1359 1555 1388 Smenas
1574 1356 1607 1389 in
1619 1353 1763 1387 admira-

1010 1414 1137 1487 tsionem
1159 1401 1206 1438 sui
1238 1415 1343 1452 raptas
1374 1402 1578 1452 compulisset
1614 1405 1766 1438 contice-

1025 1466 1109 1489 cere.

1003 1108 1210 1141 montorium
1231 1105 1273 1140 ab
1299 1107 1398 1141 exitio
1424 1105 1599 1140 certissimo
1625 1105 1761 1140 servavit
1775 1105 1916 1143 pheilyram

1782 1150 1813 1181 Sy
1818 1154 1881 1171 renes

1774 1186 1857 1221 filem-

1059 1502 1212 1538 Tandem
1221 1501 1397 1549 aliquando
1405 1500 1539 1538 revisere
1550 1501 1699 1537 dilestam
1708 1513 1765 1549 pa·
1783 1507 1880 1536 Medea

1012 1554 1106 1588 triam
1120 1556 1336 1600 Argonautae,
1367 1551 1537 1599 appellunt
1559 1551 1602 1585 ad
1621 1553 1765 1598 expetita
1783 1551 1879 1577 Peliam

1013 1604 1156 1638 multum
1178 1600 1340 1636 Thessaliae
1361 1601 1484 1635 littora.
1513 1603 1636 1635 Verum
1656 1602 1762 1635 enim-

1012 1651 1089 1687 vero
1112 1665 1170 1700 pro
1181 1649 1268 1685 festis
1285 1651 1429 1685 vietoriae
1447 1650 1649 1697 applausibus
1675 1662 1766 1685 nun-

1012 1704 1102 1737 cium
1128 1702 1294 1748 accipiunt
1328 1698 1537 1734 tristissimum
1555 1712 1564 1732 t
1609 1696 1767 1734 tradidisse

1013 1751 1122 1786 Peliam
1138 1750 1220 1786 ferro
1240 1760 1346 1784 totam
1373 1748 1515 1783 absentis
1540 1747 1645 1796 ltfinis
1662 1747 1771 1796 prosa-

1013 1804 1096 1848 piam
1112 1825 1120 1840 ‚
1146 1798 1215 1848 quo
1226 1797 1294 1846 ipse
1309 1796 1422 1846 suique
1434 1796 1572 1833 securius
1587 1808 1772 1846 regnarent.

1012 1852 1088 1885 Dici
1105 1862 1174 1884 non
1187 1849 1296 1895 potuit
1307 1860 1373 1895 quo
1385 1847 1510 1882 doloris
1521 1846 1594 1882 aestu
1608 1870 1618 1886 ,
1643 1858 1770 1895 quanto

1012 1903 1129 1934 irarum
1147 1898 1256 1933 furore
1267 1897 1405 1944 correpti
1419 1896 1479 1931 lint
1496 1899 1697 1944 Argonautae
1708 1896 1771 1931 hac

1012 1948 1096 1984 famz'i
1107 1948 1172 1988 ,sed
1183 1946 1411 1995 conquiescere
1420 1946 1514 1991 jubet
1526 1945 1652 1986 Medea,
1669 1945 1769 1980 absti-

1011 2011 1086 2034 nere
1097 2000 1209 2035 minas,
1218 1997 1386 2044 pauciores
1397 1994 1454 2029 effe
1468 1995 1498 2029 se
1509 1994 1604 2042 quam
1613 2005 1649 2028 ut
1662 1993 1770 2041 apertz‘i

1011 2051 1043 2084 vi
1057 2050 1090 2082 in
1104 2044 1265 2094 praesentia
1276 2057 1386 2092 poenas
1398 2044 1437 2078 de
1451 2043 1531 2077 Pelii
1543 2042 1680 2078 sumant:
1693 2045 1769 2077 lati,

1011 2097 1147 2145 tentipfi
1160 2095 1308 2130 suadetin
1321 2106 1416 2142 portu
1428 2095 1606 2141 tranquilli,
1625 2091 1653 2127 se
1664 2092 1769 2127 sinant

1013 2147 1073 2182 suis
1085 2146 1206 2181 artibus
1218 2145 1324 2179 virum
1336 2143 1463 2192 aggredi
1477 2168 1486 2183 ,
1504 2143 1682 2177 vindistam
1696 2143 1773 2188 pol-

1014 2200 1128 2232 licetur
1139 2208 1209 2241 quae
1221 2196 1371 2228 omnium
1383 2191 1554 2226 satisfaciat
1565 2193 1686 2226 animO.
1696 2194 1774 2226 Pcr-

1014 2245 1121 2281 suadet
1140 2243 1271 2283 Medea,
1295 2241 1360 2290 ipsa
1381 2240 1408 2276 se
1429 2241 1536 2276 statim
1559 2239 1774 2276 transformat

1016 2299 1050 2331 in
1074 2307 1173 2329 anum
1185 2317 1195 2334 ‚
1229 2292 1335 2327 Dianae
1351 2289 1660 2339 fingitsplendiduin
1677 2290 1775 2325 simu·-

1018 2345 1162 2380 lachrum
1176 2370 1185 2383 ,
1203 2343 1346 2388 imponit
1364 2342 1489 2380 currui,
1514 2341 1582 2388 agit
1601 2344 1635 2375 in
1649 2339 1772 2377 urbem,

1018 2396 1138 2430 clamat
1151 2392 1312 2426 advenisse
1329 2393 1431 2425 Deam
1443 2413 1453 2426 ‚
1476 2388 1776 2437 ample6tunturci-

1020 2457 1072 2479 ves
1083 2469 1091 2482 ,
1118 2436 1264 2489 inprimis
1276 2439 1358 2474 Peltae
1370 2441 1489 2473 domus
1502 2465 1511 2479 2
1530 2448 1715 2472 reverentur
1736 2448 1776 2469 o-

1021 2505 1113 2527 mnes
1130 2490 1274 2525 Medeam
1288 2489 1431 2523 divinam
1445 2498 1548 2522 vatem
1563 2500 1570 2520 :
1590 2487 1656 2521 haec
1679 2484 1708 2517 se
1722 2483 1777 2518 di-

1022 2536 1101 2574 vino
1117 2539 1206 2586 quod
1218 2538 1352 2570 adduxit
1360 2538 1497 2569 numine
1508 2536 1622 2568 cuneta
1634 2532 1776 2580 praestare

1025 2587 1120 2636 poffe,
1132 2588 1229 2620 etiam
1241 2597 1311 2633 quae
1324 2595 1468 2618 naturam
1482 2583 1678 2630 superarent,
1688 2595 1779 2628 aper-

1024 2638 1057 2672 te
1070 2633 1242 2683 profitetur
1255 2647 1262 2667 :
1277 2633 1411 2668 credunt
1421 2644 1494 2666 ante
1507 2633 1588 2667 alios
1599 2631 1679 2666 Pelia
1690 2631 1777 2672 filiae,

1024 2688 1057 2721 in
1078 2696 1186 2719 earum
1206 2684 1293 2717 enim
1311 2684 1416 2717 oculis
1434 2682 1496 2716 hoc
1512 2682 1636 2716 dederat
1654 2683 1779 2727 experi-

1027 2745 1177 2770 mentum
1198 2734 1296 2767 attis:
1323 2734 1458 2766 arietem
1479 2732 1665 2766 minutatim
1687 2729 1781 2765 diss‘c-

1028 2788 1092 2820 cuit
1104 2808 1113 2823 ,
1130 2782 1264 2817 ferventi
1277 2781 1374 2816 lebeti
1394 2781 1525 2815 immilit
1540 2805 1550 2820 ‚
1570 2793 1618 2815 eas
1632 2780 1779 2814 adhibuit

1028 2833 1252 2869 caeremonias,
1263 2843 1299 2865 ca
1311 2831 1481 2865 Pharmaca
1492 2856 1499 2867 ‚
1515 2843 1584 2877 qnce
1594 2829 1724 2863 tandem
1734 2830 1781 2863 di-

1028 2886 1117 2918 &um
1139 2883 1270 2915 arietem
1296 2878 1567 2915 transformfirunt
1595 2880 1626 2913 in
1649 2891 1782 2927 agnum.

1031 2934 1105 2967 Hoc
1116 2929 1181 2965 viso
1195 2943 1266 2965 non
1285 2931 1369 2964 ultra
1384 2930 1534 2964 dubitant
1544 2930 1686 2976 virgines
1698 2926 1785 2974 poss'e

1033 2992 1138 3017 vatem
1153 2979 1217 3014 seui
1228 2978 1284 3013 suo
1296 2981 1375 3027 patri
1389 2984 1552 3023 juventam
1565 2978 1703 3013 reddere.
1730 2979 1787 3011 Fa-

1033 3032 1192 3066 cillimum
1210 3029 1240 3063 id
1253 3028 1311 3063 suae
1322 3030 1381 3063 arti
1395 3027 1507 3062 Medea
1525 3028 1656 3062 fimulat
1666 3053 1675 3067 ‚
1686 3027 1787 3061 velint

1032 3079 1107 3127 ipsa:
1123 3078 1226 3113 mode>
1246 3077 1306 3112 suis
1325 3076 1461 3124 obsequi
1478 3079 1619 3124 imperiis
1634 3091 1646 3121 3
1669 3087 1789 3124 paratas

1032 3129 1062 3164 se
1072 3129 1211 3177 virgines
1221 3127 1394 3161 ostendunt
1405 3139 1473 3174 quae
1492 3128 1606 3162 cunsta
1620 3138 1786 3172 exequan-

1034 3190 1084 3216 tur
1097 3203 1107 3221 ‚
1133 3177 1225 3224 jubet
1238 3175 1319 3225 ergo
1335 3176 1490 3212 denudari
1502 3175 1652 3213 miserum
1664 3174 1786 3209 senem.

1376 3228 1390 3260 1
1420 3238 1436 3259 2
1657 3221 1785 3273 [epius-

1783 1587 1869 1629 miser&

1785 1639 1863 1660 morte

1787 1671 1894 1701 mumat.
