2048 3343
123 403 224 441 Solipfi’

280 136 329 170 34
603 120 921 157 OPERIS

982 117 1464 165 H1sron,101

273 199 350 232 dum
366 200 378 230 Ρ
404 192 499 241 Resp.
525 195 551 228 A
566 193 676 228 multis
689 194 790 228 multa
800 191 920 240 prolixe
930 194 964 225 δε
975 204 1025 225 cu·
1078 189 1211 225 bihorio
1226 202 1300 225 ante
1312 191 1462 226 oceasum
1473 192 1506 226 in
1517 191 1697 245 horologio
1709 197 1825 234 decem

275 245 357 282 riose
369 245 425 278 'nac
438 244 476 277 de
488 255 518 277 re
531 241 731 290 disputantur
742 268 751 282 ‚
764 240 932 288 inprimisa
942 245 1029 275 Pon-

280 294 389 331 tifieiis
410 297 440 327 &
461 292 536 332 ante
548 305 665 327 omnes
685 292 726 326 ab
737 290 1004 336 AbulenstTostato
1019 316 1028 329 ,

274 358 334 380 nos
345 355 444 392 pauca
454 344 579 377 tantum
590 341 775 375 annotanda
786 341 949 374 duximus.
961 342 1029 375 Pri-

277 407 368 428 mum
390 404 488 426 errare
501 391 604 427 videri
619 393 673 439 qui
686 388 854 438 regressum
865 389 952 424 hunc
968 402 1026 436 po-

121 443 257 472 „mambra
278 454 359 478 nunt
372 454 438 476 non
451 441 592 476 omnino
604 442 637 474 in
649 441 712 488 ipse
725 442 818 481 Sole,
833 439 887 474 sed
899 438 1026 473 tantum

121 484 221 512 tantam

120 525 226 563 regredi-

118 574 167 594 utr-

117 1091 191 1118 Male
209 1092 246 1118 V-

108 1132 206 1167 slnrius
213 1143 253 1158 ne-

113 1181 160 1211 ⁴gat
170 1173 237 1199 Imro-

117 1214 182 1250 logia
192 1222 226 1243 ω’

117 1254 187 1281 hams
199 1254 248 1281 die-

117 1294 160 1321 bus
170 1297 250 1334 ΗεζςΔ

123 1337 171 1364 koe.

116 2250 194 2281 Mal}

114 2296 244 2323 ,spinata-

89 2356 93 2360 .
115 2341 174 2361 tores
180 2338 251 2363 „An-

108 2374 252 2413 glicani,de-

114 2426 224 2453 ccmgra-

115 2455 159 2483 dus
167 2465 238 2483 mter*

113 2503 238 2534 pre-tantur

114 2536 144 2563 de
151 2538 210 2565 bore

113 2577 239 2615 quadran-

116 2618 185 2648 tilius.

276 496 309 528 in
322 493 482 528 radiorum
496 489 607 525 umbrt'i
620 514 628 530 ,
647 491 744 537 idque
763 492 795 524 in
811 502 878 523 uno
892 484 1027 533 Asabo-

277 544 425 591 rologi03
455 542 539 575 Nam
559 539 712 586 isaias38.
726 553 756 577 v.
770 543 800 574 8.
819 537 931 572 diserte
943 533 1026 568 affir-

275 598 344 627 i'nat
361 589 523 625 reversum
546 586 605 624 effe
624 588 725 623 solem
744 586 959 621 decemlineis
974 597 1028 632 per

274 641 390 690 gradus
415 651 498 688 quos
523 638 732 673 descenderat.
776 632 932 668 Praeterezl
959 646 1026 668 non

273 701 427 726 movetur
441 689 555 723 umbra
569 688 624 722 nisi
639 697 734 720 moto
746 695 883 730 corpore
894 682 1003 717 lucido
1014 708 1024 723 ‚

273 742 325 775 vel
345 752 450 787 opaco
463 763 473 778 ‚
502 751 570 784 quae
586 735 736 769 umbram
756 731 896 767 causant.
924 734 1026 766 Deni-

271 802 335 837 que
344 788 520 835 Babylonis
532 787 674 832 princeps
691 780 855 816 Merodach
865 782 904 815 ad
914 784 1024 817 Heze-

271 838 348 879 kiam
360 837 443 872 milit
454 836 557 883 quide
569 834 632 867 hoc
643 832 799 866 miraculo
811 832 1026 879 inquirerent,

273 888 361 934 quod
377 897 486 920 tamen
503 883 669 930 Babylone
680 893 732 916 aut
743 880 931 914 ullibiextra
945 880 1025 913 Hie-

272 935 469 982 rosolymam
482 932 615 980 speftari
635 944 702 965 non
723 932 848 977 potuit,
873 930 894 964 si
915 941 1027 962 motus

273 987 382 1018 omnis
400 986 433 1018 in
451 982 516 1017 sola
540 980 650 1015 umbrfi
668 1007 677 1020 ‚
707 984 741 1013 &
762 992 829 1013 uno
850 978 1028 1026 horologio

274 1032 409 1072 Achaei,
421 1044 488 1066 non
500 1029 579 1065 vero
592 1031 624 1064 in
636 1029 701 1077 ipso
713 1030 788 1063 Sole
801 1027 960 1063 extitisset.

312 1082 463 1116 Secundo
476 1093 542 1115 non
555 1081 677 1127 placete
689 1075 810 1125 Usberii
821 1077 1028 1115 sententiam,

273 1133 328 1180 qui
342 1142 456 1166 contra
475 1129 539 1164 fere
563 1130 715 1163 omnium
728 1140 795 1162 tam
816 1130 1026 1176 antiquorum

273 1181 367 1229 quim
382 1181 598 1215 recentiorum
614 1179 925 1225 mentem,negatab
936 1172 1026 1211 Acha-

273 1246 312 1268 ευ
335 1232 438 1265 ullum
465 1229 685 1264 constructum
705 1226 942 1275 horologium,
970 1238 1027 1260 nec

274 1292 343 1314 tum
363 1280 520 1327 temporis
539 1276 630 1312 ullibi
650 1288 807 1311 terrarum
835 1278 915 1311 ullas
935 1276 1045 1309 horas.

272 1327 362 1363 fuiss‘e
376 1331 543 1378 cognitas,
569 1337 685 1374 utpote
702 1338 840 1374 quarum
861 1326 1023 1359 inventio-

273 1392 348 1414 nem
363 1377 425 1413 una
437 1390 510 1412 cum
523 1378 603 1412 Polo
614 1401 623 1416 ‚
645 1377 829 1410 Gnomone
843 1379 873 1410 ὃ(
885 1373 954 1409 τοῑὲ
963 1384 1030 1408 arte

271 1427 442 1469 sciarericfi,
456 1428 511 1462 diu
523 1426 593 1473 post
603 1426 633 1460 id
644 1424 783 1460 seculum
796 1424 985 1459 Anaximeni
995 1428 1024 1459 ἃ

271 1477 498 1512 Anaximandro
511 1476 622 1510 Plinius
642 1476 810 1510 attribuat.
841 1473 942 1509 Certe
957 1477 1027 1508 He-

271 1525 385 1561 rodoeus
399 1525 504 1561 multo
526 1526 693 1573 antiquior
702 1524 877 1571 horologia
894 1522 1027 1571 &Baby-

271 1576 369 1611 loniis
388 1573 538 1623 accepisse
562 1576 696 1609 Graecos
719 1572 848 1608 fatetur.
884 1574 925 1608 Et
951 1571 1027 1608 vero

274 1625 449 1661 Chaldaeus
468 1623 688 1670 Paraphrastes
701 1622 796 1658 Plinio
810 1622 873 1657 fide
883 1622 1028 1671 dignior,

271 1675 409 1722 lapidem
423 1675 575 1709 horarum
588 1672 730 1707 indicem
742 1672 782 1707 ab
797 1669 928 1709 Achazo
945 1685 1025 1707 con-

272 1724 428 1759 stru&um
443 1721 579 1758 affirmat
590 1749 600 1763 ‚
622 1723 719 1757 etiam
733 1721 771 1757 de
784 1721 847 1756 diei
859 1724 893 1757 in
901 1722 1027 1757 duode-

273 1775 337 1807 cim
347 1774 442 1808 horas
453 1773 596 1808 stffione
606 1796 616 1812 ‚
635 1785 704 1806 non
714 1783 749 1806 ut
761 1784 884 1817 nupero
893 1774 1029 1806 invento

271 1821 324 1857 sed
339 1822 403 1857 fixa
420 1826 486 1866 jam
509 1819 742 1857 consuetudine
755 1822 925 1856 multoties
943 1822 1028 1869 legi·

271 1884 345 1906 mus
358 1872 442 1919 apud
455 1871 623 1905 Danielem.

319 1921 424 1968 Qod
435 1919 536 1955 adfert
548 1917 694 1968 Usheriua
703 1918 742 1952 de
754 1917 891 1953 vocibus
902 1931 961 1966 70.
975 1923 1028 1955 In·-

270 1979 449 2017 terpretum
471 1971 580 2011 βκθμός
602 1969 806 2011 ὃζοῖνειζαθμὸς
826 1969 944 2017 quibus
959 1971 1027 2005 He—

273 2019 396 2054 braeum
408 2043 417 2056 ‚
429 2017 611 2070 Magnaloth
623 2030 795 2064 exponunt
812 2043 821 2058 ‚
850 2020 945 2053 nullae
962 2020 1027 2055 dari

269 2067 402 2116 possunt
413 2071 552 2116 aptiores
562 2081 632 2116 quae
643 2069 743 2101 lineas
754 2069 910 2115 &gradus
921 2071 952 2102 in
967 2069 1026 2103 ho-

268 2119 401 2165 rologio
420 2117 608 2164 descriptos,
623 2117 708 2151 Solis
726 2129 852 2152 motum
877 2120 1025 2166 progres-

269 2165 403 2213 sumque
416 2168 449 2200 in
470 2167 664 2213 quotidiano
685 2164 812 2202 ascensu
828 2173 860 2203 δι
873 2168 1024 2204 descensu

272 2226 425 2250 notantes
437 2214 630 2262 significent.

321 2265 438 2298 Tertio
458 2276 525 2298 non
543 2263 722 2312 probamus
733 2263 820 2311 quod
832 2276 870 2297 ex
882 2263 1030 2305 Abulensi

273 2317 307 2348 δε
323 2314 391 2348 aliis
406 2312 587 2348 Pontificiis
599 2311 737 2347 afferunt
749 2312 926 2347 novissunae
939 2324 1024 2348 notae

276 2364 466 2410 Anglicanae
479 2374 592 2398 contra
605 2363 834 2412 eAuguHinum,
847 2362 1027 2402 Calvinum,

273 2412 438 2460 Musctclum
453 2436 461 2449 ‚
484 2418 513 2447 ὃ(
523 2414 648 2448 multos
658 2415 755 2452 alios,
774 2412 885 2447 decem
899 2413 972 2446 illos
984 2411 1024 2446 ab

271 2460 343 2506 IsiumA
353 2464 542 2496 nominatos
551 2462 667 2510 gradus
680 2475 748 2496 non
757 2462 909 2496 denotare
919 2461 1025 2498 horas,

271 2511 320 2545 led
344 2511 392 2545 vel
414 2510 595 2546 semihoras
626 2511 675 2545 vel
702 2511 789 2545 horae
815 2511 1025 2559 quadrantes:

272 2572 481 2607 praeterquam
504 2562 591 2594 enim
604 2560 694 2608 quod
710 2562 743 2593 in
759 2561 938 2595 Sciatcricis
956 2573 1024 2595 non

271 2608 397 2644 soleant
411 2611 503 2643 lineae
522 2611 602 2656 poni
623 2608 681 2644 nisi
701 2608 739 2642 ad
759 2610 903 2658 integras
928 2609 1025 2644 horas

273 2659 432 2694 notandas
443 2683 453 2699 ,
464 2658 581 2706 absque
591 2657 773 2692 necessitate
786 2659 894 2692 divina
908 2660 940 2691 in
958 2661 1022 2692 mi-

273 2710 386 2743 raculis
397 2707 501 2755 gloria
514 2720 581 2741 non
592 2706 691 2741 debet
703 2706 857 2746 diminui,
873 2708 956 2740 nulla
969 2719 1027 2740 au-

272 2768 338 2791 tem
353 2756 517 2791 necessitas
527 2754 579 2791 hic
592 2757 682 2803 cogit
695 2753 863 2802 regressum
876 2755 955 2790 solis
965 2756 1024 2790 ab·

275 2807 436 2845 breviari3
461 2808 546 2841 Nam
559 2818 660 2840 unum
670 2805 761 2852 quod
771 2818 809 2839 ex
826 2804 1026 2852 Abulenfiaf-

270 2854 694 2903 feruntargumentum‚non
704 2852 1025 2890 difficultetsolvitur.

272 2907 457 2952 Concipere
469 2904 498 2940 se
515 2903 605 2940 facile*
616 2903 803 2939 concedunt
818 2904 872 2950 qui
890 2905 936 2939 sol
949 2904 1028 2940 horai

271 2953 332 2987 diei
347 2954 516 2989 secundum
539 2954 697 2989 Hebraeos
717 2954 862 2994 decima,
882 2954 945 2989 hoc
957 2953 1022 2996 est,

270 3004 379 3047 quartfi
392 3003 494 3038 nostrfi
506 3003 727 3050 pomeridianfi
740 3003 871 3038 biliorio
883 3003 955 3038 ante
964 3016 1005 3038 oc
1014 3024 1024 3031 -

269 3049 386 3086 casum,
398 3053 513 3086 retrahi
533 3055 670 3099 potuerit
683 3054 762 3086 totis
779 3052 892 3087 decem
912 3053 1022 3101 gradi-

270 3097 342 3137 bus,
354 3103 384 3131 ὃ(
396 3101 428 3133 in
440 3101 508 3147 ipso
520 3105 646 3137 oriente
654 3102 691 3137 ad
702 3103 821 3146 horum
841 3103 1021 3147 Judaeorum

269 3148 405 3192 primam
419 3171 428 3184 2
461 3149 556 3183 nobis
583 3153 704 3186 sextam
731 3152 1020 3186 antemeridianam

267 3196 423 3231 collocari
445 3218 454 3232 ‚
480 3197 530 3231 sed
548 3202 663 3237 volunt
686 3201 882 3249 impossibile
902 3212 939 3237 ut
964 3202 1019 3235 Sol

1076 241 1190 287 gradus
1205 243 1345 287 potuerit
1363 241 1534 288 procedere
1545 269 1554 282 ‚
1565 246 1653 280 nulla
1661 249 1746 281 enim
1756 249 1827 296 post

1075 289 1223 323 occasum
1237 290 1281 325 est
1296 291 1412 325 umbra
1423 316 1433 331 ‚
1448 293 1552 326 necin
1564 294 1741 331 Sciatetico
1755 300 1826 333 ullae
1866 298 1869 300 ’

1077 339 1168 373 lineae
1189 352 1257 385 quae
1274 340 1368 375 horas
1388 344 1420 375 &
1436 341 1550 389 gradus
1571 342 1640 389 post
1666 345 1826 382 duodeci-

1077 399 1161 421 mam
1180 389 1303 434 signent
1326 403 1335 422 :
1369 392 1456 425 Data
1475 402 1584 426 autem
1603 393 1745 432 Hezekiae
1761 394 1827 431 fuit

1075 437 1169 482 optio
1188 438 1329 484 eligendi
1342 453 1399 486 pro
1413 439 1467 474 suo
1477 442 1610 476 arbitrio
1621 469 1630 482 ,
1650 454 1686 478 ut
1700 445 1753 479 Sol
1767 445 1827 480 de-

1075 497 1144 518 cem
1159 487 1272 531 gradus
1283 489 1331 522 vel
1346 490 1535 535 procederet
1548 490 1597 524 vel
1607 494 1826 530 retrocedcrct

1074 536 1104 567 in
1118 532 1236 569 solario
1255 535 1377 574 Achaz.
1404 538 1458 573 Ad
1481 538 1536 572 ista
1554 538 1727 587 respondet
1746 547 1828 578 Mu-

1069 583 1161 628 [culus
1180 586 1352 631 optionem
1375 600 1445 621 eam
1470 587 1602 633 quidem
1632 590 1739 625 datam
1755 596 1830 626 He-

1072 630 1159 674 zekiae
1168 661 1177 673 ,
1189 634 1238 669 sed
1249 636 1470 684 exequendam
1479 648 1547 671 non
1556 636 1663 672 statim
1672 640 1828 688 &inipso

1075 695 1247 718 momento
1267 696 1335 731 quo
1355 685 1396 720 ab
1406 687 1480 734 Istzia
1492 685 1601 721 oblata
1616 688 1660 723 est
1675 713 1685 728 ‚
1713 693 1827 726 verum

1072 742 1220 780 tempore
1237 746 1451 781 opportuno,
1465 735 1634 785 quodipse
1660 739 1828 775 Dominus

1074 781 1206 832 eligeret
1219 785 1268 816 vel
1278 784 1395 818 eodem
1406 785 1458 819 die
1469 786 1520 820 vel
1532 785 1668 821 crastino
1680 812 1688 824 ,
1708 790 1756 822 vel
1772 803 1831 835 pe-

1075 831 1183 864 rendie
1206 829 1282 865 cum
1303 832 1456 880 regressus
1475 834 1617 876 Hezekiae
1642 838 1828 885 placuisset,

1076 887 1160 912 retro
1179 882 1304 913 moveri
1315 882 1434 928 incepit
1445 882 1491 917 sol
1509 885 1620 930 quart&
1632 888 1831 932 pomeridia-

1076 925 1115 961 ηίὶ
1126 954 1133 965 ,
1149 938 1185 960 ut
1197 927 1312 962 decem
1331 929 1485 964 horarum
1504 933 1711 970 retrocessum
1725 950 1764 971 co
1776 938 1829 972 die

1077 975 1258 1024 perficeret:
1288 978 1309 1012 si
1327 980 1523 1026 praecipitem
1542 981 1652 1017 decem
1668 988 1831 1032 graduum

1076 1024 1253 1074 processum
1281 1027 1390 1074 potius
1418 1029 1558 1077 elegisset
1575 1054 1585 1067 ‚
1610 1044 1750 1080 praeceps
1776 1038 1831 1071 ille

1077 1076 1234 1123 processus
1251 1075 1401 1124 sequenti
1429 1090 1523 1112 mane
1548 1079 1667 1128 absque
1692 1084 1762 1117 ullo
1778 1086 1833 1119 in-

1075 1125 1259 1159 commodo
1270 1128 1376 1173 potuit
1388 1128 1545 1164 inchoari.
1559 1131 1712 1165 Praeterea
1721 1132 1740 1167 si
1751 1146 1832 1179 pro-
1881 1158 1885 1162 ‡

1075 1173 1190 1223 gressus
1208 1176 1261 1209 ille
1280 1175 1445 1224 incepisset
1471 1176 1512 1211 ab
1529 1177 1595 1222 ipsa
1615 1179 1831 1218 Hebraeoruin

1077 1224 1155 1259 horsa
1167 1224 1313 1265 decimii,
1323 1226 1407 1260 unde
1419 1227 1602 1261 retroceslus
1619 1229 1753 1275 incepit,
1765 1233 1832 1265 ob-

1076 1273 1190 1309 servari
1212 1274 1282 1308 satis
1299 1273 1390 1309 facile
1416 1278 1524 1321 potuit
1542 1278 1575 1310 in
1596 1279 1742 1318 Solari03
1776 1280 1832 1316 etsi

1076 1325 1164 1358 enim
1177 1323 1243 1359 duae
1253 1323 1383 1358 tantum
1397 1326 1488 1360 lineae
1501 1326 1571 1374 post
1582 1327 1742 1361 decimam
1751 1342 1833 1365 con-

1078 1372 1293 1422 spicerentur‚
1313 1376 1378 1409 aliae
1387 1384 1498 1409 tamen
1511 1375 1682 1411 duodecim
1697 1378 1766 1423 post
1777 1377 1845 1414 oc-'

1076 1421 1183 1458 casum
1200 1435 1258 1470 pro
1272 1423 1358 1458 horis
1368 1425 1536 1460 noeturnis
1549 1425 1831 1474 supponebantur,

1078 1485 1213 1520 quarum
1233 1474 1312 1507 octo
1327 1486 1402 1507 cum
1420 1472 1477 1507 Sol
1496 1475 1529 1509 in
1542 1487 1717 1510 momento
1729 1478 1834 1525 perfe-

1077 1522 1162 1557 cisset
1173 1546 1182 1562 ‚
1203 1524 1279 1557 &in
1291 1522 1406 1557 umbra
1416 1522 1503 1558 istius
1513 1526 1618 1559 nostis
1630 1526 1684 1559 Sol
1695 1538 1834 1571 quatuor

1077 1571 1205 1607 tantum
1218 1584 1271 1607 aut
1283 1571 1407 1607 duabus
1418 1572 1508 1608 horis
1527 1572 1745 1622 permanfiss'et
1756 1601 1766 1617 ‚
1790 1579 1834 1614 ita

1077 1632 1113 1656 ut
1133 1622 1172 1656 ab
1188 1621 1306 1658 occasu
1322 1621 1361 1657 ad
1385 1633 1495 1657 ortum
1515 1624 1563 1657 vel
1580 1623 1597 1656 a
1618 1623 1749 1660 bihorio
1761 1638 1836 1663 ante

1076 1670 1227 1706 occasum
1249 1672 1289 1707 ad
1307 1682 1417 1706 ortum
1429 1670 1553 1706 duabus
1573 1670 1677 1707 solum
1691 1687 1742 1709 aut
1755 1689 1838 1724 qua-

1076 1730 1152 1755 tuor
1171 1719 1260 1755 horis
1276 1720 1333 1755 sub
1345 1720 1523 1756 horizonte
1542 1721 1716 1759 delituisset
1728 1749 1736 1763 ,
1760 1738 1839 1773 pro-

1077 1769 1237 1806 missionis
1256 1770 1295 1804 de
1308 1769 1383 1805 solis
1403 1783 1458 1819 per
1474 1771 1587 1807 decem
1599 1773 1716 1822 gradus
1736 1777 1838 1810 mira-

1076 1818 1184 1856 culosa
1204 1818 1410 1855 festinatione
1448 1821 1620 1868 impletio,
1644 1823 1683 1858 ad
1700 1827 1835 1861 oculum

1083 1868 1187 1906 fuiffct
1200 1869 1389 1917 conspicua.

1125 1918 1254 1962 Quarto
1266 1945 1275 1960 ‚
1302 1919 1392 1967 quod
1406 1921 1525 1955 volunt
1537 1921 1723 1957 Dmstorum
1736 1925 1832 1959 multi

1076 1968 1245 2015 regressum
1264 1968 1348 2003 Solis
1365 1968 1380 2003 a
1399 1969 1478 2004 line-3
1501 1969 1624 2005 decima
1635 1972 1672 2005 ad
1691 1974 1831 2019 primam

1075 2018 1306 2053 instantaneam
1327 2017 1436 2055 fuisse,
1453 2019 1599 2066 adeoque
1626 2021 1714 2055 diem
1735 2022 1831 2058 istum

1073 2068 1111 2103 ad
1123 2069 1325 2103 ordinarium
1337 2069 1510 2104 duodecim
1525 2069 1679 2104 horarum
1694 2070 1829 2117 spatium

1072 2117 1185 2153 decem
1197 2115 1326 2152 tantum
1340 2117 1434 2153 horas
1442 2118 1602 2154 addidisse,
1617 2121 1736 2153 rationi
1748 2134 1829 2156 con—

1071 2166 1261 2202 sentaneum
1275 2180 1344 2200 non
1357 2168 1484 2201 videtur
1496 2179 1503 2204 3
1517 2178 1591 2200 cum
1604 2169 1695 2202 Deus
1712 2169 1826 2206 decem

1070 2216 1222 2263 gradibus
1232 2217 1265 2248 in
1283 2215 1399 2250 solario
1413 2214 1569 2250 retrahere
1590 2217 1692 2251 solem
1705 2220 1787 2254 velle
1797 2220 1828 2255 se

1072 2263 1159 2298 dicat
1173 2287 1181 2299 ‚
1198 2274 1233 2297 ut
1243 2261 1353 2298 denuo
1369 2277 1424 2312 per
1434 2264 1546 2299 decern
1559 2265 1629 2300 istas
1639 2268 1738 2303 lineas
1754 2282 1825 2305 non

1072 2313 1128 2347 nlfi
1140 2312 1293 2347 horarum
1305 2314 1415 2348 decem
1430 2313 1533 2362 spatio
1546 2327 1717 2355 remearet,
1730 2322 1826 2365 cujus

1073 2361 1147 2398 esset
1164 2362 1304 2397 audaciae
1327 2361 1448 2410 absque
1470 2363 1533 2398 ullfi
1552 2379 1588 2400 ex
1604 2368 1703 2401 Sacris
1722 2368 1826 2403 literis

1070 2411 1184 2447 umbra
1197 2436 1203 2448 ‚
1216 2413 1367 2461 regressui
1380 2425 1604 2454 momentum,
1624 2420 1655 2450 δε
1670 2417 1825 2463 processui

1072 2461 1142 2510 post
1155 2461 1324 2509 regressum
1337 2462 1447 2498 decem
1459 2463 1553 2497 horas
1563 2463 1732 2499 ascribere?

1120 2510 1226 2556 Quod
1238 2510 1289 2545 liic
1301 2511 1464 2557 objiciunt
1476 2524 1515 2546 ex
1527 2513 1614 2557 libro
1629 2511 1745 2559 Ioshuae
1756 2527 1825 2563 cap.

1076 2572 1131 2594 10.
1143 2573 1175 2595 v.
1190 2572 1246 2602 14.
1270 2562 1408 2595 Nullum
1428 2562 1513 2594 diem
1536 2574 1677 2609 unquam
1690 2562 1827 2611 longio-

1073 2622 1139 2646 rem
1152 2609 1291 2654 ist0‚quo
1303 2610 1341 2644 ad
1353 2607 1466 2656 Ioslmae
1476 2623 1583 2656 preces
1596 2613 1650 2645 Sol
1665 2613 1697 2646 in
1710 2612 1827 2647 occasu

1073 2660 1175 2693 totius
1186 2659 1313 2691 alterius
1325 2658 1388 2692 diei
1399 2657 1501 2705 spatio
1513 2659 1659 2694 constitit
1672 2674 1680 2700 ;
1698 2662 1763 2696 dies
1772 2664 1826 2697 ille

1073 2708 1190 2755 duplex
1203 2720 1271 2742 non
1288 2706 1393 2754 plures
1411 2721 1507 2755 quam
1528 2721 1584 2752 24.
1597 2709 1694 2744 horas
1706 2710 1825 2745 habere

1074 2759 1202 2805 potuit,
1220 2754 1363 2796 Hezekiae
1381 2758 1458 2792 vero
1480 2758 1548 2792 dics
1566 2757 1742 2794 secundum
1761 2773 1825 2794 no-

1075 2807 1172 2842 strum
1193 2807 1352 2840 calculum
1375 2808 1494 2855 triplici
1506 2807 1568 2842 fuit
1588 2809 1742 2855 propior,
1765 2822 1825 2843 nec

1075 2858 1241 2902 pauciores
1263 2855 1360 2903 qnam
1382 2869 1436 2901 32.
1457 2856 1549 2891 horas
1563 2857 1754 2903 complexus
1769 2857 1825 2893 est.

1075 2903 1260 2953 Responsio
1279 2905 1316 2939 ad
1336 2904 1391 2939 ista
1402 2905 1446 2940 est
1458 2904 1570 2940 facilis,
1583 2904 1699 2953 duplex
1713 2906 1824 2953 Iofhuae

1077 2956 1142 2989 dies
1155 2954 1269 2988 dieitur
1286 2953 1418 3000 longior
1437 2956 1530 2988 omni
1544 2954 1670 2988 dietam
1689 2969 1824 2991 antece-

1073 3004 1170 3038 dente
1181 3003 1277 3050 quam
1296 3001 1535 3050 consequente,
1552 3004 1742 3050 accipiendo
1754 3019 1822 3040 non

1070 3050 1288 3088 absolute‚sed
1297 3051 1334 3084 de
1343 3053 1378 3085 iis
1390 3050 1516 3085 tantum
1528 3052 1640 3087 diebus
1651 3057 1707 3101 qui
1719 3054 1822 3089 fluxe-

1071 3111 1146 3136 runt
1175 3101 1213 3134 ad
1228 3114 1262 3134 ea
1282 3112 1433 3146 tempora
1453 3125 1462 3140 ,
1498 3103 1613 3149 quibus
1637 3105 1691 3137 ilte
1712 3102 1823 3150 Ioshuae

1069 3150 1150 3185 liber
1166 3148 1340 3195 descriptus
1352 3148 1394 3184 est
1411 3174 1420 3188 ‚
1436 3149 1499 3185 hoc
1518 3150 1662 3193 Hegesia:
1673 3153 1737 3186 dies
1750 3164 1820 3185 non

1069 3200 1207 3235 omnino
1217 3200 1335 3246 tangit.

1686 3246 1817 3295 Qtintb

1855 1932 1918 1962 Dies
1923 1936 1978 1962 ffl-

1853 1976 1984 2014 Qkiaefuit

1853 2017 1960 2054 triplex,

1854 2058 1925 2094 Iofim
1933 2056 1987 2085 du-

1847 2100 1919 2137 plex-
