2048 3343
280 127 357 167 208
644 126 964 164 OPERIS

281 199 415 235 bundus
427 199 649 249 Polysperclionti
672 199 706 231 in
724 196 882 231 mandatis
897 195 1040 235 dederat,

279 262 321 283 ne
344 250 515 283 mulierem
536 247 635 281 ullam
655 247 695 282 ad
708 248 805 293 Reip.
824 246 956 292 negotia
969 256 1041 277 rna-

278 310 341 332 nus
353 298 531 332 admovere
543 307 719 344 pateretur.
741 294 970 330 Nihilominus
980 295 1042 326 im-

279 348 425 394 prudens
444 346 536 381 senex
564 358 639 380 cum
661 344 813 394 Eurydicen
834 342 894 377 suis
916 342 1048 390 artibus⁵

283 395 509 431 Macedonum
537 394 579 429 ab
613 394 683 442 ipso
711 395 851 442 gratiam
881 394 1040 427 divertere

279 443 432 483 sentiret,
447 457 481 479 ut
502 445 578 478 huic
594 443 783 478 mederetur
796 443 884 476 malo
902 469 910 480 ‚
938 444 1041 484 majus

279 495 418 530 attraxit.
452 495 647 540 Olympiadem
669 506 706 528 ex
729 494 831 540 Epiro
844 491 911 539 quo
928 491 968 571 εἶινῐῖ
980 498 1041 523 An-

969 549 1041 569 ace·

278 592 427 626 doniam.
450 595 528 626 Huc
538 594 672 627 utvenit
684 588 881 624 immanisuz‘i
895 583 1040 632 superbia

278 545 380 589 tipatro
400 542 507 577 fuerat
527 544 682 591 relegata,
702 543 913 576 revocavitin

278 642 515 676 &crudelitate
533 644 650 676 mulier
669 640 783 673 omnia
803 636 1035 682 praecipitavit:

277 690 344 724 hoe
360 702 460 724 unum
476 690 607 725 tantum
624 686 712 722 reste*
727 711 737 726 ‚
766 685 861 731 quod
884 691 1036 719 Eumenem

278 738 375 773 Nor&
387 741 530 783 elapsum
543 738 641 772 rebus
655 734 802 769 Asiaticis
818 746 892 768 cum
904 733 1034 768 summo

275 787 334 822 sub
351 787 648 836 Regibusimperio
661 781 854 831 praefecerit.

325 841 441 871 Statim
463 835 481 870 ὲ
502 846 608 869 morte
629 834 947 883 AntipatriAntigonus
957 831 1035 877 regii

275 885 436 920 exercitus
454 887 485 918 in
504 883 577 917 Asia
599 887 788 930 Imperator
813 882 854 916 ad
879 881 1037 914 Alexandri

274 932 393 967 solium
406 933 570 981 aspiravit.
596 935 661 966 Hic
674 943 708 965 ut
720 938 871 966 Eumenem
883 954 891 969 ‚
909 929 927 963 εὶ
945 933 1034 973 cujus

273 984 395 1017 virtute
415 982 506 1030 supra
531 983 646 1015 omnia
666 980 836 1014 metuebat
857 1004 866 1016 ‚
890 981 1034 1012 amicum

272 1032 425 1067 redderet
449 1056 459 1071 ,
487 1033 646 1077 benignas
668 1032 696 1064 ei
717 1032 802 1077 pacis
821 1029 1034 1063 conditiones

271 1079 393 1128 scripto
405 1080 542 1116 obtulit.
555 1084 591 1114 In
604 1082 639 1113 iis
652 1080 717 1113 hoc
731 1091 832 1113 unum
844 1076 1034 1112 offendebat

271 1134 434 1165 ,Eumenem
451 1155 460 1170 ‚
494 1128 587 1177 quod
617 1127 724 1163 multo
752 1129 870 1162 arctius
896 1130 1033 1174 Antigono

272 1179 375 1225 quam
388 1179 533 1226 Regibus
547 1178 684 1226 obligari
699 1179 727 1211 se
741 1179 873 1212 videret.
886 1178 957 1223 Qi
968 1178 1032 1211 ob-

271 1228 561 1264 sidebantNoram
575 1239 666 1262 erant
684 1227 894 1262 Macedones
912 1244 921 1265 ς
951 1226 1030 1260 dum

274 1276 395 1311 abesset
408 1277 424 1312 a
435 1278 543 1312 castris
562 1280 713 1324 Antigonus
727 1300 737 1317 ,
766 1282 896 1311 Eumenes
909 1275 1031 1309 oblatis

273 1327 526 1361 conditionibus
542 1326 711 1360 subscribit
725 1350 735 1365 ,
749 1324 888 1358 articulo
902 1323 1030 1357 tantum

274 1375 480 1424 obligatorio
495 1373 626 1423 paulum
643 1377 819 1408 immutato
832 1399 840 1413 ‚
856 1372 938 1406 bons
952 1374 1030 1407 Ma-

272 1426 439 1460 cedonum
456 1426 644 1471 cumgratia
675 1436 683 1460 ι
710 1425 754 1456 ita
773 1434 808 1456 ut
827 1424 969 1469 imperiis
983 1435 1031 1456 re-

271 1487 352 1521 gum
362 1486 438 1508 ante
451 1478 626 1522 Antigonum
646 1477 681 1508 ὃ(
700 1485 818 1507 omnes
829 1473 910 1506 alios
920 1484 1033 1520 parere

272 1534 451 1557 teneretur.

321 1572 550 1608 Honestolioc
562 1572 793 1607 astuliberatus
811 1570 827 1606 ὲ
847 1583 975 1606 carcere
996 1575 1030 1606 &

273 1622 546 1669 Antigonitechnis
561 1647 570 1661 ,
590 1622 698 1655 statim
721 1634 874 1669 magnam
894 1633 1028 1654 manum

270 1683 508 1706 veteranorum
521 1672 647 1719 colligit
660 1671 861 1706 :adveniunt
874 1671 915 1704 ad
926 1670 1029 1717 ipsum

272 1721 314 1754 ab
327 1722 492 1772 Olympiade
505 1724 540 1755 δε
554 1723 777 1771 Polyffierchonte
786 1719 936 1754 mandata
955 1745 964 1760 ,
995 1730 1030 1754 ut

270 1769 409 1805 sumeret
429 1771 470 1805 de
491 1771 587 1819 regiis
614 1769 810 1804 exercitibus
839 1773 872 1803 &
891 1771 1031 1816 pecunia

269 1831 427 1866 quantum
456 1831 585 1867 putaret
611 1818 819 1853 necessarium
842 1819 884 1851 ad
907 1818 1031 1866 suppri-

271 1870 425 1904 mendam
439 1869 801 1915 Antigonityranuidem.
836 1865 939 1900 Nulla
950 1880 1026 1902 mo·

271 1918 302 1952 rfi
329 1920 361 1951 in
392 1919 546 1953 Ciliciam
583 1918 626 1951 ad
661 1916 859 1968 Argyraspides
883 1918 1028 1964 primum

270 1966 302 2001 se
315 1965 444 2001 confert
465 1993 474 2007 ‚
503 1966 536 1999 hi
558 1967 641 2012 aegre
654 1966 818 2014 principio
831 1969 899 2009 ejus
912 1976 1028 2013 parent

268 2017 411 2062 imperio
441 2030 448 2050 :
476 2015 531 2049 scd
558 2027 649 2049 tanta
669 2017 727 2050 viri
748 2015 810 2049 fuit
832 2015 1026 2057 humanitas,

268 2066 454 2113 prudentia,
466 2064 632 2103 industria,
647 2069 680 2100 δέ
692 2064 863 2100 fortitudo
874 2089 884 2105 ,
900 2078 936 2100 ur
949 2079 1028 2101 mox

269 2114 376 2148 amice
388 2114 743 2161 satisconspiraverint.

316 2165 441 2196 Seleucus
457 2174 528 2195 tum
555 2164 763 2210 Babyloni&
779 2165 888 2208 Python
900 2164 1024 2199 Mediae

267 2222 447 2258 praeerant3
469 2223 606 2255 uterque
623 2212 805 2255 repudiavit
820 2216 946 2247 Eumenis
962 2217 1024 2246 im·

266 2262 396 2307 perium
414 2260 453 2293 ad
471 2257 598 2292 summa
620 2258 676 2303 ipsi
689 2259 888 2293 anhelantes.
915 2264 1023 2307 Python

265 2321 372 2343 unum
387 2319 440 2343 aut
457 2309 593 2342 alterum
610 2309 796 2341 vicinorum
816 2309 1023 2353 Satraparum

269 2359 310 2392 de
329 2359 438 2391 medio
457 2356 625 2392 sustulerat
642 2382 651 2396 ,
678 2356 752 2390 hinc
781 2358 886 2390 caeteri
906 2370 1022 2392 omnes

265 2408 389 2453 junctis
401 2408 506 2453 copiis
517 2418 592 2439 eum
605 2405 858 2454 oppugnabant,
869 2407 1023 2441 omnibus

267 2459 375 2502 impar
389 2468 464 2489 cum
483 2457 594 2491 Seleuco
614 2454 642 2488 se
659 2457 783 2501 jungit.
820 2462 952 2490 Eumenes
971 2469 1022 2490 re-

268 2507 335 2554 gias
346 2506 454 2538 literas
463 2502 594 2538 sociatis
608 2503 671 2537 istis
684 2506 814 2538 tradens
824 2516 881 2538 eos
893 2505 1023 2551 pellexit

268 2556 310 2588 ad
322 2554 370 2594 se,
383 2565 514 2588 caeteros
525 2553 619 2587 facile
632 2577 642 2591 ‚
667 2554 808 2599 Peucesten
822 2554 930 2587 Perliae
943 2557 1024 2588 l'rae-

268 2601 393 2637 feetum
406 2601 684 2649 difficilius‚quod
695 2601 747 2637 ille
761 2604 859 2637 etiam
871 2602 1024 2651 aspiraret

272 2654 312 2686 ad
324 2654 507 2698 imperium.

320 2703 442 2735 Interea
452 2700 538 2735 adest
555 2702 708 2746 Antigonus
727 2724 735 2739 ,
762 2711 838 2733 cum
852 2712 892 2732 eo
904 2699 933 2733 se
946 2704 1022 2744 jun-

267 2762 347 2796 gunt
361 2754 463 2793 Python
475 2754 507 2785 &
521 2752 647 2784 seleucus
659 2763 666 2788 ς
681 2760 759 2795 ergo
773 2749 907 2795 Peucestes
920 2752 952 2782 δε
966 2749 1017 2783 so-

267 2801 306 2831 cii
319 2800 434 2833 alacres
445 2798 473 2832 se
484 2799 727 2834 Eumenisduekui
739 2797 930 2842 subjiciunt:
949 2811 1018 2833 ma-

264 2850 337 2894 gnis
350 2851 501 2895 utrinque
521 2849 628 2895 copiis
641 2850 842 2881 concurritur
855 2849 895 2882 ad
910 2849 1017 2894 Tigri·

267 2898 316 2930 d1s
328 2900 425 2943 ripas.
458 2897 502 2931 fia
515 2910 582 2931 arte
597 2909 634 2930 ac
647 2896 812 2943 vigilantii
822 2899 1014 2932 orientalem

265 2947 367 2992 ripam
379 2946 395 2980 a
405 2945 554 2980 fontibus
565 2947 604 2980 ad
622 2959 707 2980 mare
718 2953 850 2979 Eumenes
861 2946 1018 2983 custodit,

1022 123 1492 164 Hxsr0n1cx

1091 194 1447 230 norsturnisitineribus
1460 200 1574 232 Eumeni
1585 197 1716 247 ingruit,
1754 201 1846 235 Dum

1091 243 1321 290 inlonginquis
1332 244 1486 291 hybernis
1500 247 1615 293 procul
1626 249 1848 298 effentplerae-

1090 305 1155 338 que
1167 296 1269 340 copiae
1288 319 1297 334 ,
1327 295 1491 341 trepidare
1511 299 1650 331 Peucestes
1678 302 1711 332 &
1738 300 1847 333 caeteri

1089 353 1207 376 omnes
1227 344 1284 388 qui
1302 342 1437 378 aderant
1464 358 1472 378 :
1497 351 1628 380 Eumenes
1647 346 1740 380 bono
1752 347 1847 390 jubet

1088 389 1148 423 effe
1160 392 1274 424 animo
1297 415 1307 428 ‚
1330 393 1569 440 impediturum
1582 396 1670 428 enim
1684 395 1713 428 se
1726 409 1781 442 pet
1794 407 1847 431 tot

1087 438 1154 471 dies
1168 439 1311 473 hostium
1325 442 1384 476 iter
1402 453 1485 488 quot
1498 445 1539 478 ad
1552 443 1683 478 suorum
1699 445 1846 479 reditum

1089 484 1188 521 effent
1201 487 1362 523 necessarii
1379 515 1388 528 ,
1415 493 1557 537 quod&
1569 494 1714 540 praestirit
1735 507 1743 532 ;
1768 506 1845 529 nam

1089 535 1123 569 efi
1133 538 1231 571 noste
1243 540 1275 569 in
1287 540 1461 574 verticibus
1475 545 1641 575 montium
1652 543 1847 590 quiAntigoni

1087 585 1185 619 castra
1197 584 1392 633 spe&abant
1402 615 1411 629 ‚
1426 587 1616 635 frequentes
1627 592 1718 636 ignes
1731 592 1847 638 dispo..

1087 630 1169 674 suit,
1186 648 1272 681 quos
1283 636 1464 683 spectando
1477 641 1666 685 perterritus
1679 641 1846 686 Antigonus,

1086 682 1175 729 quasi
1194 698 1268 718 cum
1285 685 1445 720 omnibus
1470 689 1573 734 copiis
1592 698 1722 733 paratus
1738 687 1846 724 iuiffet

1086 739 1217 768 Eumenes
1225 733 1298 768 suos
1310 736 1343 768 in
1355 737 1404 769 via
1414 734 1509 770 fessos
1523 738 1674 771 invadere
1687 761 1695 774 ‚
1715 738 1846 772 celerri-

1087 781 1139 815 me
1153 783 1329 818 retrocessit
1341 809 1351 824 ,
1372 789 1406 819 δε
1419 786 1496 819 dum
1514 787 1687 819 cunctatur
1704 812 1713 825 ‚
1739 787 1846 822 advo-

1085 831 1182 863 candi
1193 831 1261 865 suas
1272 835 1385 879 copias
1395 839 1512 870 Eumeni
1530 834 1573 869 sat
1587 837 1749 882 temporis
1761 849 1844 883 prae-

1087 880 1169 912 buit.

1134 929 1291 963 Tandem
1310 940 1419 965 tamen
1436 933 1479 966 ad
1501 935 1644 979 praeliurn
1659 935 1840 970 devenitur.
1858 937 1989 974 Eumenem

1084 981 1260 1027 Agyraspides
1277 978 1442 1026 (quorum
1453 984 1547 1015 multi
1559 981 1792 1030 septuagenarii
1804 989 1839 1020 δε
1858 979 1996 1022 “gfff“

1083 1038 1184 1061 nemo
1206 1028 1414 1077 sexagenario
1437 1033 1570 1074 minor)
1591 1043 1693 1065 totam
1708 1036 1841 1080 Antigoni
1851 1017 1993 1086 qdzma’*

1083 1077 1279 1125 phalangem
1303 1079 1377 1124 post
1401 1082 1536 1114 multam
1549 1081 1668 1115 caedem
1682 1083 1712 1115 in
1726 1080 1841 1130 fugam
1877 1069 1930 1087 'm’

1082 1128 1274 1169 conjiciunt,
1287 1131 1428 1164 Peucestes
1439 1141 1548 1164 tamen
1560 1143 1634 1164 cum
1647 1130 1706 1165 suis
1717 1134 1842 1178 equiti-

1083 1174 1141 1208 bus
1163 1178 1316 1210 recedens
1335 1176 1350 1210 ἑ
1371 1181 1483 1226 praelio
1504 1184 1642 1227 Antigono
1654 1181 1841 1227 equestrem

1081 1225 1256 1259 vietoriam
1280 1226 1418 1262 tradidit
1447 1242 1455 1262 ε
1490 1228 1544 1262 hic
1570 1230 1744 1264 occasione
1767 1230 1842 1265 usus

1081 1285 1137 1318 per
1166 1276 1247 1308 alam
1271 1279 1424 1322 equitum
1451 1281 1670 1326 Argyraspidum
1698 1280 1841 1326 impedi-

1081 1334 1191 1355 menta
1202 1323 1332 1358 obtinet
1346 1349 1354 1362 ‚
1375 1338 1490 1360 contra
1504 1328 1840 1364 hocincommodum

1081 1371 1161 1407 nihil
1176 1374 1302 1408 valuere
1315 1387 1434 1410 omnes
1453 1382 1580 1412 Eumenis
1590 1388 1684 1412 artes.
1721 1380 1756 1410 In
1773 1391 1841 1424 po-

1079 1421 1227 1456 testatem
1244 1427 1372 1470 Antigoni
1392 1426 1593 1460 devenerunt
1617 1429 1839 1473 Argyraspidum

1079 1483 1189 1505 uxores
1204 1497 1214 1511 ‚
1242 1472 1354 1513 liberi,
1378 1478 1412 1508 δε
1433 1487 1530 1519 quam
1545 1474 1613 1508 totfi
1627 1480 1676 1509 vzz‘i
1690 1478 1731 1509 de
1746 1477 1840 1510 vietis

1076 1520 1233 1567 gentibus
1254 1521 1358 1566 spolia
1379 1522 1587 1569 collegerunt
1604 1547 1612 1559 ‚
1637 1523 1704 1557 haec
1725 1527 1840 1560 omnia

1077 1569 1283 1603 redditurum
1298 1569 1328 1605 se
1342 1570 1414 1618 ipfis
1426 1574 1547 1606 intaeta
1559 1573 1736 1620 pollicetur
1748 1576 1840 1607 Anti-

1071 1631 1160 1664 gonus
1176 1644 1185 1659 ‚
1204 1619 1309 1654 modo
1325 1633 1427 1654 unum
1441 1627 1591 1657 Eumenem
1604 1620 1662 1655 fibi
1673 1620 1838 1656 traderent

1077 1670 1108 1700 iu
1122 1681 1236 1702 manus
1249 1683 1258 1708 3
1269 1669 1390 1704 hocilli
1401 1670 1623 1718 paciscuntur,
1640 1676 1673 1705 &
1686 1672 1836 1705 vianhun

1078 1716 1226 1752 tradunt.
1249 1724 1380 1753 Eumenes
1389 1720 1525 1766 quidem
1541 1721 1612 1768 post
1623 1720 1750 1766 aliquot
1761 1720 1838 1755 die-

1076 1778 1145 1799 rum
1160 1779 1321 1801 carcerem
1336 1768 1376 1802 ab
1390 1773 1545 1817 Antigono,
1562 1769 1704 1804 multum
1719 1767 1838 1804 dissua-

1076 1816 1175 1850 dente
1185 1821 1331 1852 Demetrio
1341 1819 1571 1867 silio,ind1gnae
1583 1820 1684 1853 morti
1696 1818 1835 1853 traditus

1060 1866 1138 1909 west.
1173 1867 1239 1901 Sed
1261 1877 1352 1901 tanta
1370 1867 1477 1916 ipsum
1500 1881 1615 1902 contra
1641 1870 1833 1916 proditores
1850 1881 1977 1920 „Antigoi

1078 1918 1274 1966 Argyraspidas
1285 1918 1370 1964 cepit
1382 1919 1578 1964 indignatio,
1589 1930 1623 1951 ut
1637 1920 1669 1951 in
1684 1917 1829 1950 Aracho.
1849 1923 1991 1950 uastum-2

1075 1963 1149 1997 siam
1163 1966 1428 2014 longinquasque
1440 1968 1759 2014 provinciassyburtio
1769 1966 1830 2000 du·
1848 1965 1990 2010 ”2m³⁸<¹'·.

1074 2015 1199 2048 cendos
1213 2017 1472 2056 tradiderit,cum
1487 2015 1634 2064 expreffis
1646 2015 1808 2049 mandatis
1819 2029 1831 2056 ⁴,
1842 2006 1959 2071 {idm-q?

1072 2075 1196 2099 curaret
1223 2077 1263 2099 ne
1279 2078 1399 2100 corum
1429 2065 1602 2113 quisquam
1624 2067 1750 2113 patrios
1767 2077 1827 2098 un-
1846 2055 1974 2115 5232„ss

1072 2125 1172 2159 quam
1187 2117 1268 2149 lares
1287 2127 1342 2149 aut
1362 2119 1513 2150 Graecum
1533 2128 1620 2149 mare
1640 2115 1689 2147 vel
1718 2112 1733 2145 ἐ
1752 2114 1826 2146 lon-
1843 2125 1981 2160 Pythonem

1070 2165 1199 2209 ginquo
1212 2163 1421 2210 conspiceret.
1446 2165 1597 2199 Peucesten
1607 2164 1701 2195 etiam
1715 2161 1827 2195 Persice
1842 2165 1935 2203 perdit.

1071 2213 1261 2256 praefestura
1287 2214 1452 2256 dejectum
1479 2214 1513 2243 in
1539 2214 1603 2245 vita
1626 2208 1765 2243 obscura
1792 2214 1828 2245 δε

1070 2258 1208 2304 ignobili
1221 2259 1422 2303 perseverare
1435 2260 1474 2293 ad
1489 2271 1632 2294 mortem
1645 2261 1753 2306 co'e'git
1766 2285 1775 2299 ,
1789 2272 1826 2293 ac

1071 2308 1327 2354 l‘ytlioneimdum
1341 2308 1401 2342 fibi
1415 2307 1620 2343 iufidiaretur
1634 2333 1642 2348 ‚
1665 2309 1826 2342 Medidac

1070 2359 1137 2388 vita
1156 2354 1318 2400 spoliavit.
1350 2356 1440 2390 Cum
1454 2356 1585 2391 veniffet
1601 2356 1821 2403 Babylonem,

1070 2408 1105 2439 &
1123 2405 1226 2438 amice
1256 2406 1440 2440 admodum
1465 2405 1481 2441 ὲ
1505 2410 1615 2441 Seleuco
1634 2405 1825 2449 haberetur,

1069 2466 1145 2487 eum
1165 2453 1250 2498 jusfit
1274 2456 1457 2490 Provincia:
1475 2457 1684 2503 vestigalium
1705 2455 1762 2489 sibi
1774 2469 1827 2489 ra-

1069 2505 1196 2536 tionem
1209 2503 1359 2540 reddere.
1400 2508 1524 2540 Seleucus
1541 2507 1628 2539 nulla
1648 2503 1825 2538 verborum

1069 2552 1235 2586 lenocinia
1246 2552 1427 2587 satisfacere
1439 2558 1576 2599 Antigono
1591 2553 1708 2587 videns
1719 2577 1728 2592 ,
1747 2566 1825 2587 cum

1069 2604 1180 2648 paucis
1193 2602 1358 2647 equitibus
1369 2603 1590 2647 praesentaneae
1602 2604 1720 2635 mortis
1733 2615 1823 2637 metu

1067 2653 1104 2684 ad
1117 2653 1294 2685 Ptolemaeum
1304 2653 1336 2683 in
1350 2652 1525 2698 AEgyptum
1542 2652 1636 2698 fugit.
1664 2654 1823 2698 Antigonus

1067 2700 1242 2743 totiusjam
1256 2699 1335 2733 Afiae
1353 2699 1419 2734 sine
1437 2699 1620 2734 adversario
1635 2701 1819 2740 Dominus,

1065 2747 1107 2781 ad
1127 2748 1362 2782 Macedoniam
1384 2753 1418 2784 ἅ
1442 2752 1604 2784 Graeciam
1628 2749 1706 2783 Asiae
1733 2749 1818 2794 adji-

1064 2798 1209 2831 ciendam
1222 2800 1369 2832 animum
1384 2798 1529 2845 appellit.

1113 2848 1238 2880 Omnia
1252 2859 1323 2881 tum
1343 2849 1430 2894 apud
1444 2846 1647 2881 Macedonas
1661 2844 1813 2891 peffumi—
1834 2847 1959 2885 Pogysper.

1063 2893 1143 2928 bant
1158 2923 1166 2934 ,
1204 2894 1251 2928 ob
1276 2895 1561 2930 irreconciliabiles
1588 2897 1760 2941 Olympiadis
1779 2898 1812 2928 in
1832 2886 1890 2914 ‘'²⁰'’
1904 2899 1932 2914 ¹²⁸

1062 2945 1290 2987 EurydiceniraS.
1323 2944 1812 2992 Cassanderindignatusdparre
1832 2930 1955 3006 ZZZ„

1060 2991 1118 3025 fibi
1130 2994 1163 3024 in
1173 2993 1302 3038 Regum
1313 2992 1468 3034 ὀᾌιτμελεέᾳ
1480 2995 1746 3043 Polyspercbontem,
1757 2993 1810 3028 fu-
1831 3009 1939 3038 tradetis.

1058 3042 1102 3087 git
1114 3040 1308 3076 inAsiam‚&
1320 3041 1360 3074 ab
1373 3045 1512 3088 Antigono
1525 3042 1648 3075 claffem
1662 3055 1737 3076 cum
1751 3045 1812 3077 mi-

265 3091 684 3135 Dumprotelaturbellum
704 3120 714 3133 ‚
743 3106 824 3134 nec,
845 3096 889 3127 ob
909 3096 1012 3128 multa
1057 3091 1114 3124 lite
1140 3091 1330 3137 impetravit
1350 3115 1359 3130 ,
1393 3091 1513 3135 quibus
1544 3092 1754 3126 Macedoniae
1779 3097 1812 3127 δέ

264 3139 618 3185 Eumenisstratagemata
632 3169 641 3183 ,
653 3146 831 3189 quicquam
844 3141 1013 3190 profefffis
1059 3140 1191 3173 Graeciae
1209 3140 1382 3186 imperium
1399 3141 1440 3172 ad
1456 3141 1484 3172 se
1502 3138 1687 3174 attraheret.
1728 3143 1812 3183 Poly-

265 3187 382 3223 faceret
395 3190 569 3234 Antigonus,
589 3194 718 3229 tandem
730 3196 763 3227 in
774 3195 883 3229 media
893 3192 1010 3240 hyeme
1050 3190 1182 3235 sperchon
1193 3200 1233 3222 ne
1245 3190 1370 3225 civitat<
1379 3202 1391 3223 s
1404 3192 1690 3236 Graeciae,quarum
1700 3188 1808 3270 [inglu-

1781 3248 1807 3270 is

264 3005 301 3026 ut
315 2996 443 3028 transire
452 2997 623 3042 aliquoties
633 3007 763 3029 tentans
773 2998 925 3042 Antigonus
933 2995 1015 3029 mul-

265 3052 299 3074 ta
320 3042 448 3075 suorum
473 3057 548 3077 cum
570 3046 653 3079 caede
671 3044 798 3092 semper
815 3046 951 3090 rejestus
964 3043 1011 3078 stt.
