2048 3343
294 81 364 115 106

298 145 416 180 tiones,
435 152 501 188 quae
514 146 651 173 mentem
664 136 734 170 mea
746 133 848 168 multo
864 131 1057 167 constantio-

299 204 366 226 rem
383 201 555 236 expugnare
567 186 681 221 dudum
695 181 869 232 potuissent.
902 184 1056 229 Magnum

301 240 400 274 fateor
413 239 449 273 ad
462 238 524 272 hoc
536 235 623 285 quod
639 237 701 280 jam
719 233 787 281 cepi
801 230 963 266 consilium
978 230 1055 264 mihi

303 288 361 323 fuit
373 288 498 322 illicium
513 311 523 326 ,
549 283 700 332 expressa,
722 294 814 330 quam
828 279 939 314 fecistis
953 279 1054 327 publi-

301 338 348 378 ce,
360 338 451 377 fides;
465 336 485 370 si
500 334 569 383 post
581 332 727 381 aliquanti
740 330 890 377 temporis
901 330 1056 364 rudimen-

300 398 366 422 tum
375 411 382 421 ‚
396 386 503 420 militia
517 385 581 419 haec
592 395 673 417 nova
685 394 749 415 non
762 378 875 427 saperet
887 379 987 425 palato
1006 376 1054 412 seu

301 436 422 471 vestro,
442 433 490 469 seu
504 447 593 472 meo,
613 431 760 465 liberrimi
773 430 809 463 ad
822 428 946 475 pristina
962 427 1055 461 castra

301 485 416 519 reditfis
432 482 568 518 facturos
586 493 643 516 vos
659 480 734 514 mihi
753 479 886 526 copiam.
919 474 1055 520 Hujusce

300 535 374 569 fidei
387 534 458 568 cum
471 532 536 567 usus
550 545 583 566 ac
597 543 677 577 opus
690 531 746 563 erit
757 525 965 575 proculdubio
979 536 1054 570 prae-

299 584 426 621 standce,
448 582 496 629 spe
515 582 598 616 certa
617 580 724 625 plenus
738 602 748 616 ,
773 574 945 621 amplecror
962 585 1054 620 quam

299 633 376 667 datis
390 631 527 679 spartam.
554 626 700 676 Agnosco
714 626 820 658 lubens
834 647 845 662 ,
866 624 940 656 dum
952 632 1055 669 perte-

300 694 412 720 nuem,
427 694 492 729 quae
505 679 581 714 mihi
597 676 696 714 adest,
717 675 870 707 literarum
883 669 1053 718 supelleffifi·

300 733 361 766 lem
381 731 506 768 recolo,
535 725 752 771 discipulorum
772 719 930 760 subsellia,
962 733 1055 768 quam

300 781 459 816 Doctoris
477 776 664 811 Catliedram
687 772 765 805 meis
789 770 922 805 fortunis
944 768 1055 803 bellius

301 829 483 867 convenire;
497 838 553 859 nec
566 825 634 859 alia,
655 821 731 855 mihi
744 821 876 858 credite,
896 831 983 852 mens
996 831 1053 852 un-

302 890 394 926 quam
412 875 472 909 fuit
484 900 494 915 ‚
526 874 639 908 hancce
657 870 817 918 capessenti
837 869 1029 915 provinciam
1044 891 1053 904 ‚

301 927 394 974 quam
414 937 446 959 ut
459 924 517 958 una
534 921 712 960 vobiscum,
732 917 955 956 adolescentes,
976 929 1053 951 con-

301 975 480 1022 discipulum
497 984 642 1021 agerem3
665 969 826 1003 confidens
839 980 893 1014 per
912 967 978 1014 Dei
990 966 1052 1000 bo-

298 1027 425 1060 nitatem
438 1022 591 1061 futurum,
604 1020 782 1066 utdiligenti
793 1016 1051 1056 doctissimorum,

301 1076 354 1122 qui
373 1073 498 1113 adsunt,
525 1069 733 1106 Profefforum
752 1067 872 1107 οἰκξοοίπί,
890 1065 1050 1100 industria-

300 1137 361 1171 que
374 1125 562 1170 privatorum
575 1120 635 1154 mei
649 1117 801 1163 vestrique
814 1114 987 1149 studiorum
1005 1115 1050 1148 in-

298 1184 344 1208 ter
357 1186 412 1207 nos
426 1173 606 1210 collatione,
620 1170 708 1201 inme
717 1165 842 1213 quidem
856 1162 1047 1203 reviviscant,

298 1223 320 1257 fi
329 1224 381 1270 qui
390 1223 466 1256 olim
474 1222 589 1254 inerant
598 1218 711 1252 amoris
720 1228 790 1262 erga
797 1213 964 1261 disciplinas
972 1214 1051 1260 igni-

298 1274 378 1311 culi,
395 1270 598 1304 desuetudinis
611 1268 710 1313 longae
718 1263 871 1299 cineribus
880 1263 1051 1310 probejam

299 1321 444 1360 extinctu
458 1321 489 1353 in
502 1331 558 1353 vos
571 1315 645 1353 vero
656 1324 736 1349 tanta
750 1312 932 1347 eruditionis
946 1312 1049 1345 omni-

298 1383 383 1418 genae
398 1370 487 1416 copia
498 1392 508 1408 ,
534 1381 569 1401 cx
589 1366 695 1400 divino
709 1374 808 1397 cornu
821 1361 951 1396 istorum
969 1358 1050 1394 felici

295 1418 469 1454 ministerio
482 1416 653 1451 effundatur
664 1438 674 1453 ,
701 1424 734 1446 ut
755 1424 791 1446 ex
804 1410 903 1446 vestro
917 1408 1027 1443 ordine
1041 1433 1050 1446 ,

296 1480 492 1515 numeroque
500 1464 663 1500 suborituri
671 1462 727 1496 sint
738 1460 904 1509 aliquando
912 1483 922 1499 ,
939 1458 1051 1507 quibus

295 1519 400 1557 istam,
413 1530 503 1565 quam
518 1527 598 1549 nunc
613 1513 719 1560 capio,
741 1511 895 1558 lampada,
911 1508 1050 1556 spartam-

295 1580 357 1614 que
370 1565 607 1615 gratulabundus
620 1562 753 1602 tradam3
772 1572 838 1594 non
850 1570 883 1593 ut
895 1558 911 1593 a
926 1571 978 1592 me
990 1560 1051 1604 jam

295 1617 548 1664 qualitercunque
561 1611 742 1651 curandam,
759 1608 824 1645 sed,
839 1609 926 1657 quod
939 1607 1027 1656 spero
1039 1632 1048 1645 ,

294 1679 474 1714 voveoque‚
495 1663 619 1713 egregie
632 1659 855 1700 adornandan1;
878 1657 965 1692 istam
978 1659 1050 1692 Do-

294 1717 396 1751 minus
411 1714 596 1750 festinaverit
608 1723 719 1759 precor
731 1711 848 1745 lucem,
863 1709 904 1742 ita
922 1707 999 1741 mihi
1014 1708 1051 1742 ad

293 1777 404 1801 amatas
417 1765 557 1800 tenebras
570 1761 739 1810 proclivior
750 1759 864 1793 reditus
878 1756 980 1791 fuerit.

341 1815 459 1849 Interea
476 1814 653 1861 parvitatem
680 1823 780 1844 meam
808 1809 824 1853 (
838 1807 1050 1841 moderatores

294 1865 525 1911 spectatissimi)
547 1861 653 1897 vestris
672 1859 808 1906 imperiis
827 1855 1049 1904 obsequentem

295 1912 605 1948 habebitis.N0vistis
616 1911 678 1943 mei
692 1909 808 1942 ordinis
820 1906 1049 1941 homunciones

295 1976 361 1997 non
373 1964 430 1996 esse
445 1962 578 1999 liberos,
594 1972 650 1992 nec
664 1957 705 1991 sui
717 1958 807 2002 juris3
826 1967 859 1989 ut
869 1968 936 1989 mea
945 1957 981 1990 ad
993 1969 1047 1991 vos

293 2012 512 2060 commigratio
526 2009 667 2057 supremo
681 2006 821 2041 Ecclefiae
828 2006 949 2039 Senatui
961 2018 1046 2040 com—

293 2063 427 2109 placeat,
454 2073 519 2094 non
539 2058 582 2093 est
604 2069 741 2091 mearum
762 2056 871 2091 viri‘um
884 2054 1046 2101 praestare3

293 2111 479 2145 hodiernum
494 2120 647 2155 utcunque
655 2104 783 2145 facinus,
797 2105 979 2144 luculentus,
992 2118 1045 2153 pu-

296 2171 349 2196 to,
368 2159 451 2193 testis
465 2158 508 2193 cst
523 2183 532 2197 ‚
559 2161 619 2204 qua
639 2156 802 2202 cupiditate
823 2153 901 2188 ferar
913 2153 1045 2189 habendi

296 2209 437 2254 gratiam,
460 2207 551 2254 qudm
565 2206 653 2239 valeo
670 2206 851 2242 maximam,
873 2204 958 2238 almae
973 2208 1043 2239 Ma-

295 2258 349 2295 tri,
363 2257 546 2302 amplaeque,
561 2255 591 2287 in
601 2255 661 2299 qua
674 2252 770 2290 sedet,
784 2253 921 2285 Civitati.
942 2252 1042 2284 Pristi-

295 2318 332 2339 na
345 2317 409 2339 non
428 2315 576 2338 memoro
590 2301 703 2335 summa
715 2298 880 2338 beneficia;
894 2299 990 2332 natale
997 2296 1043 2331 so-

294 2356 372 2393 lum,
398 2351 531 2387 infantia:
544 2351 677 2398 vagitus,
703 2345 943 2395 pueritiaelusus,
963 2347 1044 2380 rudi-

294 2415 397 2437 menta
414 2403 566 2437 literarum
580 2424 589 2439 ‚
615 2397 726 2432 semina
744 2396 863 2444 pietatis
875 2420 884 2436 ‚
908 2395 1046 2430 honores

294 2452 430 2492 Scholae‚
450 2448 695 2496 Philosophicam
709 2447 740 2480 in
753 2445 832 2480 hisce
844 2445 959 2480 aedibus
973 2457 1044 2493 pro-

294 2501 452 2536 feffionem
461 2501 496 2535 ad
505 2500 643 2547 quintum
652 2495 744 2545 usque
752 2495 1047 2545 stipendiquc-

295 2553 369 2598 quid
382 2550 464 2585 certe*
476 2549 552 2584 mihi
564 2548 608 2583 est
620 2548 702 2586 vitae,
719 2545 865 2594 quicquid
875 2544 1046 2584 bonorum,

295 2601 598 2648 quantulumcunque
610 2598 780 2635 literarum,
794 2595 1047 2643 quantulumcun-

295 2663 356 2696 que
376 2651 499 2698 gratiae3
525 2649 688 2682 maximam
709 2645 852 2678 omnium
865 2655 981 2690 partem
995 2644 1046 2678 hic

296 2699 381 2733 locus
395 2697 448 2732 suo
460 2701 525 2743 jure
539 2696 592 2730 sibi
603 2695 748 2730 vendicat.
775 2695 834 2728 Sed
846 2693 910 2727 haec
923 2695 1045 2741 antiqua

296 2748 360 2782 sunt
375 2773 385 2787 ‚
410 2749 561 2794 antiquata
574 2757 675 2780 tamen
689 2743 786 2777 nolim
799 2767 808 2782 ‚
835 2743 1044 2777 recentiorum

295 2796 469 2842 praesentior
482 2793 580 2830 sensus
594 2794 655 2834 est,
669 2794 742 2828 dum
756 2791 864 2839 cogito
877 2793 1044 2839 quantisla-

294 2846 440 2885 boribus,
456 2841 807 2893 quantacummolestizi,
823 2841 914 2887 quam
927 2843 1044 2889 magnis

293 2895 448 2942 impensis,
470 2894 561 2940 quam
576 2893 732 2927 obstinata
744 2889 929 2926 constantia,
946 2903 1044 2926 annos

293 2946 354 2987 jam
376 2955 460 2977 totos
474 2955 624 2990 quatuor,
646 2942 762 2976 Civitas
779 2939 864 2973 fimul
877 2943 907 2974 δι
922 2941 1041 2974 Acade-

294 2993 353 3025 mia
374 2994 485 3036 junctis
506 2993 616 3025 dextris
636 2990 792 3025 unanimes
805 3013 814 3025 ‚
843 3000 948 3024 meum
965 2989 1001 3023 ad
1015 2987 1042 3023 se

293 3041 423 3074 reditum
436 3043 674 3088 procuraverint.
705 3039 821 3074 Interea
834 3038 908 3072 dum
925 3050 986 3086 ego
1004 3037 1042 3072 si·

294 3090 365 3123 leo,
392 3091 464 3123 dum
482 3088 685 3130 obsurdesco,
705 3090 778 3124 dum
792 3088 946 3128 reluctor,
966 3088 1040 3122 dum

293 3138 447 3175 occlam0‚
462 3140 533 3173 dum
542 3140 715 3179 recalcitr03
728 3136 813 3173 fateri
821 3150 938 3185 cogor,
948 3136 1041 3173 finon

697 66 1107 104 DtATRIBA

1180 64 1447 105 PR1MA.

1095 132 1182 173 miri,
1203 134 1286 169 certe
1299 132 1474 181 singulariS,
1502 134 1672 186 insuetique
1685 136 1717 172 in
1729 151 1780 173 me
1793 138 1853 173 im-

1093 193 1265 217 merentem
1290 184 1405 217 amoris
1423 184 1533 219 indicia
1551 186 1756 222 demonstrata
1770 202 1778 222 :
1804 189 1853 222 cui

1093 232 1292 279 rependendo
1299 242 1366 266 utut
1373 244 1531 280 nunquam
1538 234 1592 269 sim
1600 248 1664 282 par,
1676 237 1741 283 quo
1749 249 1851 272 tamen

1093 281 1218 329 aliquod
1233 283 1309 329 grati
1321 282 1412 315 animi
1426 282 1639 318 testimonium
1654 285 1757 323 edam,
1776 299 1851 333 pro-

1092 329 1185 365 fiteor
1193 331 1252 364 esle
1267 331 1355 366 unice
1368 332 1399 364 in
1412 333 1491 367 votis
1502 356 1510 368 ‚
1524 344 1557 368 ut
1564 333 1649 369 bona
1660 333 1852 381 superiorum

1092 393 1162 414 cum
1175 379 1269 427 gratifi
1277 403 1287 419 ‚
1313 379 1389 413 mihi
1404 381 1494 415 liceat
1509 382 1687 429 impendere
1699 385 1785 432 quod
1798 397 1852 419 an-

1091 441 1205 462 norum
1218 429 1249 461 in
1262 429 1348 462 terris
1356 429 1509 476 reliquum
1522 431 1582 468 est,
1594 432 1698 467 vestris
1706 446 1852 468 commo-

1092 477 1138 510 dis
1152 500 1160 513 ,
1186 476 1340 523 vestrique
1354 490 1491 512 unorum
1506 478 1637 516 servitio.
1667 484 1722 516 Sin
1735 506 1744 519 ‚
1763 483 1851 531 quod

1091 525 1185 564 absit,
1199 525 1315 559 vetabit
1324 529 1424 570 major
1436 529 1576 574 Synodus
1586 554 1594 567 ‚
1606 532 1693 578 quod
1703 531 1849 577 juflitmi-

1091 587 1166 613 nor,
1180 587 1285 608 meum
1298 587 1348 609 me
1363 575 1415 609 hic
1425 577 1519 612 larem
1530 578 1641 627 figere,
1658 582 1745 628 quod
1753 594 1785 616 re
1793 595 1850 616 ne-

1091 624 1211 671 quirem
1224 648 1235 663 ,
1254 634 1331 659 voto
1343 650 1354 665 ,
1379 637 1534 674 preceque
1547 629 1688 676 quotidie
1700 643 1849 665 conarer:

1090 673 1121 706 in
1136 671 1322 713 Ecclesiam,
1339 674 1558 718 Academiam,
1572 679 1737 714 Civitatem
1756 679 1848 714 Glas-

1089 735 1170 769 guae,
1181 721 1263 756 mihi
1278 723 1381 770 gratiae
1389 747 1399 763 ,
1413 725 1491 759 mihi
1503 726 1676 768 literarum,
1692 729 1770 763 mihi
1782 731 1848 764 vitae

1088 772 1206 812 fontes;
1220 773 1436 808 exuberantem
1448 774 1604 811 donorum
1612 779 1754 813 omnium
1762 776 1848 827 sege-

1088 832 1151 855 tem
1163 820 1201 854 ab
1209 821 1304 855 unico
1312 822 1475 869 gratiarum
1483 826 1616 861 Oceano
1624 827 1750 863 affiduus
1758 841 1847 863 com-

1087 882 1236 917 precarer.
1266 871 1343 905 Hoc
1354 882 1431 906 voto
1447 871 1596 923 supplices
1610 878 1725 922 junffls
1737 879 1846 914 animis

1088 922 1197 954 Deum
1211 931 1404 955 veneremur.

1085 1018 1245 1061 Diatriba
1260 1021 1300 1059 de
1318 1024 1384 1062 Dei
1387 1022 1626 1079 stmplicitate‚
1649 1043 1732 1068 num
1751 1031 1842 1083 quic-

1242 1076 1320 1123 quid
1328 1080 1360 1110 in
1374 1081 1444 1112 ‘Deo
1457 1080 1509 1127 est,
1529 1082 1662 1129 Deusfit
1672 1088 1689 1117 ,θ

1086 1166 1265 1253 Ulffum
1278 1167 1427 1216 quodque
1445 1168 1578 1204 seculum
1591 1173 1638 1207 sua
1651 1174 1774 1221 propria
1788 1186 1841 1209 ve·
1856 1185 1967 1220 Princeps

1180 1227 1286 1249 xarunt
1299 1218 1375 1250 mala
1386 1242 1396 1254 ,
1428 1219 1569 1254 nostrum
1588 1222 1650 1257 hoc
1669 1224 1762 1258 multa
1775 1236 1841 1257 non
1851 1221 2008 1261 prafemisfe-

1085 1266 1175 1298 unius
1187 1266 1307 1311 generis
1321 1267 1399 1301 male
1417 1267 1531 1304 habent
1545 1283 1553 1304 ι
1578 1284 1652 1307 num
1671 1273 1768 1319 priori
1781 1286 1840 1321 po—
1853 1263 2007 1308 mamalum
2024 1265 2031 1270 Κ

1085 1312 1195 1346 sterior
1210 1313 1275 1347 dies
1297 1313 1414 1362 semper
1432 1320 1568 1353 deterior
1586 1321 1620 1355 sit
1632 1347 1643 1362 ,
1667 1326 1699 1357 δι
1720 1333 1840 1357 attatum
1853 1303 1886 1338 est
1899 1303 2007 1348 spfmus

1085 1363 1190 1396 ultima
1201 1361 1366 1398 miserrima
1381 1389 1390 1402 ‚
1415 1379 1481 1400 non
1494 1368 1630 1415 disputo:
1644 1373 1841 1418 quotidianus
1853 1352 1948 1371 mom.

1085 1412 1261 1447 mortalium
1277 1413 1393 1460 ubique
1404 1414 1503 1450 sensus
1516 1418 1655 1459 abunde,
1675 1420 1768 1467 puto,
1788 1421 1843 1455 de-

1084 1461 1244 1501 monstrat,
1257 1464 1345 1508 quod
1356 1475 1438 1498 nunc
1452 1467 1548 1500 currit
1561 1466 1711 1509 seculum,
1725 1470 1742 1503 εἰ
1755 1471 1842 1516 ptio-

1083 1522 1151 1545 rum
1164 1511 1278 1557 pauciS,
1289 1512 1492 1548 calamitatum
1505 1516 1550 1550 vel
1562 1529 1705 1558 numero,
1719 1520 1765 1553 vel
1777 1531 1843 1553 ma-

1084 1560 1243 1608 gnitudine
1256 1558 1398 1607 superari.
1436 1564 1558 1599 Caetera
1572 1568 1684 1602 tacitus
1696 1565 1816 1602 transeo
1826 1591 1839 1609 ,

1084 1610 1152 1645 vide
1160 1609 1280 1643 tantum
1293 1609 1341 1650 fis,
1349 1623 1459 1659 quanta
1466 1613 1562 1650 hodie
1574 1615 1760 1652 miseriarum
1772 1630 1844 1652 mo-

1085 1660 1126 1693 les
1139 1658 1289 1694 Ecclefias
1302 1659 1393 1705 hujus
1406 1661 1509 1698 Insulae
1521 1676 1656 1712 premat,
1674 1666 1844 1715 pessundet,

1085 1714 1241 1745 &tantum
1254 1721 1319 1743 non
1329 1712 1494 1758 opprimat.
1512 1713 1691 1763 Usquamne
1703 1717 1844 1765 gentium

1085 1772 1120 1793 ex
1134 1758 1224 1806 abyssi
1238 1770 1334 1806 puteo
1348 1763 1460 1807 major,
1472 1765 1618 1802 tetriorve
1631 1766 1843 1802 monstrorum

1084 1809 1243 1849 colluvies,
1258 1813 1289 1844 &
1302 1811 1496 1847 numerosior
1508 1826 1671 1861 pravorum
1685 1814 1842 1863 spirituum

1084 1870 1199 1893 caterva
1210 1857 1382 1906 proserpsit,
1394 1863 1487 1908 quam
1501 1876 1568 1910 quae
1581 1865 1736 1899 hodierno
1748 1866 1797 1900 die
1809 1866 1842 1900 in

1084 1908 1186 1942 nostra
1199 1909 1353 1943 Britannia
1365 1912 1473 1957 palam,
1489 1916 1594 1960 aperta
1607 1913 1722 1954 fronte,
1735 1916 1766 1948 in
1779 1927 1844 1948 ma-

1083 1959 1165 1993 xima
1177 1957 1342 1992 hominum
1356 1960 1425 1995 luce
1438 1962 1608 2003 dominari,
1635 1963 1840 2011 triumphare,

1083 2012 1112 2043 &
1123 2018 1239 2042 tantum
1252 2020 1317 2041 non
1330 2021 1456 2057 regnare
1467 2011 1674 2059 conspicitur?

1138 2059 1229 2092 Dum
1246 2058 1326 2092 inter
1344 2059 1398 2093 ista
1416 2072 1513 2108 nuper
1530 2061 1668 2096 monstra
1684 2060 1812 2097 versarer
1824 2084 1836 2100 ,

1081 2107 1251 2141 multorum
1263 2120 1357 2148 nova,
1371 2106 1496 2150 insueta,
1507 2115 1539 2146 δι
1551 2109 1674 2145 infanda
1686 2108 1834 2143 deformi-

1080 2167 1139 2196 tas,
1154 2156 1319 2191 horrorem
1333 2158 1511 2204 aliquando,
1525 2158 1640 2198 fateor,
1653 2158 1832 2199 incutiebat,

1079 2204 1208 2252 persaepe
1220 2207 1441 2240 commovebat
1453 2208 1606 2241 dolorem.

1138 2253 1255 2286 Verum
1270 2255 1358 2286 unius
1376 2266 1435 2300 prae
1454 2257 1568 2289 caeteris
1581 2256 1726 2290 omnibus
1746 2257 1829 2290 inex-
1844 2262 1990 2298 Socinianis-

1080 2300 1219 2346 pe6httus
1231 2299 1371 2334 occursus
1384 2314 1449 2335 non
1465 2304 1523 2337 levi
1540 2304 1664 2351 stupore
1682 2305 1830 2351 percussit.
1844 2311 1901 2328 mus
1915 2303 1997 2338 Vorstie'

1081 2347 1153 2383 Post
1171 2349 1315 2396 aliquanti
1332 2353 1482 2397 temporis
1501 2352 1754 2389 consuetudinem
1772 2355 1830 2389 mi·
1843 2345 1975 2407 vloeferAn-

1081 2397 1136 2432 nus
1148 2399 1279 2432 mirabar
1291 2399 1323 2432 in
1335 2401 1442 2447 populi
1454 2399 1544 2442 faece,
1556 2404 1722 2444 literarum,
1737 2406 1830 2451 pieta·
1841 2382 1996 2450 ξᾳῖἶὶζῖ

1080 2449 1116 2481 tis
1125 2471 1134 2487 ‚
1158 2451 1189 2482 &
1201 2448 1367 2495 prudentiae
1379 2450 1469 2485 vacua
1490 2453 1506 2497 ζ
1513 2453 1584 2486 licet
1595 2454 1746 2500 opinione
1759 2453 1830 2488 cum
1842 2470 1929 2489 natur.

1081 2495 1227 2538 scientiae,
1251 2508 1318 2532 tum
1332 2500 1450 2546 pietatis
1464 2499 1519 2536 suae
1530 2503 1697 2537 admodum
1710 2502 1828 2550 inflata>

1079 2546 1303 2588 Brunistarum,
1323 2549 1607 2596 Anabaptistarum,
1633 2553 1833 2587 Antinomia-

1080 2609 1203 2637 norum,
1217 2597 1469 2640 Familiastarum‚
1483 2604 1514 2635 &
1527 2613 1594 2647 quae
1607 2598 1776 2649 supersunt,
1790 2600 1835 2636 se-

1080 2646 1197 2680 <starum
1210 2659 1338 2694 magnos
1351 2660 1470 2695 greges.
1506 2649 1591 2684 Cum
1605 2662 1706 2685 autem
1718 2652 1796 2686 inter
1807 2652 1835 2685 i-

1080 2693 1147 2741 psos
1160 2707 1326 2742 magnates,
1338 2699 1420 2731 viros
1433 2709 1494 2731 tam
1506 2699 1615 2739 literis,
1629 2700 1721 2748 quam
1733 2701 1833 2748 digni,

1079 2755 1139 2778 tate
1153 2746 1266 2785 claros,
1287 2748 1453 2783 Vorffinm,
1475 2753 1507 2784 &
1521 2751 1660 2782 Socinum
1678 2750 1831 2784 redivivos

1076 2791 1261 2828 familiariter
1269 2794 1375 2829 versari
1382 2797 1832 2837 animadverterem,teterrimas

1077 2841 1209 2890 quasque
1221 2855 1328 2878 contra
1340 2846 1538 2886 Trinitatem,
1552 2857 1657 2881 contra
1669 2846 1830 2881 Christum

1077 2891 1274 2939 blasphemias
1299 2895 1331 2927 in
1352 2895 1466 2928 deliciis
1485 2894 1565 2934 effe,
1596 2896 1686 2929 initio
1705 2897 1831 2942 quidem

1076 2941 1153 2974 clam
1165 2965 1176 2980 ‚
1198 2945 1230 2975 δι
1242 2943 1346 2988 aliquo
1359 2956 1430 2976 cum
1443 2955 1526 2977 metu
1539 2967 1549 2982 ‚
1574 2941 1622 2977 sed
1637 2957 1709 2978 mox
1728 2945 1830 2992 posito

1077 2989 1205 3036 pudore,
1222 2990 1318 3037 palam
1333 2992 1467 3025 mandari
1479 2993 1572 3039 typis,
1592 2995 1831 3029 &commenda-

1075 3039 1100 3072 ri
1119 3040 1238 3086 populo
1259 3040 1367 3087 elogiis
1388 3053 1496 3083 eorum
1509 3065 1516 3077 ‚
1546 3043 1658 3089 quibus
1678 3044 1831 3078 librorum

1075 3086 1228 3122 censuram
1242 3090 1406 3123 au6toritas
1422 3091 1541 3136 publica
1555 3092 1755 3127 demandabat
1769 3108 1778 3133 ;
1797 3098 1829 3128 &

1074 3137 1145 3173 cuin
1158 3138 1174 3173 a
1186 3139 1339 3174 nonnullis
1350 3140 1480 3175 veritatis
1493 3140 1575 3175 zelus
1588 3141 1625 3176 de
1639 3139 1718 3177 hisce
1728 3143 1825 3181 malis,

1734 3202 1824 3224 etiarn
