2048 3343
295 109 386 154 138⁴
662 109 1073 150 O'vznst

290 187 384 236 plens
402 211 413 227 ‚
439 186 644 223 obsidionem
669 187 820 222 toleravit
845 186 928 220 duos
954 192 1044 217 totos
1066 179 1074 228 ἱ

289 238 415 272 menses
435 250 443 271 ι
465 239 634 286 geminum
655 235 830 272 Alexandro
850 235 968 270 vulnus
993 231 1045 268 hic

293 286 454 321 inflictum
476 286 602 322 excusat
621 287 825 335 aliquatenus
836 284 993 319 summam
1011 296 1046 316 a-

289 337 422 383 lioquin
434 337 468 371 in
480 337 576 372 Barim
592 338 697 372 virum
711 333 919 370 fortiffimum
933 332 1045 367 crude-

288 385 428 421 litatem.
458 382 549 421 Cum
563 396 728 434 caperetur
742 385 819 419 urbs
832 408 843 425 ‚
868 396 925 418 nec
938 384 1046 417 minus

288 435 403 470 decem
418 435 562 470 millibus
572 435 693 470 ferrum
704 433 917 481 absumpsisset
928 458 936 471 ,
959 429 1045 476 jussit

289 483 468 521 Alexander
486 485 587 519 Barim
601 487 681 520 loris
700 485 783 519 talos
803 484 974 528 trajeetum
997 481 1044 513 vi-

290 547 368 572 vum
383 534 453 582 post
466 546 596 569 currum
606 548 659 583 per
668 535 782 569 urbem
795 532 922 578 raptari.
1034 578 1041 584 ·

339 583 457 619 Mitius
468 583 575 619 multo
587 597 623 619 ut
640 596 715 619 cum
726 582 845 628 Judaeis
858 588 967 626 ageret
978 579 1043 612 Dei

291 632 474 682 benignitas
485 633 590 669 effecit
611 647 620 667 ε
635 633 721 666 τάπὶ
739 628 899 663 obsideret
914 630 1042 675 Tyrum

289 684 374 719 misit
382 684 418 718 ad
429 683 567 717 ladduam
578 679 777 715 Pontificem
788 676 1041 725 Hierosolymis,

288 735 345 781 qui
365 734 502 767 militem
529 735 562 764 &
588 738 793 765 commeatus
819 727 1020 775 postularent
1035 750 1044 763 ,

250 776 253 779 Δ
288 784 423 817 nunciat
450 777 604 815 Pontifex
627 776 839 824 jurejurando
865 776 895 810 se
924 775 1042 809 obstri-

287 833 376 865 ‹Stum
394 829 489 864 Dario
504 830 537 862 in
555 828 748 876 obsequium
761 851 769 864 ,
788 827 841 860 cui
858 823 955 859 fidem
974 837 1044 859 non

285 878 385 927 posset
394 877 511 913 fallere.
536 877 689 912 Obbane
700 875 858 911 offensam
874 873 964 922 capt&
973 876 1044 920 Ty-

284 941 322 963 ro
337 927 376 962 ad
399 927 595 975 perdendam
614 925 880 973 Hierosolymam
900 937 974 958 cum
993 925 1044 957 in—

285 977 407 1012 Ῐὶωᾶο
420 978 560 1011 exercitu
571 977 712 1023 perrexit
724 974 896 1009 Alexander
906 988 916 1008 .·
943 973 1043 1021 Judaei

286 1027 321 1060 in
334 1026 463 1060 summo
483 1026 629 1072 periculo
650 1025 690 1059 ad
706 1026 830 1070 jejunia
845 1027 874 1056 &
888 1036 998 1070 preces
1011 1022 1042 1057 se

283 1086 525 1114 converterunt.
553 1075 584 1109 U
593 1086 604 1109 t
616 1073 889 1122 appropinquavit
898 1071 1040 1108 Alexan-

281 1124 332 1158 der
345 1127 436 1164 urbi,
449 1135 608 1159 monente
619 1125 754 1159 oraculo
764 1150 772 1163 ,
784 1122 930 1158 sacerdos
942 1124 975 1157 in
989 1136 1040 1157 ve-

281 1174 326 1209 ste
338 1174 389 1209 sud
402 1172 585 1208 Pontificali
599 1197 609 1213 ,
622 1171 772 1221 totusque
785 1175 969 1208 Levitarum
981 1185 1038 1206 or-

282 1224 326 1257 do
339 1226 370 1258 in
385 1223 445 1257 suis
463 1223 585 1259 insulis,
599 1222 774 1258 Alexandro
791 1221 951 1270 supplices
964 1235 1039 1270 pro-

284 1271 384 1307 diere.
414 1274 483 1306 Rex
497 1296 507 1312 ,
531 1273 611 1307 dum
632 1272 649 1306 ὲ
670 1271 858 1319 longinquo
874 1273 1038 1305 accederet

282 1320 619 1363 Pontifex‚occurrit,
647 1325 679 1356 δε
696 1322 734 1354 ad
747 1325 815 1366 ejus
830 1318 862 1354 se
877 1322 1036 1355 inclinans

280 1370 413 1419 vestigia
438 1373 583 1405 adoravit
603 1385 611 1405 ε
645 1372 776 1405 miranti
801 1369 865 1403 hoc
892 1370 1036 1404 insolens

276 1420 467 1455 «Alexandri
498 1420 621 1455 fastum
655 1419 838 1454 Parmenioni
871 1419 1034 1466 respondit

275 1470 348 1505 Rex
363 1495 371 1508 ,
396 1483 465 1504 non
484 1472 589 1505 virum
603 1470 653 1504 sed
665 1472 790 1510 Deum,
809 1470 897 1512 cujus
909 1481 1032 1504 nomen

274 1521 362 1554 tiarae
373 1518 563 1564 inscriptum
575 1530 700 1567 gereret
708 1516 905 1557 Pontifex,se
914 1520 1029 1553 colere:

277 1566 387 1602 vidisse
398 1572 485 1602 enim
496 1569 573 1602 dum
586 1568 691 1602 adhuc
701 1569 735 1603 in
750 1567 945 1602 Macedoni-3
958 1569 1031 1602 ani—

275 1630 334 1651 mo
350 1618 495 1653 volveret
512 1617 759 1663 expeditionem
781 1619 815 1651 in
835 1615 943 1651 Persas
957 1641 966 1654 ‚
980 1619 1031 1652 vi-
1054 1648 1056 1664 J

275 1679 347 1701 rum
362 1667 477 1702 eodem
491 1679 559 1715 qno
570 1667 694 1713 Judaeus
705 1665 857 1701 Pontifex
868 1665 982 1701 habitu
993 1666 1032 1701 ad

277 1714 308 1750 se
319 1717 481 1757 accedere,
493 1724 523 1751 δι’
537 1717 579 1751 ad
595 1716 659 1751 hoc
670 1717 729 1750 iter
740 1716 874 1750 hortari.
900 1719 934 1750 In
946 1727 1031 1750 tem-

275 1766 334 1811 plo
346 1765 650 1813 Hierosolymitano
662 1765 742 1800 sacra
752 1765 828 1800 fecit
843 1764 1032 1802 Alexander,

275 1815 456 1862 urbemque
468 1820 500 1850 ἃς
513 1816 670 1863 populum
684 1812 734 1849 suz'i
749 1812 889 1862 permisit
901 1815 1031 1850 liberta-

273 1872 305 1896 te
315 1861 391 1903 frui,
404 1870 435 1897 ἃ
446 1867 539 1905 variis
550 1865 727 1899 honoravit
738 1865 927 1912 privilegiis,
940 1865 1027 1912 post—

273 1924 371 1957 quam
386 1913 522 1946 Dameliz
535 1913 743 1961 Prophetiam
766 1914 805 1948 de
826 1915 896 1947 viro
914 1917 1030 1949 Graeco

271 1960 437 1995 Persarum
453 1963 490 1996 ad
503 1961 530 1996 se
545 1964 720 2009 imperium
732 1963 923 1998 traducente
937 1989 946 2004 ,
974 1966 1031 2000 lae-

273 2019 324 2044 tus
335 2009 544 2056 inspe&aii'et‚
556 2011 722 2046 indicante
735 2010 906 2047 Pontifice.

322 2062 358 2093 ln
370 2061 484 2094 diebus
498 2059 618 2107 septem
631 2060 795 2108 profectus
812 2062 855 2096 est
867 2061 958 2096 Gaza
972 2065 1029 2096 Pe-

273 2108 386 2148 lustum,
399 2109 497 2143 hodie
512 2113 686 2144 Damnatam
698 2126 708 2146 :
721 2112 863 2159 AEgyptii
872 2114 942 2159 j‘ugi
955 2113 1031 2146 Per-

275 2157 328 2191 sici
338 2157 524 2201 jamdudum
538 2160 669 2204 pertaesi,
679 2160 829 2195 lubentes
840 2174 953 2196 omnes
963 2161 1031 2196 suas

275 2205 370 2240 urbes
389 2206 581 2240 «Alexandro
592 2208 812 2245 tradiderunt,
828 2212 907 2254 quin
920 2214 1028 2254 &jam
1053 2245 1054 2249 Ἰ

274 2254 415 2288 Persicus
427 2257 560 2302 Satrapa
571 2255 744 2302 Memphin
755 2269 829 2290 cum
842 2255 928 2303 regist
936 2259 1029 2290 omni

270 2304 469 2351 -supcll'ec‘tile
481 2308 513 2338 &
526 2306 727 2353 octingentis
745 2307 884 2352 pecuniae
897 2306 1028 2340 talentis

271 2352 464 2388 eAlexandro
474 2353 597 2388 dedidit
609 2356 641 2389 in
655 2366 784 2389 manus.

316 2404 408 2436 Dum
421 2403 454 2436 in
468 2406 612 2451 AEgypto
625 2405 753 2438 nullum
766 2402 829 2438 suis
847 2405 942 2437 armis
962 2405 1025 2438 im-

268 2451 498 2495 pedimentum
527 2455 684 2487 inveniret
707 2478 716 2494 ‚
753 2454 790 2487 ad
817 2454 1023 2488 condendam
1048 2469 1050 2490 ι

263 2499 501 2544 juxtaPharum
512 2501 647 2536 insulam
659 2502 696 2536 ad
709 2502 1024 2537 NiliostiumCano—
1047 2507 1049 2541 l

266 2550 390 2595 picum,
404 2551 630 2585 Alexandriam
641 2550 673 2586 se
686 2553 958 2585 convertitDum
970 2551 1023 2587 hic

265 2599 429 2646 surgerent
441 2602 564 2634 moenia
577 2626 586 2639 ,
606 2614 645 2635 ne
664 2601 764 2647 Perseo
775 2600 944 2636 &Hercule
964 2602 1022 2636 ha-

266 2645 399 2682 beretur
410 2650 519 2682 minor
529 2675 537 2688 ‚
559 2663 633 2683 cum
647 2650 751 2695 aliqud
762 2652 920 2683 exercitus
933 2661 1019 2695 parte

267 2707 325 2742 per
335 2696 465 2731 arenosa
482 2697 589 2745 Libyae
599 2697 720 2732 deserta
731 2698 769 2731 ad
780 2700 858 2731 lovis
872 2701 1020 2732 Hammo-

267 2747 310 2778 ηιξ
319 2748 479 2793 templum
494 2748 553 2780 iter
566 2746 701 2781 instituit
711 2774 718 2785 ,
728 2748 759 2781 in
772 2748 823 2781 vii
835 2747 943 2782 multo
955 2748 1018 2783 dif-

267 2793 412 2830 ficillima
430 2797 508 2829 dum
521 2807 659 2833 errarent
679 2795 774 2831 duces
788 2822 799 2837 ,
821 2808 938 2832 corvos
958 2798 1016 2832 ha-

265 2843 339 2878 buit
352 2846 478 2879 itineris
495 2847 651 2882 comites,
669 2849 700 2880 &
712 2847 790 2880 dum
808 2846 848 2880 ab
860 2860 1015 2894 aquarum

263 2893 376 2940 inopi&
386 2917 395 2931 ‚
412 2895 552 2942 a‘stuque
562 2899 595 2930 δε
604 2897 708 2929 arenis
720 2909 818 2941 parvo
830 2908 931 2930 vento
942 2911 1017 2931 mo-

263 2940 402 2983 bilibus,
422 2948 601 2979 maximum
614 2946 870 2992 essetpericulum
881 2970 891 2983 ‚
907 2948 1016 2995 largus

264 2990 442 3026 imbcristis
461 2993 542 3028 locis
559 2994 762 3042 infrequens,
779 2992 910 3029 salutem
928 3007 1015 3031 attu-

265 3038 315 3072 lit.
342 3042 377 3072 In
395 3042 557 3078 vastorum
580 3043 778 3079 desertorum
806 3046 990 3080 meditullio
1002 3071 1012 3086 ‚

266 3086 462 3123 Hammonii
474 3096 579 3139 campi
591 3093 735 3128 fontium
748 3119 756 3131 ,
771 3091 950 3135 frumenti,
964 3098 1013 3130 ci-

108 3152 214 3179 bandum
268 3134 453 3181 horumque
463 3142 554 3186 copisa
565 3140 737 3178 scatebant.
754 3143 1011 3179 Adulabundum

132 592 265 624 {Alexan-

134 634 172 663 dri
178 638 204 662 in
217 636 256 664 Iu·

134 675 194 704 daeos
204 675 243 702 be-

132 719 250 756 nignitate.

115 2067 239 2106 AEgyptus

109 2109 227 2145 finesau·

111 2159 185 2186 gume
190 2151 216 2185 se

113 2189 201 2218 tradit.

109 3073 228 3099 Hammo-

109 3114 146 3139 ηίς
152 3112 239 3139 adula-

1072 1124 1135 1157 *cia
1152 1137 1160 1156 :
1189 1122 1233 1156 sin
1252 1125 1376 1170 regium
1396 1123 1497 1156 nollet
1515 1135 1639 1157 nomen
1656 1123 1837 1172 deponere,

1054 1689 1056 1695 ·
1077 1668 1206 1700 iteraret
1224 1678 1377 1700 errorem.
1405 1665 1598 1700 cAlexandm
1609 1668 1720 1714 Tigris
1732 1667 1834 1701 trans-

1054 1857 1055 1867 *
1078 1866 1202 1899 esibus:
1224 1863 1340 1898 debilis
1358 1864 1460 1898 hostis
1485 1862 1580 1897 facile
1602 1862 1772 1911 depulisset
1791 1864 1832 1898 ab

106 3193 245 3233 oraculum3
266 3183 440 3220 Alexandro
458 3191 622 3225 oraculum
644 3205 700 3238 pro
718 3193 777 3228 suo
789 3193 885 3228 libitu
902 3196 1014 3230 omnia

1107 119 1504 151 ISTORICI

1095 181 1315 229 respondebat
1329 197 1337 217 :
1362 186 1535 219 Iovisenim
1551 184 1687 222 faciebat
1701 185 1807 222 filium
1820 189 1853 224 ὃ(

1094 232 1366 281 orbisimperium
1379 234 1556 282 spondebat
1579 250 1587 270 :
1612 237 1727 275 exinde
1745 239 1779 271 in
1800 251 1853 272 ar-

1096 286 1280 330 rogantiam
1307 284 1452 319 Barbaris
1473 285 1576 331 magis
1602 284 1698 330 quam
1730 289 1851 322 Graecis

1095 333 1299 367 tolerabilem
1311 334 1570 382 degeneravit.1n
1584 335 1763 382 AEgyptum
1777 338 1851 371 red-

1094 380 1181 417 iens,
1198 382 1320 430 istaque
1331 383 1497 430 provincia'i
1524 387 1538 427 (
1553 388 1583 418 &
1596 383 1687 430 quod
1699 384 1853 430 praetered

1094 427 1235 465 habebat
1253 433 1287 465 in
1304 432 1416 468 Africa
1434 437 1448 474 )
1485 432 1654 468 commiss&
1674 434 1849 475 wemma,

1094 490 1169 512 cum
1182 491 1323 526 quatuor
1335 480 1462 517 tantum
1480 482 1626 517 millibus
1651 484 1796 517 militurn
1811 484 1852 519 ad

1094 528 1293 576 Euphratem
1303 556 1313 571 ‚
1325 530 1422 580 quam
1433 533 1543 579 potuit
1555 531 1689 578 propere
1700 556 1710 572 ‚
1721 531 1852 568 festina-

1093 579 1159 618 vit,
1180 580 1335 615 ultimum
1357 594 1433 616 cum
1453 580 1553 615 ‘Dario
1580 581 1722 629 praelium
1749 594 1848 617 com-

1093 626 1252 664 missurus.
1861 656 1862 661 =

1139 679 1248 713 Darim
1267 676 1361 713 semel
1376 680 1537 713 &iterum
1559 677 1597 712 ad
1617 677 1845 715 eAlexandrum
1865 686 2000 718 Naana·

1089 726 1269 774 scripserat,
1287 727 1427 763 offerens
1440 742 1498 776 pro
1511 729 1645 774 captivis
1664 728 1778 764 decem
1796 740 1845 764 ta·
1866 728 1956 776 Dan-'0-
1990 743 1991 747 ¹
2013 736 2015 743 ’

1089 774 1254 823 lentorum
1271 779 1373 812 millia
1384 806 1392 817 ,
1413 783 1443 812 δέ
1458 778 1478 813 si
1499 779 1592 813 vellet
1604 777 1712 813 secum
1726 791 1840 826 pacem
1863 768 1980 798 ‘⁰²²d¹¹¹⁰‘

1089 826 1215 862 colere,
1233 837 1340 860 totam
1353 827 1460 861 Asiani
1473 840 1545 862 cum
1559 826 1664 862 filiz'iin
1676 828 1788 863 dotem
1800 827 1840 863 ab

1087 873 1304 921 Hellesponto
1315 875 1353 908 ad
1369 875 1465 923 usque
1477 876 1686 924 Euphratem.
1717 881 1841 913 Parme-

1089 923 1168 957 nioni
1185 923 1380 958 videbantur
1393 925 1592 970 acceptandae
1610 928 1817 962 conditiones
1829 953 1841 968 ,

1089 971 1142 1008 sed
1153 972 1329 1008 Alexander
1339 975 1433 1008 Dario
1443 972 1605 1021 rescripsit,
1618 986 1655 1008 ut
1664 976 1705 1009 ad
1714 976 1742 1011 se
1753 989 1842 1012 acce-

1089 1023 1253 1068 deretjam
1270 1023 1349 1058 Asiae
1361 1024 1488 1071 Regem
1504 1048 1514 1063 ,
1535 1035 1724 1070 accepturus
1737 1027 1841 1072 capti-

1089 1085 1145 1106 vos
1157 1072 1220 1106 sine
1232 1074 1339 1120 pretio
1360 1077 1393 1106 δε
1403 1074 1517 1107 omnia
1537 1072 1751 1108 humanitatis
1767 1073 1841 1109 offi-

1993 550 2015 686 ,nagia-24⁴„
1995 511 1999 515 ¹

1861 818 1902 836 nes
1909 812 1968 839 'ult

1859 851 1974 889 accipere.
1988 887 1990 889 Ι

2003 1074 2013 1107 Ξῖ

1997 1118 2014 1136 ι’.

1086 1183 1210 1220 pararet
1219 1171 1249 1205 se
1260 1174 1377 1206 iterum
1390 1172 1427 1206 ad
1440 1184 1598 1220 pugnarn.
1614 1216 1616 1219 Α

1134 1221 1285 1255 Habebat
1299 1217 1412 1255 Dar-iim
1422 1223 1454 1256 in
1464 1221 1572 1255 castris
1581 1220 1618 1256 ad
1631 1220 1835 1268 Babylonem
1857 1219 1997 1263 Pammeni⁴

1085 1273 1235 1319 equitum
1248 1271 1346 1304 millia
1360 1282 1505 1307 centum,
1519 1272 1665 1317 peditum
1678 1272 1716 1304 ad
1728 1272 1835 1305 decies
1858 1273 1966 1303 ,Arbela

1084 1321 1203 1355 centies
1214 1320 1311 1354 mille.
1339 1320 1530 1354 eAlexander
1541 1320 1688 1367 pediturn
1704 1319 1833 1355 tantum
1855 1315 1951 1344 Da'fm
1999 1340 2013 1355 γι

1082 1370 1299 1417 quadraginta
1311 1373 1341 1403 δι’
1353 1371 1502 1415 equitum
1516 1373 1567 1404 vix
1579 1368 1698 1415 septem
1717 1372 1832 1405 millia.
1853 1356 2013 1423 {affixam}

1079 1420 1225 1464 Trajecit
1245 1419 1297 1453 hic
1320 1420 1518 1463 Euphratem
1543 1419 1581 1453 ad
1608 1419 1831 1466 Thapsacum,
1853 1407 2013 1468 nereclzese-ii

1078 1467 1133 1501 ubi
1146 1480 1263 1515 pontes
1277 1475 1402 1504 Mazaem
1414 1470 1519 1502 custos
1529 1467 1719 1502 deseruerat.
1737 1472 1833 1512 Con-
1845 1476 1952 1514 stimma.

1078 1516 1200 1551 sederat
1231 1517 1341 1551 Darius
1378 1518 1462 1553 ultra
1483 1519 1618 1564 Tigrim
1647 1518 1688 1551 ad
1721 1519 1833 1552 vicum

1079 1566 1258 1617 Gaugamela
1277 1567 1316 1600 ab
1330 1566 1407 1601 urbe
1428 1564 1546 1603 Arbela
1564 1567 1601 1600 ad
1619 1568 1765 1601 milliaria
1785 1569 1835 1602 vi-

1077 1619 1162 1663 ginti
1175 1642 1183 1656 ,
1197 1618 1228 1651 in
1242 1614 1425 1663 planissimo
1438 1629 1554 1661 campo
1566 1639 1573 1651 ‚
1589 1629 1629 1650 ne
1644 1616 1770 1651 Issicum
1782 1630 1835 1652 re-

1077 1714 1182 1751 missio
1192 1714 1308 1761 absque
1322 1726 1421 1762 ponte
1432 1714 1568 1749 difficilis
1579 1713 1641 1750 fuit
1651 1740 1658 1753 ,
1672 1728 1833 1764 equorum

1078 1767 1215 1800 cervices
1224 1764 1352 1812 rapidus
1363 1764 1477 1800 fluvius
1487 1764 1654 1812 premebat
1667 1790 1675 1805 ‚
1688 1777 1835 1801 natantes

1079 1816 1200 1863 pedites
1214 1828 1286 1848 cum
1308 1815 1434 1848 sarcinis
1454 1814 1538 1861 pene
1557 1814 1669 1849 obruti
1689 1815 1835 1849 s‘untflu-

1078 1915 1226 1949 ulteriori
1246 1912 1313 1960 ripfi
1333 1925 1342 1947 ι
1365 1912 1511 1948 ἀεῑςᾶιιε
1531 1915 1628 1946 Lunae
1651 1917 1682 1947 δι’
1695 1915 1833 1948 Panicus

1077 1975 1181 1999 terror
1199 1965 1378 1998 exercitum
1393 1961 1578 1997 &alexandri
1597 1960 1681 1996 male
1699 1961 1833 2003 habuit,

1077 2013 1129 2048 sed
1140 2014 1266 2048 divinus
1278 2014 1371 2062 regiae
1390 2013 1506 2046 mentis
1523 2013 1618 2060 vigor
1630 2009 1834 2046 difficultates

1077 2075 1195 2097 omnes
1204 2064 1372 2109 superavit,
1383 2063 1513 2096 nostem
1523 2074 1598 2095 ante
1608 2062 1753 2108 praelium
1766 2063 1832 2108 egit

1077 2114 1275 2152 insomnem,
1290 2114 1405 2160 partim
1419 2112 1585 2146 distraetus
1596 2112 1698 2147 curis,
1712 2113 1830 2155 partim

1077 2164 1243 2197 noeturnis
1255 2174 1330 2194 cum
1343 2160 1513 2195 Anflaszdro
1526 2169 1595 2191 vate
1604 2156 1767 2191 sacrificiis
1779 2160 1832 2192 in-

1076 2221 1186 2243 tentus
1199 2233 1208 2247 ,
1235 2209 1287 2242 sed
1305 2206 1403 2241 'mane
1424 2209 1455 2240 in
1478 2206 1645 2253 profundo
1657 2204 1776 2241 somno
1789 2208 1830 2241 ad

1077 2259 1220 2292 multum
1233 2256 1321 2290 diem
1336 2255 1505 2296 stertebat,
1520 2256 1600 2302 aegre
1612 2255 1628 2289 Ξι
1641 2257 1828 2290 Parmenione

1076 2311 1108 2340 δε
1121 2307 1189 2339 aliis
1203 2306 1338 2339 ducibus
1349 2308 1525 2339 excitatus:
1554 2304 1629 2339 cum
1640 2303 1830 2343 surrexisset,

1075 2353 1274 2402 plenissimus
1293 2352 1357 2402 spei
1374 2358 1407 2388 δε
1428 2355 1596 2388 alacritatis
1614 2354 1719 2388 statim
1737 2368 1829 2390 exer-

1074 2407 1177 2440 citum
1190 2407 1223 2438 in
1234 2406 1400 2452 optimum
1413 2405 1561 2438 ordinem
1582 2402 1757 2451 disposuit,
1785 2406 1829 2438 ita

1073 2465 1125 2491 ut,
1142 2454 1164 2489 si
1177 2455 1488 2488 circumvenirentur
1499 2453 1516 2487 Ξι
1529 2453 1692 2487 Persarum
1708 2455 1828 2487 ⁴multi--

1071 2505 1184 2539 tudine
1197 2527 1206 2540 ‚
1225 2505 1324 2551 parati
1336 2501 1434 2537 essent
1454 2504 1575 2549 ubique
1592 2501 1678 2549 quasi
1699 2503 1731 2536 in
1744 2502 1826 2537 orbe

1072 2553 1168 2589 facies
1188 2553 1369 2588 obvertere.
1397 2553 1509 2585 Darius
1526 2553 1621 2585 etiam
1642 2550 1694 2584 sua
1711 2554 1826 2586 omnia

1069 2604 1167 2650 quam
1187 2601 1255 2636 fieri
1278 2603 1384 2648 potuit
1403 2600 1581 2634 commode
1608 2601 1824 2636 ordinaverat.

1069 2652 1216 2687 Praelium
1238 2650 1301 2684 hoc
1321 2650 1498 2684 Alexander
1517 2651 1612 2683 nullis
1631 2650 1754 2684 artibus
1769 2650 1821 2684 sed
1844 2649 1906 2679 Soli}
1915 2653 1968 2681 vir-

1067 2700 1143 2735 vera
1161 2702 1279 2734 virture
1300 2699 1455 2733 obtinuit.
1488 2701 1587 2734 Initio
1601 2700 1692 2734 Darii
1711 2712 1819 2733 currus
1841 2700 1975 2739 tuter-erta-

1066 2748 1170 2785 falcati
1185 2748 1429 2784 Macedonicam
1449 2748 1644 2795 Phalangem
1665 2746 1820 2782 turbave-
1841 2741 1978 2802 ‘'xxj'-

1066 2811 1161 2840 runt,
1176 2800 1364 2846 equitesque
1377 2799 1474 2833 Persae
1493 2797 1611 2845 magnai
1629 2798 1660 2830 vi
1676 2798 1708 2830 in
1731 2797 1815 2831 Ale-
1832 2782 1874 2853 ζα,
1941 2786 1963 2804 m

1065 2850 1209 2884 ,vandram
1228 2862 1263 2883 ac
1280 2849 1426 2882 dextrum
1447 2851 1513 2892 ejus
1533 2858 1637 2880 cornu
1657 2846 1818 2881 incubue-

1064 2909 1160 2937 runt,
1178 2899 1337 2932 Bactriani
1351 2909 1481 2944 quoque
1499 2896 1623 2942 equites
1644 2897 1817 2931 Alexandri

1064 2947 1160 2981 castra
1175 2947 1444 2993 &impedimenta
1455 2947 1567 2978 omnia
1585 2944 1813 2980 obtinuerunt.

1062 3000 1220 3030 Attamen
1233 2995 1302 3043 post
1314 3007 1417 3029 acrem
1429 3006 1572 3041 pugnam
1589 2995 1718 3028 Darium
1730 2995 1814 3040 ejus-

1062 3058 1127 3092 que
1142 3058 1243 3079 cornu
1255 3044 1413 3080 sinistrum
1439 3042 1630 3077 enlm-ander
1649 3045 1680 3077 in
1699 3042 1811 3090 fugam

1063 3097 1222 3138 conjecit:
1248 3092 1498 3141 prosequentem
1511 3092 1670 3139 fugientes
1679 3092 1812 3139 assequi-

1061 3155 1112 3179 tur
1122 3143 1140 3177 εἰ
1152 3143 1339 3177 Permenione
1347 3144 1495 3181 nuncius,
1505 3142 1686 3189 significans
1698 3145 1730 3175 in
1741 3154 1811 3175 cor-

1060 3207 1104 3229 nu
1115 3193 1237 3229 sinistro
1247 3192 1425 3229 admodum
1446 3190 1473 3227 se
1485 3192 1501 3227 a
1512 3195 1630 3229 Antaeo
1641 3193 1762 3239 premi,
1773 3195 1806 3223 δε

1768 3252 1806 3273 m
