2048 3343
105 1433 260 1470 Refiaetantur

106 1478 158 1501 Bar
162 1476 211 1500 onii
217 1484 257 1500 ra-

106 1515 192 1541 tiones.

173 1564 195 1582 Ι.

268 121 317 157 44
658 101 949 140 Opnnrs

267 188 407 223 terquarn
431 173 521 220 quod
543 173 575 206 in
594 172 629 207 efi
652 174 727 208 totis
752 171 948 220 Eloquentiae
973 168 1028 204 suae

270 228 356 273 (quat
382 222 448 257 sane
472 221 529 256 fuit
556 221 688 269 summa)
714 222 893 257 fluminibus
918 220 1030 253 obruat

269 272 411 322 profanas
431 277 462 307 &
483 270 697 319 superstitiosas
717 270 860 306 Ecclefiae
876 272 1030 304 Romanae

268 337 372 371 praxes
387 323 418 356 in
431 319 511 354 festo
526 322 579 356 illo
595 323 747 357 natalitio,
761 334 828 369 quae
843 318 1031 368 inspectante

269 378 300 408 &
320 371 509 418 approbante
526 373 605 420 Papa
624 372 660 407 ad
673 371 755 405 hunc
777 371 859 404 diem
874 394 884 409 ‚
921 371 953 403 in
967 381 1031 402 ma-

270 435 366 469 gnum
381 420 548 454 Christiani
563 423 698 455 nominis
712 420 918 468 opprobrium
940 419 1031 452 etiam

270 474 385 506 Romae
400 468 589 516 usurpantur:
606 472 636 504 in
650 470 827 518 prolixfiilla
836 468 1030 515 Panegyricssb

270 522 303 555 in
318 521 440 567 prolixo
455 520 545 553 etiam
558 522 667 554 Nicetae
678 521 708 553 in
722 533 788 553 eain
803 515 1031 552 commentario

272 571 390 604 nullum
402 568 530 602 verbum
544 570 615 618 lego
630 571 666 604 de
675 568 821 615 vigesimo
835 567 946 611 quinto
962 564 1031 596 De-

272 619 419 654 cembris,
453 629 504 651 aut
524 619 577 653 illo
590 620 638 653 die
650 629 736 652 certo
749 615 799 649 isti
813 613 1030 662 Theophaniae

272 667 353 703 festo
369 668 522 701 dedicato,

321 721 457 765 Qartus
472 717 599 750 Batonii
613 714 694 749 testis
714 712 757 747 est
778 711 986 761 Chrysostomus
1001 711 1031 744 in

270 770 410 802 oratione
424 764 473 799 sna
488 777 529 809 31.
551 767 582 798 in
596 760 726 798 diversos
740 763 828 796 Novi
840 760 1029 796 Testamen-

269 818 292 851 ti
306 818 406 850 locos.
432 814 527 861 ‘Rqsp-
548 815 689 847 Fatemur
704 822 804 845 totam
827 823 894 844 eam
916 810 1033 843 oratio-

269 878 342 899 nem
363 871 537 907 μυεθλιακῐαὶ,
563 867 595 897 &
609 860 839 908 Chryfhstomum
858 857 967 894 diserte
991 856 1031 892 la-

268 916 306 948 tis
315 916 484 948 natalitium
494 912 605 948 festum
619 910 763 946 vicelimo
771 911 883 958 quinto
892 911 1031 943 Decem-

267 964 329 998 bris
353 962 630 1010 Constantinopoli
648 958 829 996 celebraffe:
856 959 905 994 sed
928 970 1032 993 tamen

267 1013 477 1060 expressissime
490 1013 620 1048 declarat
634 1011 720 1059 quod
729 1008 846 1057 Jesuita
855 1009 1031 1043 Frontodu-

266 1075 344 1097 caeus
358 1064 388 1096 in
402 1065 516 1098 Latino
530 1060 584 1096 suo
597 1061 733 1108 margine
747 1070 850 1099 notat,
869 1056 981 1092 festum
994 1059 1030 1092 il-

266 1112 317 1146 lud
333 1113 511 1159 nuperrime
536 1112 574 1145 ab
607 1123 692 1144 annis
717 1110 864 1143 nimirum
877 1109 985 1142 decem
999 1108 1030 1141 in

266 1161 433 1196 Ecclesiam
443 1163 586 1196 Graecam
595 1161 751 1194 inveClmm
760 1183 769 1198 ‚
785 1163 814 1192 &
824 1159 859 1192 ad
868 1171 938 1192 eum
947 1157 1030 1191 diem

266 1211 384 1245 multos
410 1211 551 1246 Ecclefiae
580 1211 699 1244 Graecae
723 1208 872 1242 ἀοξὶοῐςς
886 1209 1030 1241 novatio-

268 1272 340 1294 nem
359 1273 426 1294 eam
439 1273 471 1295 ut
484 1273 589 1296 vanam
603 1264 634 1294 δε
648 1257 789 1303 injustam
803 1257 909 1291 solitos
925 1270 1031 1303 repre-

269 1309 421 1344 bendere:
440 1308 501 1357 ipse
516 1309 641 1357 quidem
656 1308 722 1341 satis
737 1307 878 1341 lubenter
890 1307 1031 1340 novatio-

272 1371 344 1392 nem
360 1372 427 1393 eam
443 1359 589 1406 amplefti
609 1357 636 1392 se
657 1356 837 1404 profitetur,
865 1353 913 1389 sed
928 1368 965 1388 an
977 1355 1029 1389 fir-

272 1410 330 1442 mis
343 1410 514 1443 rationibus
528 1407 612 1442 suum
626 1407 774 1452 judicium
789 1404 967 1453 superstruat
977 1429 986 1445 ‚
1006 1406 1030 1439 i-

272 1457 314 1505 psi
327 1458 481 1492 adversarii
495 1455 736 1504 dicantingenue
748 1454 828 1489 suam
843 1456 1030 1489 sententiam.

270 1507 395 1546 Primo,
417 1509 530 1555 inquit,
549 1520 628 1540 nova
641 1506 705 1539 haec
718 1503 863 1539 festivitas
877 1505 893 1538 a
906 1506 982 1539 Deo
998 1505 1030 1539 fit

269 1567 412 1603 oportet,
426 1559 496 1604 quia
510 1556 642 1590 maxima
653 1567 723 1588 cum
734 1552 905 1602 frequentifi
919 1565 1027 1602 perto-

267 1617 316 1640 tos
330 1606 437 1640 decem
453 1619 550 1640 annos
566 1605 696 1652 populus
710 1617 776 1638 eam
786 1605 939 1639 celebrare
955 1618 1028 1652 gau-

267 1655 327 1690 det.
356 1656 453 1691 Certe
467 1656 583 1703 popelli
597 1653 768 1702 superstitio
778 1654 915 1702 pluribus
928 1655 1028 1689 multo

267 1705 360 1752 quam
374 1705 481 1740 decem
507 1706 591 1740 annis
615 1702 807 1752 perseverans
832 1717 897 1738 non
917 1705 1030 1753 probat

268 1755 422 1790 Divinum
436 1756 585 1801 placitum
600 1754 714 1789 nedum
728 1752 912 1788 institutum.

317 1805 478 1845 Secundo,
507 1806 623 1853 inquit,
650 1805 720 1839 licet
740 1805 771 1838 in
792 1805 926 1839 Oriente
940 1806 1029 1840 novi-

272 1853 350 1887 tium
365 1852 455 1889 fuerit
467 1855 530 1890 hoc
543 1854 672 1894 festum,
691 1865 795 1889 tamen
809 1855 840 1888 in
854 1855 1030 1889 Occidente

274 1900 334 1937 fuit
351 1903 389 1937 ab
403 1905 533 1939 exordio
546 1928 556 1943 ,
590 1909 620 1938 &
642 1905 672 1936 in
689 1905 783 1938 veteri
804 1905 911 1940 Roma
929 1905 1030 1954 legere

274 1962 342 1986 tum
359 1963 422 1987 erat
440 1954 471 1987 in
491 1953 620 1987 archivis
640 1953 672 1986 in
690 1951 892 2000 descriptione
915 1958 1031 2005 Cyrenii

273 1999 666 2048 ipsumnatiCbtistidiem.
681 2001 773 2050 Resp.
787 2001 927 2038 Falsohic
937 2009 1029 2038 Fron-

272 2051 412 2086 toducaeus
424 2062 502 2090 ames„
515 2051 667 2086 transtulit
680 2051 718 2086 ab
733 2053 881 2093 exordio,
900 2067 971 2089 cum
984 2056 1031 2088 ni-

272 2101 315 2134 hil
328 2102 408 2137 aliud
426 2103 486 2136 illic
505 2101 653 2150 significet
670 2101 762 2147 quam
778 2101 863 2148 supra
876 2115 926 2138 aut
938 2105 1031 2151 prius.

271 2151 398 2185 Deinde
411 2150 554 2197 supponit
567 2152 657 2198 gratis
673 2151 880 2199 Chtyfistomus
894 2153 953 2188 sine
967 2155 1030 2188 ullo

271 2197 347 2232 teste
360 2199 391 2233 in
409 2199 538 2233 archivis
553 2202 664 2233 veteris
678 2201 791 2234 Romae
803 2201 893 2248 iplius
906 2202 1025 2242 secu10‚

273 2250 411 2295 quemvis
435 2249 536 2294 legere
561 2247 691 2294 potuiss'e
704 2247 800 2294 ipsum
827 2252 887 2281 nati
913 2251 1030 2283 Christi

274 2298 367 2331 diem.
396 2296 492 2331 Certe
507 2297 721 2335 Tertullianus,
746 2295 870 2339 lustinus
884 2299 1028 2346 Alarryr,

271 2350 303 2381 δι
316 2346 385 2385 alii,
410 2346 464 2392 qui
482 2344 694 2392 descriptionis
715 2349 832 2392 Cyremi
850 2358 963 2379 annum
976 2346 1028 2380 ad-

271 2408 374 2443 eoque
396 2395 526 2428 natalem
551 2407 664 2428 annum
683 2395 713 2427 in
734 2393 861 2429 archivis
875 2396 1028 2429 Romanis

270 2442 419 2479 servatum
432 2443 599 2484 affirmant,
613 2443 730 2478 nullum
743 2454 847 2478 tamen
861 2445 898 2479 de
913 2445 962 2478 die
975 2457 1029 2479 na-

270 2496 319 2529 tali
333 2495 460 2528 verbum
474 2491 622 2528 fecerunt.
1010 2524 1012 2526 ,

302 2543 429 2582 Tertio,
439 2544 582 2577 Primaria
591 2542 778 2590 Chrysbstomi
791 2543 868 2578 ratio
876 2556 969 2590 quam
977 2541 1029 2578 fu-

272 2592 496 2640 fiffimepremit
505 2592 548 2627 est
557 2606 592 2626 ex
606 2595 679 2626 Luc.
690 2606 712 2627 1.
726 2593 805 2627 unde
816 2592 855 2627 fic
864 2606 1027 2641 argumen-

271 2653 350 2676 tatur
358 2657 367 2683 ;
382 2644 496 2676 loannis
502 2641 631 2690 Baptistae
638 2653 755 2689 patrem
763 2642 950 2676 Zachariam
957 2641 1026 2676 fuis-

271 2690 300 2725 se
323 2692 506 2726 Pontificem
531 2692 715 2730 maximum,
752 2692 801 2725 cui
827 2689 881 2725 soli
901 2692 1026 2726 decimo

269 2741 378 2775 mensis
400 2742 490 2775 Tizri
509 2739 558 2775 seu
577 2740 767 2787 Septembris
785 2741 897 2787 Juliani
912 2754 962 2787 27.
989 2741 1025 2774 li-

269 2792 331 2824 cuit
344 2792 489 2825 Sancff’cum
509 2791 695 2824 Sanctorum
715 2790 834 2837 ingredi
853 2794 884 2825 &
902 2791 1025 2824 adolere

269 2836 402 2874 suffitum
420 2853 527 2874 coram
541 2844 624 2878 arca:
649 2838 712 2873 hoc
729 2837 812 2873 sacro
831 2841 960 2887 peracto
973 2840 1026 2874 ivit

270 2888 398 2923 domum
413 2890 596 2930 Zacharias,
616 2893 647 2923 &
661 2890 804 2935 concepit
818 2889 964 2933 klzfizbeeh
977 2890 1025 2923 in-

272 2949 361 2972 eunte
374 2939 530 2976 Οξὶοῑπὶ,
550 2950 616 2974 tum
625 2937 699 2973 vero
707 2937 775 2985 post
789 2938 905 2973 menses
917 2936 964 2972 sex
977 2939 1025 2972 in-

274 2997 363 3021 eunte
379 2989 477 3035 Aprili
499 2990 575 3022 Luc.
588 3002 612 3024 1.
626 3000 668 3022 21.
688 2998 855 3035 conceptus
870 2986 915 3022 est
929 2987 1024 3022 Chri-

275 3033 336 3068 stus
355 3049 389 3069 ex
410 3040 459 3083 Sp.
473 3039 608 3078 ὃᾱηξὶο,
633 3050 709 3084 ergo
723 3037 793 3085 post
809 3038 919 3072 initum
933 3037 1027 3084 Apri-

276 3083 338 3117 lem
352 3097 464 3120 novem
478 3087 630 3122 mensibus
644 3087 688 3121 est
706 3098 803 3122 natUS.
840 3086 933 3135 Resp.
957 3089 1027 3122 De-

277 3132 460 3167 monstratio
477 3134 541 3169 haec
562 3135 748 3184 Chrysbstomi
771 3141 802 3172 &
820 3137 951 3172 aliorum
971 3140 1027 3172 Pa-

278 3192 358 3216 ttum
367 3207 377 3223 ‚
396 3193 458 3217 tam
471 3182 514 3216 est
528 3185 649 3226 vitiosa,
668 3197 701 3220 ut
712 3187 773 3235 ipse
784 3190 928 3223 Petavius
940 3186 1029 3223 fatea-

1008 99 1450 142 HISTORICI

1070 185 1119 208 tur
1131 187 1239 209 vanam
1249 199 1258 214 ,
1288 185 1490 222 praeterquam
1504 176 1588 210 enim
1599 178 1686 224 quod
1697 181 1826 214 natalem

1069 225 1084 258 a
1097 225 1271 258 Decembri
1286 225 1499 271 inJanuarium
1512 237 1682 266 removeat,
1702 230 1828 264 unicum

1069 274 1155 321 quod
1170 273 1263 308 habet
1276 272 1508 307 fundamentum
1521 274 1692 322 estliquido
1705 276 1826 313 falsum:

1070 323 1239 357 Zacharias
1260 323 1389 371 Baptzstae
1414 335 1499 370 pater
1516 336 1581 357 non
1606 324 1664 359 fuit
1684 327 1827 362 Pontifex

1071 374 1239 412 maximus,
1262 371 1326 412 scd,
1342 384 1375 407 ut
1387 372 1480 407 habet
1493 372 1629 421 expresse
1642 375 1739 415 lucas,
1758 378 1829 424 qui-

1070 421 1138 455 dam
1157 421 1194 455 de
1207 422 1298 468 plebe
1317 421 1526 462 sacerdotum,
1552 424 1605 470 qui
1624 437 1678 471 per
1692 428 1830 467 'scpnpnestoef

1070 469 1272 505 inserviebant
1285 471 1385 511 altar1‚
1406 476 1437 506 &
1451 472 1520 519 post
1534 472 1758 508 hebdomadale
1771 477 1832 508 mi-

1070 518 1228 553 nisterium
1237 519 1428 555 discedebant
1436 522 1583 563 dormitm
1598 523 1771 558 offerebant
1779 537 1831 558 au-

1068 579 1132 602 tem
1146 567 1280 603 suffitum
1294 582 1360 603 non
1373 570 1428 603 nili
1443 568 1552 605 sortito
1567 597 1577 611 ,
1607 585 1672 605 non
1695 573 1778 607 certe
1794 588 1832 608 o-

1069 631 1172 658 mnes,
1194 617 1242 653 sed
1261 619 1366 664 pauci,
1394 631 1488 665 prout
1499 620 1577 655 hanc
1590 620 1748 656 ministerii
1763 636 1835 670 par-

1069 679 1133 702 tem
1146 667 1215 715 ipsis
1228 665 1292 702 sors
1306 669 1496 715 imponebat.
1515 671 1655 718 Angelus
1668 672 1760 706 etiam
1767 676 1834 706 Za-

1069 717 1172 751 chariae
1186 718 1321 765 apparuit
1329 731 1394 752 non
1408 719 1485 752 intra
1494 721 1593 754 velum
1603 720 1639 754 ad
1652 733 1766 758 arcam,
1785 721 1834 757 sed

1070 778 1152 800 extra
1163 768 1264 801 velum
1277 767 1314 801 ad
1326 768 1402 801 latus
1417 769 1516 802 altaris
1524 770 1789 816 Thymiamatum,
1799 785 1835 806 u-

1070 816 1102 849 bi
1116 814 1239 849 sortitus
1257 815 1394 851 sacerdos
1407 819 1547 865 quotidie
1559 832 1649 854 mane
1668 825 1700 855 &
1715 820 1833 870 vesperi

1070 863 1205 899 suffitum
1219 865 1375 899 adolebat.

1120 914 1224 948 Plures
1234 927 1301 948 non
1308 914 1394 949 affert
1406 914 1497 949 testes
1507 918 1657 952 Batonius
1669 930 1778 965 praeter
1787 923 1833 954 A-

1069 963 1229 998 nastalium
1247 965 1456 999 recentiorem
1475 969 1504 999 δι
1525 979 1622 1013 patvae
1641 969 1833 1005 auetoritatis

1069 1015 1181 1053 virum,
1189 1027 1284 1061 quem
1299 1015 1377 1062 typis
1390 1014 1532 1050 nondum
1540 1015 1681 1050 excusum
1689 1018 1829 1053 arbitror.

1070 1065 1116 1097 Ex
1131 1066 1196 1108 ejus
1215 1064 1343 1110 quidem
1364 1063 1572 1112 manuscripto
1584 1067 1721 1111 Heinfius
1735 1068 1767 1102 in
1779 1066 1833 1103 suo

1069 1114 1105 1148 ad
1129 1115 1305 1147 Clementem
1320 1114 1585 1148 eAlexandrmum
1604 1119 1834 1152 commentario

1068 1175 1136 1211 pJg·
1146 1176 1220 1208 340.
1241 1164 1304 1196 duo
1316 1160 1487 1211 fragmenta
1501 1165 1588 1205 citat,
1603 1166 1636 1200 in
1648 1178 1781 1215 utroque
1795 1165 1834 1202 lat

1070 1212 1177 1247 dilerte
1199 1212 1371 1247 Anastafius
1394 1214 1526 1248 natalem
1545 1216 1634 1261 ponit
1654 1217 1686 1250 in
1706 1229 1750 1263 ις.
1764 1219 1834 1252 De-

1070 1262 1221 1301 cembris,
1235 1260 1284 1295 sed
1300 1274 1360 1296 tam
1375 1261 1470 1297 crasse
1483 1264 1514 1297 in
1527 1277 1608 1298 anno
1622 1266 1735 1301 Mundi
1748 1278 1834 1302 nata-

1069 1312 1105 1345 lis
1120 1310 1299 1358 errat‚quafi
1311 1309 1411 1346 fuisset
1425 1311 1510 1360 supra
1524 1311 1615 1348 sexies
1625 1315 1831 1358 millesimum,

1070 1372 1102 1395 ut
1117 1362 1196 1395 nulla
1209 1362 1240 1394 in
1255 1374 1414 1408 quoquam
1425 1363 1667 1411 Chronologico
1681 1365 1771 1410 ipsius
1784 1378 1833 1400 te-

1069 1410 1219 1445 stimonio
1243 1411 1412 1445 auetoritas
1437 1411 1453 1446 εἰ
1474 1424 1634 1460 quoquam
1656 1414 1766 1449 debeat
1786 1427 1832 1450 at-

1068 1460 1176 1495 tribui.

1847 936 1998 973 Anastafius

1847 976 1911 1012 testts
1920 977 1992 1005 levis.

1115 1512 1177 1543 Pro
1190 1509 1344 1543 contrarii
1357 1507 1503 1542 sententia
1515 1511 1589 1544 varii
1599 1523 1635 1544 ex
1648 1511 1829 1547 doetiffimis
1845 1525 1940 1548 Contra

1067 1563 1192 1594 Pati-um
1212 1557 1313 1592 afferri
1333 1556 1478 1604 poffunt:
1508 1560 1666 1594 Concedit
1683 1564 1829 1596 Baronius
1847 1560 1985 1595 Pomzficios

1067 1610 1266 1643 Clementem
1292 1608 1535 1642 Alexandrinum
1561 1611 1615 1658 qui
1639 1612 1830 1646 Stromatum

1068 1660 1170 1706 primo
1179 1657 1249 1705 post
1257 1657 1396 1692 medium
1406 1657 1567 1693 Christum
1582 1671 1685 1694 natum
1694 1662 1755 1696 vult
1763 1665 1832 1697 Ma-

1067 1711 1089 1755 ji
1105 1721 1149 1755 25.
1177 1707 1226 1743 sed
1238 1707 1401 1755 respondet
1414 1708 1502 1755 loqui
1515 1710 1715 1745 Clementem
1727 1709 1834 1747 secun-

1068 1760 1141 1793 dum
1155 1768 1291 1793 mentem
1301 1759 1531 1793 Haereticorum
1544 1772 1611 1793 non
1624 1758 1716 1796 suam.
1742 1765 1834 1798 Pam-

1068 1810 1194 1848 melius,
1216 1819 1249 1842 ut
1262 1809 1364 1843 videre
1378 1807 1422 1842 est
1435 1809 1465 1842 in
1481 1812 1564 1843 notis
1578 1810 1753 1846 Heinfianis
1765 1825 1831 1860 pag.

1069 1872 1143 1905 340.
1157 1859 1243 1893 aliter
1255 1856 1431 1905 respondet,
1439 1857 1549 1892 scilicet
1558 1860 1729 1894 Clementis
1744 1881 1768 1897 κε
1777 1876 1833 1897 nx-

1065 1917 1111 1955 χρὴ,
1130 1907 1188 1943 effe
1201 1907 1382 1955 vigesimum
1395 1908 1538 1955 quintum
1547 1909 1749 1948 Decembris,
1765 1922 1832 1943 non

1070 1959 1160 2003 Maji.
1190 1956 1286 1992 Certe
1300 1970 1413 2005 magna
1424 1957 1489 1991 haec
1503 1957 1546 1992 est
1560 1958 1726 1992 doetiffimi
1739 1961 1834 1992 Pam-

1069 2010 1150 2041 melt'i
1162 2007 1375 2046 hallucinatio,
1390 2019 1482 2054 quam
1495 2008 1592 2041 miror
1604 2009 1759 2053 Heinfium
1769 2020 1833 2042 non

1069 2056 1194 2097 taxfiffe,
1208 2058 1348 2104 inprimis
1365 2055 1437 2091 cum
1450 2056 1566 2092 ibidem
1580 2058 1696 2092 reetam
1709 2071 1744 2091 ex
1751 2056 1833 2090 Bedd

1070 2106 1219 2141 mensium
1238 2107 1494 2154 AEgyptiacorum
1514 2119 1584 2141 cum
1604 2107 1719 2140 Latinis
1741 2118 1832 2139 com-

1071 2157 1263 2202 parationem
1287 2155 1449 2189 instituens
1473 2162 1566 2198 Πκχών
1589 2156 1682 2198 Majo
1708 2158 1739 2190 δι
1759 2162 1830 2190 >tuiz

1052 2226 1053 2229 =
1071 2205 1244 2238 Decembri
1262 2202 1445 2250 respondere
1463 2200 1553 2235 faciat
1565 2226 1576 2242 ‚
1601 2202 1675 2237 ficut
1695 2214 1758 2245 Τυβὶ
1775 2203 1831 2250 Ja-

1069 2264 1188 2285 nuarlou

1130 2298 1230 2348 Qod
1248 2299 1284 2333 ad
1302 2302 1426 2332 Baronii
1444 2299 1673 2345 responsionem
1688 2325 1698 2340 ,
1727 2300 1829 2348 aperte

1069 2346 1136 2381 falsa
1150 2352 1193 2381 est
1207 2361 1216 2388 ;
1245 2360 1310 2381 non
1323 2349 1406 2382 enim
1419 2348 1464 2382 ibi
1476 2349 1615 2395 loquitur
1629 2351 1778 2384 Clemens
1793 2363 1829 2384 ex

1069 2395 1216 2431 sententia
1234 2395 1467 2437 haereticorum,
1488 2395 1538 2432 sed
1551 2396 1604 2432 suo
1620 2397 1681 2446 ipse
1699 2400 1829 2434 nomine

1068 2447 1244 2494 profitetur,
1253 2459 1331 2493 opus
1345 2446 1402 2481 csse
1410 2460 1476 2481 non
1485 2448 1695 2490 necessarium,
1704 2447 1752 2484 sed
1760 2446 1828 2482 sub-

1068 2497 1120 2531 tile
1134 2501 1164 2532 &
1178 2496 1331 2531 curiosum
1342 2498 1392 2542 (ut
1409 2497 1547 2544 loquitur
1561 2499 1747 2545 waefflffgor)
1762 2510 1828 2532 non

1066 2557 1185 2581 tantum
1197 2559 1310 2581 annum
1324 2545 1374 2581 sed
1386 2548 1477 2581 etiam
1485 2547 1567 2581 diem
1581 2548 1711 2580 natalem
1726 2548 1828 2594 inqui-

1051 2612 1052 2615 *
1067 2609 1145 2632 rere.
1172 2595 1320 2631 Praeterea
1332 2609 1412 2642 quos
1425 2597 1634 2631 dicitnatalem
1642 2596 1673 2630 in
1681 2596 1826 2631 vicesimo

1067 2647 1179 2692 quinto
1191 2653 1283 2690 numa„
1296 2645 1464 2685 collocare,
1485 2658 1680 2693 nequaquam
1694 2645 1747 2694 ipsi
1761 2645 1826 2680 sunt

1066 2695 1218 2728 ha’retici:
1233 2695 1320 2740 quod
1334 2694 1409 2728 vero
1424 2696 1461 2729 de
1474 2694 1660 2730 Bafilidianis
1674 2695 1824 2730 haereticis

1065 2743 1195 2778 affirmat
1207 2742 1251 2777 est
1265 2742 1352 2789 plane
1366 2742 1531 2784 diversum,
1545 2743 1626 2792 ipsos
1639 2742 1750 2778 scilicet
1762 2745 1821 2777 Ba-

1064 2791 1207 2839 ptismum
1231 2792 1350 2828 Christi
1375 2793 1528 2828 celebrare
1559 2795 1682 2827 decimo
1712 2793 1823 2839 quinto

1064 2842 1174 2876 menfis
1190 2851 1270 2884 τυβὶ,
1289 2853 1341 2877 aut
1353 2845 1417 2887 ejus
1434 2842 1543 2876 meniis
1555 2841 1721 2877 undecimo
1732 2866 1741 2880 ‚
1768 2843 1822 2888 qui

1048 2892 1171 2925 'incidit
1189 2891 1221 2923 in
1240 2889 1355 2925 sextum
1365 2892 1510 2938 Januarii.
1534 2892 1625 2923 Hanc
1644 2888 1821 2926 sententiam

1063 2941 1213 2974 Baronius
1226 2950 1291 2972 non
1302 2940 1452 2973 haereticis
1461 2938 1509 2973 sed
1521 2939 1719 2974 orthodoxis
1728 2941 1758 2974 in
1765 2943 1822 2975 AE-

1064 2999 1161 3038 gypto
1174 2987 1294 3022 ascribit
1306 2999 1369 3023 tam
1386 2989 1419 3022 in
1436 2988 1668 3037 Martyrologio
1682 2989 1774 3037 quam
1788 2991 1820 3024 in

1066 3038 1249 3073 Annalibus.

1839 1600 1912 1636 stant
1921 1601 1980 1628 Cle-

1846 1650 1915 1668 mens
1939 1641 2001 1670 Ale-

1847 1681 1997 1710 xana'rinus.

1112 3089 1254 3136 Largitur
1268 3087 1357 3122 etiam
1372 3088 1489 3123 ibidem
1502 3088 1594 3123 nobis
1609 3090 1761 3122 ‘Baronius
1775 3089 1819 3122 E-
1835 3101 1940 3139 Epipha-

1066 3137 1243 3185 piphanium
1256 3162 1266 3177 ,
1291 3138 1345 3184 qui
1363 3139 1435 3172 licet
1453 3137 1573 3173 Christi
1591 3136 1773 3186 baptismum
1787 3138 1819 3170 in
1834 3151 1899 3169 mus.

1066 3187 1259 3225 Novembris
1265 3187 1389 3224 initium
1397 3188 1557 3233 conjiciat,
1570 3198 1672 3223 tamen
1679 3186 1820 3222 constan-

1771 3245 1818 3268 ter
