2048 3343
307 127 359 167 98
661 117 976 154 Opertis

299 198 333 229 &
352 191 460 228 filium
473 188 651 227 Zachariam
669 190 848 226 statuamus
859 202 932 224 cum
945 185 1052 235 pleris-

298 255 365 290 que
393 241 622 290 Cbronologis
644 244 870 287 Interregnum
894 240 1054 290 annorum

300 292 498 331 duodecim,
517 293 563 326 ita
584 302 618 326 ut
628 302 731 325 annos
743 290 860 338 viginti
872 287 924 323 sex
936 291 1054 324 Uzztm

298 342 371 389 post
380 338 579 376 'leroboamum
589 342 703 377 vixerit
715 365 724 380 ‚
740 339 827 387 quod
838 339 973 372 collatio
984 349 1055 372 ver-

298 391 349 426 sus
363 404 418 438 23.
437 392 549 438 capitis
564 402 618 437 14.
633 389 819 438 posterioris
830 389 967 433 ‘Regum
979 398 1054 421 cum

299 440 382 477 vers.
397 452 424 475 1.
445 444 477 475 &
500 442 528 473 8.
559 442 671 488 capitis
686 439 793 487 quinti
812 437 952 484 ejusdem
970 437 1056 470 vide-

297 501 350 525 tur
366 502 484 538 cogere
501 514 511 530 ‚
538 499 610 524 tum
631 490 742 536 Hoseaes
752 489 950 535 Propherare
969 487 1060 519 ince-

297 542 349 588 pit
367 537 543 575 minimum
566 541 685 587 viginti
712 537 764 572 sex
782 539 874 572 annis
894 545 969 569 ante
989 539 1058 586 Ug-

297 589 354 626 ziae
379 600 523 624 mortem
549 607 559 629 ς
584 601 651 624 tam
671 599 777 622 autem
798 596 962 620 maturum
983 584 1058 629 Isasae

302 638 550 685 Prophetiarum
583 639 776 687 principium
810 646 879 667 non
915 631 1057 667 videtur.

297 682 453 734 Q'ando·
479 687 570 723 suum
594 684 816 722 Ministerium
845 683 956 730 Hoftas
977 680 1059 717 fmi-

296 739 380 772 verit
405 750 505 773 nemo
532 733 661 783 praecise
684 732 826 773 dixerit3
856 743 983 780 apparet
1008 743 1059 766 ta-

295 800 373 822 men
384 787 474 834 supra
490 784 726 832 quinquaginta
737 794 842 817 annos
853 806 863 822 ‚
881 781 991 815 saltem
1010 781 1059 816 su-

295 849 352 883 pra
373 836 585 883 quadraginta
611 844 674 868 tres
696 834 729 867 in
750 830 808 866 suo
825 843 901 866 eum
922 842 1059 865 munere

295 883 459 920 duravisse.

347 934 401 966 De
413 932 498 967 loelis
508 930 717 979 temporibus
730 929 811 965 nihil
824 928 981 963 habemus
995 943 1053 964 ex-

293 981 456 1029 pressum:
481 984 562 1017 Non
581 978 809 1028 improbabilis
825 981 858 1013 in
877 992 917 1013 co
939 978 1052 1014 saltem

292 1031 475 1078 Hieronymi
491 1032 605 1080 regula
617 1056 626 1072 ‚
645 1029 846 1077 Prophetam
869 1041 1053 1077 quemque,

292 1085 387 1126 cujus
398 1093 545 1128 tempora
563 1093 631 1115 non
650 1079 722 1114 suut
734 1078 870 1126 expressa
881 1103 889 1115 ‚
907 1076 1053 1113 referen—

293 1130 372 1164 dum
391 1132 428 1166 ad
447 1131 620 1178 superioris
630 1128 800 1177 Prophetae
810 1128 981 1164 terminos,
996 1141 1052 1163 cu-

289 1182 344 1225 jus
361 1182 589 1229 exprimuntur
610 1180 702 1217 anni.
730 1177 829 1213 Certe
841 1178 1051 1225 pleriqueln-

292 1240 472 1276 terpretum
495 1229 600 1264 Io'e'lem
619 1241 696 1263 cum
715 1226 814 1276 Hosti
832 1231 866 1261 &
878 1225 966 1274 Esiid
977 1230 1050 1268 σύφ-

289 1292 384 1323 χςονον
403 1278 546 1315 faciunt,
572 1291 632 1313 nec
649 1280 781 1313 materia
803 1276 985 1323 Prophetiae
1002 1279 1050 1311 vi-

290 1328 386 1362 detur
404 1329 555 1363 abnuere.
581 1329 661 1362 Non
679 1329 784 1375 placet
804 1326 968 1376 Augustini
979 1325 1050 1360 sen—

290 1379 412 1415 tentia,
430 1391 498 1425 quae
509 1389 619 1412 tamen
631 1378 758 1425 aliquos
772 1374 922 1423 sequaces
933 1373 1050 1415 habet,

289 1426 400 1461 Ioe'lem
413 1427 522 1464 Elizaeo
541 1426 630 1461 fuifle
652 1421 965 1473 contemporaneum
979 1449 988 1464 ‚
1009 1424 1049 1459 eo

289 1474 382 1522 quod
393 1476 511 1511 famem
524 1476 819 1523 praedixerit‚qua1n
833 1472 957 1510 Elium
968 1474 1048 1508 vidit

288 1525 353 1560 suis
370 1526 484 1560 dicbus
504 1527 652 1561 Samariae
673 1539 681 1560 ε
707 1526 797 1559 nulla
808 1525 895 1557 enim
914 1522 1045 1559 necessi—

288 1584 338 1608 tas
359 1574 403 1610 est
422 1575 503 1610 loislts
524 1574 647 1609 famem
672 1587 750 1609 cum
775 1571 878 1609 Elizei
902 1572 1045 1609 confun-

287 1623 388 1706 ‘hag-e
401 1674 511 1720 Amff’
524 1674 646 1708 clarum
660 1672 703 1707 est
714 1672 791 1720 [βία
804 1675 838 1706 &
851 1673 952 1720 Hoftae
960 1684 1043 1706 con-

284 1733 531 1769 temporaneum
550 1721 658 1761 suisse,
678 1722 910 1768 curneapitei,
924 1721 999 1756 vers
1018 1733 1046 1755 1.
1068 1766 1069 1775 ἵ

284 1770 401 1805 diserte
417 1772 544 1807 dicatur
557 1769 759 1817 Prophetfiffe
770 1771 884 1808 diebus
896 1777 1003 1807 Uzvae
1012 1774 1044 1805 &

283 1821 450 1856 Ieroboami,
464 1822 592 1857 duobus
603 1823 696 1856 annis
709 1831 783 1855 ante
793 1832 881 1854 terrae
894 1832 1044 1854 motum:
1068 1823 1071 1859 ἰ

285 1883 355 1918 quo
367 1881 475 1905 autem
488 1885 575 1906 anno
587 1883 676 1905 terrae
694 1881 802 1903 motus
823 1868 879 1903 iste
899 1871 1046 1918 contige·
1069 1890 1071 1920 g

1069 1929 1071 1936 '
1094 1932 1208 1955 eorum
1224 1921 1382 1964 συγχςόιιοις
1391 1920 1612 1966 antiquiorem
1624 1916 1693 1953 effe.
1718 1919 1853 1966 Nequa-

283 1922 328 1953 rit
339 1945 349 1960 ‚
361 1932 442 1954 num
458 1943 466 1956 ‚
482 1931 520 1954 ut
533 1921 711 1970 Augnstmm
723 1924 755 1953 &
766 1920 864 1953 multi
877 1920 945 1958 alii,
959 1932 1045 1965 auno

284 1968 392 2005 Uzziae
410 1969 564 2004 vicesimo
580 1971 730 2016 septimo,
750 1970 781 2002 in
794 1980 967 2002 momento
979 1982 1045 2016 quo

283 2017 373 2064 leprfi
386 2018 459 2052 Rex
479 2020 512 2052 in
526 2020 653 2065 templo
669 2016 827 2064 percussus
839 2017 897 2057 est,
909 2032 977 2054 non
989 2031 1045 2053 au-

281 2067 397 2101 demus
408 2065 528 2116 absque
543 2067 704 2115 Scripturfi
714 2065 882 2102 affirmare.

331 2118 383 2150 De
405 2114 528 2151 Obadiae
545 2117 750 2165 temporibus
771 2115 999 2164 nihilexpresse
1010 2118 1044 2151 in

280 2164 382 2198 literis
394 2164 506 2199 sacris:
527 2168 672 2213 plerique
685 2166 859 2201 secundum
871 2166 1045 2210 Hieronymi

280 2215 422 2260 regulam
437 2238 447 2252 ‚
468 2215 580 2260 Amase
591 2239 601 2253 ,
624 2215 772 2262 adeoque
783 2215 867 2251 laeli,
884 2218 982 2261 Hofiae
994 2238 1001 2250 ‚
1012 2220 1044 2250 &

281 2263 359 2311 (fitia
385 2261 510 2296 faciunt
535 2266 695 2308 adystgotrov.
733 2265 880 2307 Quidam
902 2264 1042 2297 eundem

279 2313 484 2346 voluntcum
498 2311 616 2346 Obadd
636 2311 728 2346 servo
745 2311 878 2349 Achaln',
897 2314 1040 2359 quicum

278 2360 351 2395 „EM
367 2362 584 2409 colloquutus
606 2359 660 2395 est.
690 2361 753 2395 Sed
778 2363 945 2396 calamitas
964 2361 1041 2395 Idu-

279 2412 368 2445 maeis
380 2410 513 2451 inflieta,
530 2424 599 2459 quae
612 2410 897 2457 Prophetiaehujus
907 2412 1042 2445 materia

278 2459 339 2500 est,
361 2473 429 2494 non
439 2462 600 2508 permittit
610 2472 718 2495 vatem
731 2461 819 2495 bunc
833 2460 894 2495 effe
904 2472 970 2495 tam
980 2473 1041 2494 an·
1063 2489 1065 2494 .

278 2510 422 2556 tiquum·
455 2512 524 2544 Cur
543 2511 629 2545 enim
646 2511 723 2545 alias
746 2510 938 2556 Judaeorum
960 2511 1040 2544 cala-

276 2561 408 2592 mitates
421 2558 564 2594 tacuisset
576 2584 585 2596 ‚
604 2572 674 2606 quae
692 2561 763 2606 post
777 2558 947 2594 oAchabum
965 2570 1039 2593 ante

276 2607 514 2643 Chaldaeorum
552 2621 642 2643 arma
677 2607 790 2657 saepius
816 2611 1062 2656 contigerunt.1

274 2655 443 2691 Veriffima
459 2657 555 2692 nobis
567 2658 777 2693 videturlunii
788 2660 973 2697 calculatio,
985 2671 1035 2691 re-

277 2704 412 2741 ferentis
432 2703 576 2741 obadiam
598 2706 640 2740 ad
668 2707 792 2740 Ieremiae
817 2711 848 2740 &
870 2704 1037 2744 Ezechielis

275 2766 426 2802 tempora
439 2780 449 2795 ,
469 2754 509 2790 εὸ
521 2755 613 2804 quod
631 2756 735 2790 clades
746 2756 786 2790 ab
798 2755 867 2803 ipso
882 2756 1031 2790 Idumaeis
1057 2786 1058 2792 ,

278 2803 472 2839 denunciata
494 2804 556 2845 est,
581 2805 625 2839 ob
644 2818 757 2839 eorum
775 2817 908 2853 operam
931 2804 1033 2839 Chal·

276 2854 351 2888 daeis
364 2856 503 2889 locatam
521 2857 555 2889 in
576 2853 739 2890 eversione
758 2857 885 2895 Sionis,
914 2854 954 2889 de
971 2854 1032 2903 qud

277 2901 406 2937 Obadtas
424 2917 491 2939 non
508 2915 574 2939 tam
588 2903 763 2951 Prophetat
774 2904 869 2953 quam
881 2904 1031 2939 historice

276 2951 395 2988 differit
407 2964 468 2999 ’.Ut
484 2955 522 2989 de
533 2968 566 2989 re
578 2957 648 3000 jam
662 2953 748 3002 gesti
759 2978 767 2993 ,
788 2955 833 2989 ob
844 2967 939 3001 quam
951 2954 1028 2990 Idu-

276 3007 363 3037 maeis
373 3005 632 3041 internecionem
645 3006 878 3040 comminatur.

1034 115 1504 153 HrsTontct

1280 235 1583 275 QUAESTIO
1625 238 1683 266 LI.

1104 307 1195 356 Qid
1203 307 1238 342 de
1248 307 1416 357 temporibus
1435 312 1520 343 Ionae
1532 333 1542 348 ‚
1567 306 1713 343 Nahumi
1726 307 1766 343 &¹
1777 307 1862 344 exet>

1228 369 1232 373 '
1264 360 1343 399 stone
1358 359 1493 398 Ninives
1506 356 1710 402 statuendum?

1106 435 1246 494 REsp·
1277 439 1357 473 Haec
1376 440 1435 473 tria
1452 440 1485 473 in
1497 438 1672 486 quaestione
1687 438 1861 483 conjunxi-

1171 498 1244 519 mus
1257 510 1264 522 ‚
1277 487 1315 521 eo
1328 488 1420 536 quod
1431 492 1505 522 lonae
1516 492 1548 523 ἃ.
1564 486 1701 523 Nahumi
1710 486 1860 534 Prophe-

1104 533 1172 574 tiae,
1195 535 1326 571 Ninives
1345 537 1542 573 eversionem
1566 551 1624 583 pro
1644 537 1789 579 subjefio
1806 537 1861 570 ha·-

1106 582 1216 619 beant.
1230 585 1348 620 Ninive
1359 586 1525 634 Assyriacae
1538 586 1741 621 Monarchiae
1750 597 1857 633 caput,

1105 631 1166 667 fuit
1178 634 1310 669 urbium
1329 636 1492 683 prioribus
1504 634 1615 669 seculis
1625 638 1658 670 in
1668 636 1760 670 terris
1772 634 1859 669 mul-

1105 682 1142 717 τὸ
1154 685 1296 719 maxima
1308 689 1338 720 &
1352 685 1583 720 munitiffima:
1599 683 1651 720 sed
1667 681 1775 720 divina
1784 686 1860 719 vin-

1103 732 1186 767 die'ffi
1197 744 1261 768 tam
1275 734 1476 769 horribiliter
1486 734 1593 770 eversa
1602 735 1647 769 est
1656 753 1673 775 γ
1686 745 1722 769 ut
1733 733 1858 768 dudum

1103 785 1200 818 etiam
1213 785 1295 819 inter
1315 785 1430 818 doetos
1451 784 1490 818 de
1509 788 1576 830 ejus
1595 786 1673 819 loco
1685 782 1793 823 &situ
1803 785 1858 818 vix

1102 833 1281 879 quidquam
1314 836 1392 868 certi
1421 834 1591 868 habeatur.
1623 831 1859 868 Demonstrare

1100 880 1234 927 quidem
1257 893 1396 916 conatur
1413 883 1566 929 perdoete
1581 907 1590 920 ‚
1606 894 1641 918 ut
1657 884 1770 918 omnia
1786 883 1860 928 Bef-

1098 927 1198 963 hmm
1214 931 1247 963 in
1265 929 1321 964 suo
1335 929 1467 978 phaleg.
1485 932 1540 967 lib.
1553 946 1586 974 4.
1605 945 1675 979 cap.
1687 944 1742 968 20.
1763 931 1856 966 fitam

1099 978 1189 1013 fuisse
1204 979 1245 1012 ad
1256 980 1425 1013 Orientale
1437 981 1521 1014 latus
1534 982 1680 1028 Tigridis
1696 980 1779 1016 infra
1790 983 1857 1027 Ly-

1099 1042 1175 1063 cum
1189 1052 1198 1065 ,
1215 1027 1230 1062 ὲ
1248 1031 1382 1077 regione
1403 1029 1566 1064 hodiernae
1585 1029 1702 1077 Mufiael.
1738 1032 1858 1077 Saepius

1097 1078 1163 1113 haec
1174 1089 1267 1125 capta
1284 1084 1315 1113 δε
1326 1077 1410 1112 male
1424 1079 1578 1113 muletata
1593 1080 1706 1113 civitas
1717 1079 1762 1113 est
1774 1103 1784 1118 ,
1804 1079 1858 1113 sed

1098 1128 1228 1162 tandem
1240 1127 1256 1162 ‘a
1268 1134 1399 1171 Cyaxase
1410 1129 1515 1162 Medo
1530 1131 1562 1161 ὃ(
1575 1131 1644 1173 ejus
1656 1140 1777 1176 genero
1790 1130 1862 1162 Ne-

1096 1175 1317 1214 buchadnezare
1333 1191 1421 1212 anno
1431 1177 1486 1211 suo
1499 1178 1617 1224 primo,
1634 1179 1780 1224 adeoque
1791 1180 1860 1211 Ioa-

1097 1225 1166 1267 kimi
1176 1239 1304 1275 quarto,
1317 1227 1449 1275 quando
1463 1226 1639 1274 subjugatis
1652 1226 1783 1272 Assyriis
1794 1227 1860 1261 Ec-

1098 1276 1213 1310 batana
1221 1277 1411 1316 Medorum,
1421 1281 1451 1309 δέ
1461 1276 1609 1323 Babylon
1624 1276 1857 1311 Chaldaeorum

1063 1326 1068 1331 '
1095 1327 1223 1372 Imperii
1243 1328 1347 1373 capita
1369 1325 1452 1360 facia
1473 1327 1558 1359 sunt.
1593 1329 1676 1360 Jonas
1696 1325 1858 1373 Propheta
1880 1334 1939 1369 ,Qua
1951 1339 2012 1362 teme

1097 1374 1204 1410 multo
1215 1387 1289 1417 ante
1300 1374 1441 1416 Nahum,
1459 1375 1591 1409 Mm'ves
1601 1377 1728 1410 ruinam
1744 1375 1857 1423 praedi-
1873 1382 1935 1413 pora
1943 1376 2013 1403 lona.

1097 1427 1144 1459 xit
1161 1439 1169 1459 :
1196 1428 1281 1459 Jonas
1294 1427 1383 1459 enim
1398 1427 1533 1459 velante
1545 1426 1595 1459 vel
1608 1426 1705 1460 initio
1724 1422 1858 1458 Jerohoa-

1095 1476 1135 1508 mi
1155 1473 1283 1509 secundi
1308 1473 1516 1520 Prophetiam
1535 1475 1673 1523 agebat3
1702 1486 1737 1508 ut
1757 1474 1858 1509 liabe-

1096 1537 1170 1558 mus
1181 1521 1319 1570 express'e
1349 1536 1366 1557 2
1383 1525 1470 1571 Reg.
1485 1536 1520 1570 4.
1532 1523 1614 1558 vers.
1630 1537 1646 1558 2
1657 1534 1686 1566 ς.
1704 1523 1759 1557 ubi
1773 1527 1857 1557 lonas

1093 1572 1179 1608 filius
1191 1572 1325 1607 Amittas'
1342 1572 1498 1606 Ierohoamz
1516 1584 1627 1608 contra
1638 1576 1735 1619 Syros
1748 1573 1857 1607 vieto-

1094 1624 1153 1657 rias
1173 1620 1347 1670 praedixiffe
1366 1625 1559 1657 nunciatur:
1606 1624 1752 1668 Oportet
1773 1621 1854 1670 ergo

1094 1674 1210 1707 vixerit
1224 1694 1232 1707 ‚
1249 1673 1385 1706 velante
1397 1673 1448 1706 vel
1459 1674 1553 1705 initio
1566 1671 1673 1719 Regni
1685 1669 1854 1708 Ieroboami,

1094 1724 1184 1765 cujus
1204 1722 1279 1754 anni
1291 1722 1398 1755 ultimi
1419 1722 1616 1768 cumprimis
1628 1720 1735 1758 Uzziae
1749 1722 1853 1768 Regis

1092 1770 1186 1819 Judae
1207 1770 1428 1804 coincidetunt
1439 1796 1448 1811 ‚
1477 1770 1657 1819 inquibus
1680 1783 1740 1805 nec
1767 1771 1855 1818 Ifhiqa

1096 1833 1154 1855 nec
1166 1820 1276 1866 Hoseu
1286 1819 1389 1854 adhuc
1401 1819 1542 1868 agebant
1556 1820 1732 1867 Prophetas
1743 1844 1752 1859 ‚
1769 1820 1855 1854 unde

1090 1871 1237 1918 (sequitur
1248 1870 1444 1916 Prophetam
1458 1873 1559 1903 Ionam
1574 1869 1636 1903 istis
1652 1873 1683 1902 ὃ(
1697 1869 1852 1903 omnibus

1095 1982 1193 2018 quam
1206 1976 1315 2004 tamen
1325 1981 1401 2003 cum
1416 1966 1582 2015 Eptphanio
1596 1966 1759 2015 possumus
1772 1980 1854 2001 con-

1094 2020 1203 2054 cedere
1217 2043 1225 2059 ,
1245 2030 1280 2053 ut
1297 2023 1379 2053 Jonas
1391 2018 1444 2053 hic
1457 2018 1552 2052 fuerit
1572 2022 1735 2064 Sat-estana
1747 2015 1831 2050 filius
1843 2040 1853 2056 ‚

1093 2083 1190 2117 quem
1205 2067 1284 2103 Elias
1304 2070 1320 2102 ὰ
1331 2070 1472 2103 mortuis
1492 2067 1704 2107 resuscitavit;
1719 2077 1853 2114 praeter-

1094 2131 1192 2168 quam
1209 2120 1295 2153 enim
1317 2118 1406 2165 quod
1427 2129 1575 2163 tempora
1597 2128 1667 2149 non
1680 2116 1853 2161 quadrent,

1092 2168 1256 2202 viduailla
1275 2170 1447 2213 Sareptana
1459 2165 1521 2200 fuit
1537 2166 1666 2200 Sidonia
1678 2177 1715 2197 ex
1732 2164 1853 2197 Genti-

1092 2217 1171 2256 bus,
1192 2219 1275 2248 Ionas
1292 2214 1370 2249 vero
1389 2214 1475 2248 filius
1497 2213 1631 2248 Amittai
1649 2225 1714 2259 cap.
1734 2211 1792 2245 suo
1804 2211 1851 2246 se-

1090 2264 1201 2299 cundo
1213 2260 1328 2297 diserte
1340 2262 1513 2310 profitetur
1525 2263 1556 2298 se
1569 2274 1668 2311 gente
1680 2268 1710 2296 ὅ(
1724 2273 1847 2310 genere

1089 2312 1278 2348 Hebraeum.

1139 2361 1243 2408 Qiod
1260 2360 1297 2396 ad
1313 2360 1510 2408 Prophetam
1528 2359 1652 2395 Nahum
1663 2361 1716 2397 ,in
1728 2362 1794 2404 ejus
1805 2360 1845 2393 li-

1088 2412 1148 2446 bro
1174 2412 1262 2446 nulla
1279 2412 1437 2458 temporis
1460 2409 1698 2445 circumstantia
1717 2421 1847 2443 memo-

1087 2473 1172 2497 ratur
1189 2486 1199 2501 ‚
1229 2458 1283 2497 sed
1303 2474 1340 2495 ex
1362 2461 1545 2508 Prophetiae
1567 2458 1699 2494 mareri&
1718 2459 1847 2505 colligi-

1087 2525 1158 2546 mus
1169 2510 1240 2558 post
1253 2536 1262 2551 ,
1288 2511 1399 2544 decem
1413 2508 1561 2544 tribuum
1578 2508 1845 2555 deportationem

1086 2565 1117 2595 &
1130 2571 1203 2595 ante
1214 2559 1347 2595 Mnives
1359 2557 1560 2594 eversionem
1573 2554 1846 2603 vixisse,loquitur

1085 2612 1170 2645 enim
1188 2611 1226 2644 de
1237 2609 1357 2643 Ninive
1377 2618 1413 2641 ut
1429 2604 1598 2641 evertendzi
1611 2631 1619 2645 ‚
1643 2606 1792 2639 nondum
1813 2619 1847 2639 e-

1086 2659 1183 2697 versa,
1194 2658 1293 2704 idque
1305 2656 1350 2690 ob
1363 2655 1565 2703 Assyriorum
1578 2657 1611 2689 in
1625 2654 1774 2694 israelitas
1786 2654 1845 2688 de-

1081 2718 1228 2755 portatos
1241 2705 1486 2740 crudelitatem:
1513 2705 1590 2739 hinc
1608 2705 1734 2738 leremm
1757 2716 1841 2738 con-

1081 2754 1423 2805 temporaneus&lflzid
1434 2754 1593 2803 posterior
1605 2754 1771 2789 habendus
1781 2753 1837 2787 est.

1248 2847 1555 2881 QUAESTIO
1596 2844 1671 2872 L11.

1079 2922 1236 2971 Qmodo
1248 2918 1367 2954 Michae
1379 2943 1390 2959 ‚
1407 2916 1582 2970 Habakuki
1606 2914 1643 2949 (ῥ’
1661 2914 1834 2964 Zephaniae

1248 2977 1370 3015 tempora
1381 2964 1577 3002 distabuenda
1586 2967 1639 3015 fint
1652 2968 1664 3000 ?

1077 3055 1134 3113 R
1147 3100 1186 3133 de
1196 3095 1327 3146 praeciso
1338 3110 1424 3131 anno
1435 3108 1502 3143 quo
1515 3095 1710 3142 Prophe-tare
1722 3096 1771 3128 vel
1781 3097 1830 3129 in·
1850 3135 1877 3151 ω

1078 3151 1199 3196 ceperit
1210 3149 1259 3181 vel
1269 3146 1409 3182 desierit,
1427 3159 1496 3179 non
1509 3145 1648 3185 constet,
1661 3156 1770 3179 tamen
1784 3145 1831 3178 sui
1881 3144 1887 3150 “

1077 3199 1248 3236 Ministerii
1258 3198 1418 3233 terminos
1428 3196 1553 3244 Regnis
1561 3192 1690 3230 lothami
1699 3218 1708 3235 ‚
1720 3190 1831 3244 Acha-

1775 3254 1808 3278 z!
1820 3266 1830 3283 ‚

1867 2361 1889 2388 E
1890 2367 1900 2386 t
1911 2363 1974 2388 Na-

1867 2400 1933 2429 bum.

1149 3048 1220 3096 Esp.
1235 3051 1286 3083 De
1306 3045 1415 3082 Michd
1426 3059 1472 3081 res
1484 3045 1529 3081 est
1548 3047 1653 3086 clara,
1675 3044 1730 3080 etsi
1744 3047 1829 3080 enim
1850 3040 1980 3112 &sarissa

1864 3096 1867 3103 .
1896 3096 1909 3111 ,Ι
1981 3100 1993 3107 ,
