2048 3343
63 1007 173 1035 Panium

58 1047 187 1083 sementia,

59 2384 109 2410 Pro
117 2382 199 2416 nostra

50 2423 176 2458 fintenlia

54 2474 161 2501 prlmum

59 2514 184 2543 argumen-

60 2552 117 2573 tum.

502 93 567 120 Er
631 85 1281 130 Cnaonotoe⁷1c1

217 171 288 208 quae
300 155 408 192 solutu
422 155 528 190 multo
555 156 626 191 sunt
639 155 786 190 faciliora
797 154 896 203 quarn
907 154 970 188 hoc

216 220 280 257 pra:
291 204 459 242 manibus,
471 217 558 241 certe
575 209 763 256 Hieronymus
772 207 804 238 in
816 203 969 251 quaestio-

217 257 315 293 nibus
332 255 506 289 Hebraicis
525 281 534 296 ‚
561 259 596 290 &
617 254 782 301 Augustinus
802 255 835 286 in
855 266 906 299 15.
929 252 970 285 de

221 306 369 340 Civitate
386 306 451 338 Dei
461 310 593 351 cap.16.
614 303 816 349 profitentur
828 300 970 349 expresse

221 353 364 389 dubium
386 354 452 388 hoe
473 351 701 387 indissolubile.
726 355 761 385 In
775 350 971 386 sententiam

222 403 309 438 hanc
321 403 448 449 Iosephus
460 403 590 449 Scaliger
602 430 611 444 ,
623 413 657 435 ut
669 401 797 436 dictum
810 427 820 442 ,
835 399 972 445 pedibus

224 454 284 488 ivit
301 476 310 491 ,
329 451 465 485 istorum
483 463 549 499 ego
570 453 675 485 menti
691 449 913 485 lubentissime
923 461 976 483 ac-

226 499 416 548 quievissem
430 525 440 541 ,
457 500 507 534 sed
527 502 603 548 quia
621 502 771 535 monitus
783 500 851 534 sum
869 499 886 533 a
905 499 977 547 qui-

226 548 364 585 busdam
377 562 458 597 quos
469 562 633 587 revereor,
642 549 903 584 incommodum
915 547 975 582 effe

225 611 263 634 ut
281 599 468 644 hujusmodi
486 601 584 635 dubia
603 599 857 635 indeterminata
875 598 976 633 relin-

223 652 417 695 quantur‚&
428 648 558 684 videam
569 649 610 684 ab
621 650 680 683 hac
694 647 872 696 quaestione
881 659 974 694 pror·

221 697 272 732 sus
290 696 433 745 pendere
457 709 606 732 totorum
627 698 789 745 sexaginta
808 708 975 730 annorum

221 758 259 781 ex
271 747 509 794 Chronologiae
520 745 612 782 sacra:
624 747 743 781 tabulis
762 747 810 781 vel
823 748 975 781 meritam

221 798 505 843 expunffionem,
522 795 573 831 vcl
595 794 803 831 necessariam
818 798 850 828 in
863 798 975 829 casin—

221 845 398 881 settionem
411 871 422 887 ,
443 847 520 880 licet
531 845 613 894 :egre
623 844 716 880 valde
727 873 736 885 ‚
752 845 917 880 adductus
929 856 976 879 ta-

224 908 298 929 men
311 896 392 932 sum,
402 908 438 930 ut
449 895 557 929 reiiffli
566 894 782 931 haesitatione,
792 897 824 929 in
836 893 974 928 alteram

222 957 349 992 partem
362 947 527 980 inclinem.

270 997 354 1029 Dua:
365 993 437 1028 suut
449 992 500 1027 liic
513 993 679 1027 sententia:
691 1015 700 1027 ‚
710 1001 848 1036 utraque
860 989 973 1023 multis

222 1047 254 1078 δε
272 1045 395 1091 magnis
417 1055 484 1076 tam
498 1039 751 1075 auetoritatibus
761 1051 859 1086 quam
871 1040 974 1072 ratio-

220 1092 319 1127 nibus
332 1094 405 1127 nixa
417 1104 427 1129 ς
454 1102 517 1123 nos
528 1090 663 1136 quando
676 1089 781 1122 aleam
802 1091 906 1133 jacere
916 1100 974 1121 ne-

221 1141 298 1176 cesse
311 1139 352 1174 fit
363 1163 371 1179 ‚
393 1141 539 1185 priorem
551 1138 791 1185 amplezfftemur
801 1138 866 1173 scil.
880 1138 973 1172 Abra-

219 1195 334 1226 hamum
352 1199 466 1220 natum
487 1189 586 1233 patris
610 1190 703 1222 Thare
722 1186 972 1235 septuagesimo,

218 1235 328 1273 relicta
339 1237 506 1283 posteriori
520 1237 561 1271 de
577 1235 761 1272 centesimo
774 1235 948 1271 tricesimo.

264 1290 329 1321 Pro
353 1287 454 1331 priori
472 1286 582 1321 nostra
600 1287 682 1321 stant
693 1285 867 1321 secundum
877 1289 971 1321 Scali-

212 1349 312 1384 gerum
325 1348 443 1371 omnes
453 1338 581 1383 antiqui
600 1361 610 1376 ‚
637 1338 738 1371 etiam
757 1348 877 1370 omnes
890 1338 973 1370 Pro-

218 1386 371 1420 testantes
383 1398 457 1419 ante
470 1388 641 1421 Beroaldum
655 1389 798 1420 Genevae
809 1383 974 1420 Professo-

217 1447 299 1472 tem,
314 1437 371 1483 qui
384 1437 416 1468 in
430 1437 631 1470 contrariam
650 1437 843 1470 sententiam
855 1435 928 1483 post
942 1435 975 1471 se

217 1486 340 1526 traxit,
360 1497 430 1519 non
443 1486 580 1532 quidem
599 1493 712 1520 Reum
733 1484 788 1520 sed
805 1484 972 1519 summum

219 1534 395 1575 Calvinum,
407 1539 501 1581 cujus
512 1535 647 1569 ductum
660 1534 789 1582 sequuti
801 1532 874 1568 sunt
883 1542 974 1570 Mar-

218 1593 276 1634 tyr,
291 1585 446 1630 Masculus,
456 1585 563 1624 iunius,
579 1592 702 1622 famus,
712 1586 872 1625 Deodatus,
885 1587 973 1619 Rive-

218 1644 275 1669 tus,
285 1633 418 1674 Ufferius.
429 1636 537 1680 Capelli
548 1645 626 1675 tres,
636 1634 753 1675 aliique
766 1635 844 1678 3viri
855 1645 972 1668 omnes

218 1681 492 1730 praestantiffimi:
522 1684 568 1718 Ex
594 1683 781 1718 Pontificiis
798 1684 832 1717 in
853 1684 971 1718 eadem

217 1743 329 1766 mente
340 1731 567 1782 sunt‚Lyramts,
582 1733 753 1777 Cajetanus,
765 1734 900 1768 salianus
910 1759 919 1773 ‚
935 1736 971 1768 δε

220 1783 272 1815 alii
290 1806 300 1821 ‚
334 1783 483 1828 inprimis
504 1783 660 1817 ”torniellus
685 1784 743 1829 qui
760 1782 915 1817 fusissime
936 1786 969 1817 ἃ

217 1829 343 1864 summa
365 1842 441 1863 curn
461 1830 616 1866 industria
642 1831 699 1865 has
717 1843 826 1879 partes
850 1843 970 1867 tuetur.

217 1884 282 1914 Pro
296 1879 408 1912 nostra
417 1878 577 1914 sententia
594 1881 678 1915 stant
689 1882 803 1915 Patres
812 1881 970 1916 Christia-

218 1929 264 1968 ni,
277 1929 403 1968 Latini‚
424 1931 550 1966 Graeci,
569 1934 603 1965 &
620 1930 728 1977 Judaei
738 1943 856 1966 omnes
878 1954 887 1968 ‚
911 1933 969 1978 qui

218 1976 390 2013 Geneseos
401 1977 571 2012 undecimi
588 1979 779 2028 vigesimum
790 1980 914 2015 sextum
927 1981 970 2016 de

217 2028 379 2061 Abrabami
390 2029 562 2063 nativitate
573 2031 740 2077 accipiunt
752 2056 762 2071 ‚
777 2034 811 2065 &
823 2032 909 2065 inter
920 2043 971 2064 re-

217 2078 376 2111 centiores
387 2079 538 2118 Lutherus,
554 2079 682 2125 Iosephus
692 2080 817 2126 Scaliger
826 2105 835 2120 ,
847 2080 969 2125 aliique

215 2123 309 2171 supra
317 2127 417 2166 citati,
429 2139 466 2160 ac
478 2139 516 2161 ex
529 2125 715 2162 pontificiis
726 2130 868 2172 Abulenfis
881 2154 891 2170 ‚
913 2129 969 2176 qui

214 2173 287 2209 fuse
300 2179 334 2209 δε
347 2175 496 2210 accurate
506 2189 575 2210 rem
586 2176 668 2211 hanc
678 2180 796 2212 trufisat
805 2205 815 2217 ,
828 2190 866 2211 ac
878 2190 916 2212 ex
927 2191 968 2213 eo

214 2227 354 2264 Pererius,
366 2226 518 2265 Petamus,
535 2227 635 2260 etiam
649 2229 813 2264 cornelius,
834 2231 869 2262 &
888 2230 972 2262 Lori-

215 2285 277 2307 nus.
313 2274 374 2308 Sed
392 2273 539 2321 sepositis
558 2277 816 2312 auctoritatibus
830 2289 972 2326 perpen-

216 2321 334 2356 damus
346 2325 499 2371 utrinque
512 2326 667 2360 rationes.
739 2323 742 2325 Α

265 2373 345 2405 Hoc
356 2374 504 2408 nostrum
517 2375 660 2421 primurn
674 2374 716 2409 est
725 2385 972 2422 argumentum:

221 2419 307 2465 Moses
316 2421 462 2466 expresse
475 2424 571 2457 docet
582 2425 692 2458 Gens
705 2431 830 2460 1.v.26.
843 2428 973 2459 Tharam

222 2480 310 2501 anno
320 2469 392 2502 vitae
403 2469 461 2502 suae
472 2470 708 2518 septuagesimo
725 2472 868 2519 genuisse
881 2474 973 2507 Abra-

222 2520 341 2552 hamum
361 2542 370 2558 ‚
399 2517 523 2552 clarum
543 2531 622 2565 ergo
648 2520 714 2554 hoc
731 2522 777 2554 est
797 2535 835 2555 ex
852 2522 973 2556 divinis

221 2568 394 2615 Scripturis
410 2565 492 2601 fidei
511 2567 781 2603 fundamentum.
816 2568 975 2616 Respon-

220 2617 277 2650 det
294 2619 446 2651 torniellus
457 2642 467 2658 ‚
490 2618 520 2651 id
539 2617 632 2664 quod
645 2617 687 2651 ab
698 2631 738 2652 eo
753 2616 807 2651 alii
819 2630 974 2652 mutuan-

218 2677 272 2699 tur
283 2691 293 2706 ,
314 2666 495 2712 Augustinnm
506 2668 616 2714 quaest.
630 2672 664 2701 'in
678 2666 824 2701 Genesin
839 2673 897 2701 26.
927 2669 971 2702 ita

217 2713 332 2749 locum
345 2727 512 2762 exponere
524 2727 559 2750 ut
570 2717 667 2751 istum
689 2716 808 2751 Genes.
823 2726 851 2761 5.
868 2729 899 2751 v.
914 2731 930 2763 3
941 2728 970 2750 2.

216 2772 315 2799 Noam
329 2776 418 2797 anno
431 2765 699 2813 quingentesimo
716 2765 856 2812 genuifle
871 2768 969 2807 Shem,

218 2816 323 2850 cham,
335 2817 368 2848 δε
378 2812 479 2861 raphet
489 2839 499 2855 ,
519 2813 576 2848 ubi
587 2827 656 2848 non
669 2816 859 2861 intelligitur
869 2818 967 2856 shem,

218 2862 272 2896 etsi
299 2861 378 2896 loco
394 2865 504 2911 primo
527 2875 669 2910 ponatur
690 2866 868 2898 maximum
889 2875 968 2898 natu

219 2909 308 2946 fuiffe
322 2912 465 2947 filiorum
485 2921 550 2948 ΝΜ
567 2938 576 2953 ,
600 2925 656 2948 aut
674 2926 715 2948 eo
735 2911 861 2960 praecise
879 2925 967 2948 anno

221 2971 409 3005 generatum
423 2987 432 2999 ‚
458 2962 510 2997 std
530 2970 625 2998 Noam
643 2976 684 2998 eo
709 2975 796 2998 anno
814 2975 966 3011 generare

220 3009 346 3055 coepisse
357 3023 420 3047 tres
432 3015 504 3047 suos
514 3011 753 3061 filios‚qu0rum
764 3012 965 3061 dignissimus

218 3055 281 3090 fuit
299 3061 396 3099 Shem,
411 3063 487 3096 licet
503 3075 590 3096 anno
606 3075 670 3097 uno
681 3074 734 3097 aut
747 3063 882 3096 duobus
891 3063 964 3109 post

217 3106 367 3152 lszplietum
391 3114 553 3155 majorem
578 3115 712 3161 genitus
730 3138 740 3154 ‚
768 3114 814 3146 ita
832 3116 963 3148 Tharam

218 3167 307 3190 anno
322 3154 561 3207 septuagesimo
581 3175 737 3211 generare
748 3161 880 3212 coepisse
898 3174 963 3198 tres

1340 85 1519 125 L113.1.
1722 102 1762 139 31

1016 152 1091 189 suos
1107 153 1192 189 filios
1203 179 1212 191 ‚
1228 169 1371 203 quorum
1385 161 1534 195 Abrabam
1546 159 1766 209 dignissimus,

1018 205 1162 250 ideoque
1173 205 1283 252 primo
1299 207 1376 240 loco
1389 209 1512 255 positus
1533 236 1543 251 ‚
1568 222 1636 244 non
1655 224 1766 247 tamen

1019 254 1128 300 primo
1147 256 1279 301 genitus
1291 280 1299 292 ‚
1317 268 1393 288 nam
1408 264 1512 293 Haran
1524 268 1598 295 Sara
1608 258 1767 307 paterne-

1020 302 1153 338 ccssario
1164 303 1225 338 fuit
1235 316 1277 337 eo
1291 302 1398 338 senior
1412 329 1422 345 ,
1442 319 1516 340 cum
1529 315 1604 343 Sara
1616 315 1685 355 ejus
1696 310 1765 345 filia

1021 353 1183 387 «abrahamo
1214 352 1332 388 decem
1353 353 1482 388 tantum
1502 360 1594 391 annis
1618 358 1693 394 esset
1708 363 1766 405 ju-
1797 371 1800 374 ⁴

1021 403 1096 434 nior
1107 427 1116 442 ,
1138 400 1159 434 si
1172 407 1293 437 Harane
1306 402 1413 437 senior
1422 401 1530 438 fuisset
1540 407 1687 443 Abraham
1697 434 1706 448 ‚
1726 422 1767 442 0-

1020 451 1572 500 portuitHaranemgenuisseSaram
1590 454 1642 489 seu
1661 459 1764 503 iescam

1021 511 1110 533 anno
1123 499 1180 534 suo
1193 502 1317 535 οᾶεινο
1331 501 1372 535 ad
1386 499 1551 536 summurn
1564 508 1768 552 nono‚quod

1021 549 1190 584 absurdius
1207 549 1250 584 est
1269 549 1366 598 quam
1379 563 1414 585 ut
1425 551 1628 600 <iquoquam
1645 555 1770 589 admit-

1022 609 1120 634 tatur.
1144 599 1280 647 Replica
1290 612 1313 634 1.
1334 599 1419 634 male
1431 601 1641 638 ramicum&
1654 602 1770 650 sequa·

1022 659 1073 681 ces
1087 650 1232 697 augustini
1240 648 1432 684 sententiam
1443 649 1560 686 referre
1571 678 1581 693 ,
1596 664 1768 699 nunquam

1022 698 1111 736 ‚enim
1122 700 1147 730 is
1157 695 1326 734 affirmavit
1337 701 1535 736 Abrabamum
1549 713 1662 735 natum
1677 714 1768 738 anno

1021 746 1118 794 patris
1131 745 1314 781 centefimo
1325 748 1489 784 tricesimo
1501 776 1511 791 ,
1531 750 1584 785 sed
1593 748 1712 799 saepius
1723 750 1770 786 se-

1024 794 1229 842 ptuagefimo
1244 822 1254 838 ,
1272 808 1341 830 turn
1355 801 1435 834 loco
1448 801 1564 842 citato,
1574 811 1645 835 tum
1657 799 1717 835 lib.
1728 803 1767 836 de

1021 845 1166 879 Civitate
1178 847 1313 880 Dei26.
1328 846 1347 881 a
1366 849 1468 895 capite
1491 862 1544 884 12.
1562 850 1606 884 ad
1628 863 1682 895 17.
1709 850 1771 885 ubi

1018 891 1120 927 fufius
1131 906 1204 926 eam
1215 896 1430 940 quaestionem
1440 900 1576 938 tractat,
1596 910 1666 933 tum
1679 899 1768 934 alibi.

1021 941 1136 975 Habet
1157 944 1294 988 quidem
1320 947 1420 978 varias
1433 945 1613 982 solutiones
1629 947 1771 983 aliorum

1019 991 1183 1037 praesentis
1197 990 1301 1031 dubii,
1311 995 1344 1026 &
1358 991 1425 1026 haec
1435 993 1453 1027 εὶ
1463 994 1600 1031 ΤόνηὶεΙΙο
1615 998 1712 1032 allata
1723 998 1771 1032 est

1019 1051 1131 1073 earum
1142 1052 1208 1074 una
1219 1066 1229 1081 ,
1251 1039 1304 1075 sed
1325 1053 1392 1075 non
1403 1045 1509 1090 magis
1521 1056 1557 1076 ea
1569 1046 1614 1078 est
1628 1048 1771 1093 Augustini

1017 1086 1177 1123 sententia
1188 1089 1289 1136 quam
1302 1088 1424 1125 solutio
1435 1092 1623 1140 praecedens
1632 1093 1773 1130 secunda

1015 1136 1211 1183 Judaeorum
1224 1143 1442 1190 &Hieronymi.
1479 1141 1581 1176 Certe
1606 1141 1771 1190 nusquam

1019 1188 1192 1235 Augustinus
1201 1201 1274 1223 eam
1283 1192 1448 1238 amplexus
1460 1191 1517 1233 est,
1527 1190 1605 1226 licet
1615 1204 1680 1226 non
1693 1205 1774 1227 con-

1018 1237 1234 1272 temnendam
1245 1237 1359 1273 afferat
1370 1264 1379 1279 ,
1399 1238 1496 1288 ipsius
1509 1240 1587 1275 vero
1602 1240 1771 1286 responsio

1018 1288 1050 1319 in
1064 1299 1130 1332 qua
1142 1287 1320 1333 acquiescit
1333 1314 1343 1329 ‚
1361 1288 1451 1335 aqua
1463 1291 1596 1338 incipit,
1615 1292 1695 1326 &in
1706 1305 1774 1340 qua

1018 1335 1145 1378 definit,
1157 1336 1233 1372 loco
1252 1340 1357 1373 citato
1369 1340 1414 1373 est
1427 1341 1658 1388 recapitulatio
1676 1366 1686 1382 ‚
1714 1354 1774 1389 per

1018 1397 1127 1432 quamv
1139 1386 1287 1422 defendit
1313 1387 1393 1423 duas
1413 1390 1573 1424 Abrahami
1591 1389 1775 1436 profectio-

1019 1447 1075 1468 nes
1086 1436 1120 1468 in
1132 1436 1336 1474 Cananaeam
1345 1463 1354 1479 ,
1366 1440 1516 1486 priorem
1527 1451 1616 1473 anno
1627 1442 1700 1474 vitae
1712 1439 1773 1474 suae
1799 1468 1804 1474 .

1016 1481 1258 1532 septuagesimo
1276 1488 1398 1533 quinto
1417 1499 1494 1523 ante
1504 1500 1647 1523 mortem
1659 1491 1776 1538 patris,

1018 1534 1238 1580 posteriorem
1251 1548 1341 1570 anno
1355 1538 1428 1572 vitae
1447 1537 1507 1572 suae
1519 1537 1702 1573 centesimo
1713 1541 1775 1573 tri-

1018 1582 1142 1617 cefimo
1152 1586 1273 1631 quinto
1284 1584 1356 1631 post
1369 1589 1469 1634 patris
1480 1599 1637 1622 mortem.

1069 1632 1237 1669 Secundo.
1265 1636 1299 1669 Si
1318 1635 1489 1670 Geneseos
1501 1638 1670 1671 undecimi
1683 1638 1773 1684 vige-

1018 1681 1118 1717 simus
1139 1681 1245 1717 sextus
1269 1683 1443 1731 parallelus
1462 1683 1501 1719 sit
1519 1688 1627 1733 quinti
1647 1686 1774 1734 trigesi-

1018 1745 1076 1766 mo
1093 1731 1261 1774 secundo,
1284 1731 1439 1767 confecta
1455 1745 1517 1780 pro
1531 1735 1631 1770 nobis
1651 1749 1701 1770 res
1713 1735 1770 1776 est,

1018 1794 1096 1817 narn
1112 1782 1362 1817 Torniellusanno
1380 1781 1441 1817 suo
1455 1782 1631 1818 millesimo
1640 1783 1772 1818 sexcen-

1016 1830 1134 1866 tesimo
1155 1830 1432 1879 quinquagesimo
1445 1845 1539 1867 nono
1557 1832 1700 1881 expresse*
1714 1834 1771 1868 de-

1016 1880 1116 1915 clarat
1136 1879 1210 1926 post
1231 1881 1548 1926 Cajetanum&alios
1568 1907 1578 1921 ‚
1605 1883 1771 1930 Augustini,

1015 1929 1173 1976 suamque
1183 1941 1330 1965 mentem
1341 1928 1403 1964 esse
1415 1929 1553 1967 Shemum
1566 1939 1630 1967 Noae
1639 1934 1771 1980 prirno-

1015 1980 1166 2026 genitum
1177 1976 1437 2026 fuiffe‚adeoque
1447 1984 1480 2015 &
1490 1979 1691 2016 Abrahamum
1702 1983 1770 2028 pri·

1017 2030 1224 2076 mogenitum
1246 2027 1307 2064 esse
1322 2040 1458 2077 oportet
1474 2028 1655 2065 secundum
1671 2030 1769 2065 istum

1016 2075 1285 2126 parallelismum.

1068 2124 1196 2162 Tertio.
1222 2126 1331 2175 Qod
1348 2125 1549 2163 Abrahamum
1564 2139 1644 2163 natu
1656 2130 1768 2163 mino-

1017 2190 1084 2212 rem
1094 2176 1371 2217 Haranisvolunt,
1388 2189 1430 2211 eo
1443 2175 1539 2224 quod
1556 2184 1682 2213 Haranis
1699 2177 1768 2212 filia.

1016 2227 1090 2273 lesca
1101 2226 1199 2261 fuerit
1214 2227 1370 2261 abrahami
1382 2239 1462 2261 uxor
1471 2234 1560 2268 Sara,
1570 2227 1638 2274 ipso
1651 2228 1769 2262 decem

1019 2274 1149 2310 tantum
1171 2277 1262 2310 annis
1281 2277 1409 2313 minor,
1428 2287 1514 2311 caret
1531 2274 1771 2317 fundamento,

1021 2338 1096 2360 nam
1108 2336 1144 2360 ut
1156 2324 1303 2360 ostendit
1316 2323 1439 2371 Jesuita
1458 2330 1584 2375 Coquaeus
1595 2326 1638 2361 ad
1650 2327 1769 2374 August.

1021 2387 1183 2423 caput19.
1202 2373 1259 2409 lib.
1272 2381 1327 2409 16'.
1345 2375 1386 2409 de
1405 2375 1552 2409 Civitate
1571 2377 1656 2417 Dei,
1674 2377 1770 2409 multi

1021 2435 1086 2458 tarn
1097 2435 1223 2459 veteres
1239 2422 1337 2470 quarn
1355 2426 1558 2458 recentiores
1579 2427 1612 2458 in
1629 2426 1687 2459 alia
1699 2423 1770 2458 sunt

1018 2473 1179 2508 sententia
1199 2477 1233 2508 &
1252 2485 1424 2520 utcunque
1451 2475 1579 2508 varient
1598 2473 1648 2507 hic
1663 2473 1770 2514 docti,

1020 2525 1186 2569 Scriptura
1197 2533 1307 2566 tame-n
1319 2523 1363 2556 est
1379 2522 1462 2556 clara
1476 2521 1653 2556 Geneszo.
1669 2534 1699 2554 v.
1717 2534 1768 2556 12.

1018 2577 1117 2604 Saram
1129 2569 1219 2605 fuisse
1231 2569 1332 2603 filiam
1347 2582 1417 2602 non
1433 2570 1540 2604 fratris
1551 2575 1680 2604 Harantk
1691 2595 1701 2610 ‚
1715 2568 1768 2606 sed

1019 2621 1118 2665 patris
1134 2620 1231 2652 Tharae
1253 2643 1263 2658 ,
1294 2622 1329 2652 &
1346 2630 1387 2651 ne
1401 2620 1452 2652 cui
1467 2629 1592 2665 pateret
1610 2618 1765 2653 elabendi

1017 2670 1100 2700 rima
1112 2667 1314 2714 exponendo
1327 2666 1428 2700 filiam
1442 2668 1480 2701 de
1493 2667 1673 2715 propinquz‘i
1683 2693 1694 2709 ‚
1712 2672 1767 2704 vel

1017 2728 1117 2765 nepte
1133 2740 1143 2756 ,
1161 2716 1272 2750 addita
1285 2717 1329 2750 est
1342 2715 1482 2751 clausula
1498 2723 1567 2759 (non
1577 2719 1676 2752 matris
1687 2722 1766 2761 meae)

1016 2767 1057 2800 ad
1078 2764 1320 2813 expositionem
1339 2779 1472 2800 omnem
1493 2765 1680 2810 hujusmodi
1707 2766 1768 2801 eli·
1792 2796 1795 2799 .

1016 2815 1173 2849 dendam.
1218 2814 1330 2861 Qod
1349 2815 1514 2862 objiciunt
1537 2815 1706 2851 Pontificii
1725 2816 1767 2851 de

1014 2864 1111 2899 licitis
1136 2865 1262 2911 nuptiis
1286 2877 1361 2899 cum
1380 2865 1510 2899 filiabus
1528 2863 1637 2899 fratris
1657 2891 1667 2906 ,
1695 2865 1764 2898 no'n

1014 2925 1090 2947 cum
1102 2912 1230 2948 filiabus
1239 2917 1338 2961 patris
1349 2927 1486 2949 aureum
1497 2914 1661 2949 sororibus
1671 2940 1680 2955 ,
1696 2915 1764 2948 hoc

1012 2963 1138 2998 faciunt
1149 2964 1186 2997 ad
1199 2965 1388 2999 excusandas
1402 2965 1493 3011 Papae
1506 2962 1762 3012 dispensationes

1012 3013 1054 3047 de
1075 3013 1201 3047 incestis
1221 3015 1342 3060 nuptiis
1363 3015 1547 3062 Principum
1570 3039 1579 3054 ‚
1605 3025 1761 3061 tempore

1010 3062 1148 3109 quidem
1175 3064 1333 3098 Abrahamz‘
1358 3064 1404 3097 lex
1434 3063 1476 3098 de
1505 3061 1760 3098 conditionibus

1011 3115 1198 3161 nuptiarum
1220 3125 1289 3146 non
1303 3124 1368 3147 erat
1383 3115 1448 3147 lata
1468 3139 1478 3155 ,
1500 3114 1552 3149 sed
1571 3113 1641 3161 post
1660 3112 1759 3159 Mosen

1010 3164 1132 3212 nuptiae
1142 3174 1210 3197 tam
1222 3175 1296 3198 cuni
1308 3163 1465 3211 neptibus
1475 3163 1573 3212 quam
1592 3162 1760 3199 sororibus

1650 3221 1762 3246 vetitae
