2048 3343
516 103 956 142 Enxsromc

201 179 409 225 Nequaquam
430 188 506 224 ergo
525 174 656 224 quaestio
669 174 708 209 dc
721 174 962 223 praedestinatio-

200 240 241 262 ne
252 227 270 261 a
281 226 420 261 Patribus
434 239 475 260 eo
487 226 561 260 loco
569 224 613 259 est
625 224 739 264 habita,
748 237 815 272 quo
828 223 886 259 tibi
896 223 960 266 Vos-

196 277 254 322 fius
267 281 298 312 &
310 276 480 325 Spalatenfis
495 275 606 310 vellent
618 272 808 321 persuadere.

32 326 182 371 Arm-'nimii
250 328 285 360 In
304 325 432 360 clausula
450 323 548 358 afferis
567 334 730 369 utramque
744 331 862 368 partem
882 332 961 354 con-

27 365 89 411 s¹‘.”²
100 375 186 410 ¹²¹¹.'²’¹·
202 376 331 410 cordem
343 376 374 408 in
387 373 516 408 articulo
529 370 704 419 principali,
726 369 814 418 quod
828 381 883 416 per
895 369 961 402 Dei

32 414 152 473 {fam
202 425 328 472 gratiam
342 423 377 457 ad
391 422 521 470 gloriam
534 418 750 456 &felicitatem
763 419 961 457 adducimur,

85 466 91 472 ’
200 473 313 522 absque
320 475 368 517 cuj
373 485 405 506 us
412 473 507 520 gratia
515 483 579 505 non
586 468 743 518 possumus
750 467 864 509 salvari,
874 467 961 516 quod

198 535 236 557 ex
249 523 342 558 nobis
355 522 423 569 ipsis
438 532 589 569 quatenus
602 532 637 553 ex
651 519 744 553 nobis
758 518 827 566 ipsis
847 518 960 566 nequi-

195 585 265 607 mus
281 572 418 620 cogitare
432 571 552 605 bonum
568 570 740 617 cogitatum
753 593 764 609 ‚
787 568 874 616 quod
888 568 960 603 curn

193 620 358 657 fecerimus
372 622 477 655 omnia
490 633 556 667 qua:
570 618 668 653 facere
676 617 850 666 possumus,
865 618 958 652 inuti-

192 671 236 706 les
250 671 323 707 servi
336 670 447 705 sumus.
474 670 639 704 Primarius
651 668 702 703 hic
711 666 755 703 est
768 667 800 702 in
811 667 868 701 hac
876 680 958 715 quae-

192 721 294 756 stione
308 721 450 755 articulus
465 721 496 754 in
504 719 633 765 publicis
643 717 850 752 concionibus
859 721 890 752 &
899 717 958 764 pri-

193 773 266 808 vatis
274 771 440 818 colloquiis
449 769 636 809 tractandus,
645 766 694 802 sed
704 768 766 801 aliae
777 764 890 801 miserae
898 764 959 800 dis-

193 823 368 870 putationes
383 819 448 853 sunt
461 831 559 858 vanae,
588 818 722 852 excitatae
735 816 751 851 a
764 817 908 850 Diabolo
921 817 957 851 ad

195 871 377 906 turbandam
386 867 528 903 Ecclefiae
541 880 660 915 pacem.
691 869 784 914 Resp.
797 867 908 900 Fateor
921 879 955 900 u-

192 932 334 968 tramque
343 931 461 966 partem
469 920 500 952 in
508 917 632 952 materia
640 918 742 965 gratiae
751 916 953 955 concordem,

193 969 244 1005 sed
257 983 321 1004 non
335 971 419 1003 aliter
433 969 526 1016 quam
543 967 746 1016 eAugustinus
761 970 792 1001 &
812 967 956 1014 Pelagius

193 1021 226 1054 in
239 1021 347 1055 efidem
361 1019 483 1053 matetifi
490 1018 592 1066 gratiae
600 1016 849 1056 concordabant,
863 1016 956 1049 nimi-

193 1083 262 1105 rum
276 1070 307 1104 in
322 1069 420 1104 verbis
436 1066 628 1115 generalibus
638 1091 648 1106 ,
664 1070 695 1101 &
710 1065 862 1113 ambiguis
877 1079 886 1106 ;
907 1063 955 1099 sed

193 1120 266 1155 curn
282 1130 406 1153 ventum
421 1117 492 1152 effer
505 1117 541 1151 ad
555 1117 722 1151 verborum
736 1114 868 1154 sensum,
881 1126 954 1161 pro-

193 1170 243 1204 cul
260 1167 359 1203 abfuit
373 1168 475 1201 omnis
487 1167 667 1201 concordia.
700 1164 954 1210 Nisijampraece-

192 1219 284 1254 dente
296 1219 402 1253 labore
416 1215 572 1263 fatigarer,
587 1215 782 1249 ostenderem
795 1211 954 1260 quousque

192 1271 238 1304 tui
250 1269 340 1303 amici
353 1280 424 1302 cum
437 1267 551 1315 Peligna
560 1266 661 1300 tamin
673 1263 773 1298 verbis
787 1275 879 1310 quam
887 1260 954 1295 sen-

192 1318 224 1353 su
237 1319 382 1352 inimicos
397 1314 424 1350 se
436 1318 537 1364 gratim
551 1316 615 1349 Dei
629 1313 841 1348 ostenderent,
864 1309 913 1346 sed
927 1312 951 1344 i-

192 1368 243 1402 sto
256 1364 364 1402 labore
377 1367 408 1400 in
423 1364 578 1412 praesentiri
591 1361 810 1410 supersedebo:
834 1372 953 1395 tantum

193 1431 275 1453 nunc
282 1415 404 1450 affirmo
413 1413 572 1461 epistolam
585 1412 662 1446 hanc
670 1423 753 1446 tuam
762 1409 954 1446 demonstra-

192 1482 225 1503 re
239 1465 321 1514 ipsos
334 1465 466 1507 omnino
481 1463 632 1508 denegare
645 1474 711 1495 eam
723 1462 850 1508 gratiam
864 1473 955 1508 quam

192 1516 329 1566 ipsorum
342 1512 499 1548 adversarii
513 1511 694 1545 arbitrantur
707 1512 836 1556 primam
850 1514 880 1545 &
895 1510 958 1556 pri-

196 1567 341 1604 mariam,
362 1566 393 1597 &
407 1563 533 1597 aliarum
548 1561 690 1595 omnium
705 1558 826 1594 fontem
842 1564 872 1597 &
889 1557 956 1593 fun-

198 1618 378 1653 damentum
391 1637 399 1650 ‚
426 1612 573 1646 nimirum
587 1611 652 1644 Dei
669 1621 812 1645 aeternam
825 1610 958 1644 elefflo-

197 1679 270 1702 nem
284 1665 320 1699 ad
333 1663 427 1697 fidem
443 1668 472 1698 δι
487 1659 737 1709 perseverantiam
754 1674 762 1694 :
789 1660 957 1708 quinetiam

197 1727 264 1752 tute
276 1712 399 1749 attulisti
411 1722 588 1761 argumenta
601 1714 632 1744 &
644 1709 822 1745 testimonia
834 1711 870 1745 ad
883 1723 956 1758 pro-

199 1765 332 1802 bandam
345 1775 411 1797 non
422 1762 542 1798 tanturn
553 1760 689 1796 nostram
701 1758 842 1802 salutem,
862 1758 911 1795 sed
923 1773 956 1794 e-

200 1817 275 1852 tiam
287 1816 354 1851 Dei
365 1815 444 1849 circa
453 1811 546 1862 ipsam
558 1812 717 1848 decretum
730 1809 788 1846 effe
802 1824 838 1847 ex
852 1810 958 1859 operi-

984 101 1503 143 ACOLLA'rxo.
1716 119 1764 158 ¹5¹

998 173 1072 215 bus,
1086 175 1188 223 quod,
1206 173 1227 208 si
1240 176 1336 209 Paulo
1344 177 1460 216 credis,
1477 175 1522 211 cst
1535 187 1645 223 negare
1657 176 1710 212 ista
1718 178 1763 213 es·

999 221 1027 258 se
1040 237 1076 258 ex
1089 224 1202 271 gratia,
1215 228 1247 266 βε
1259 223 1359 259 facere
1372 236 1404 260 ut
1415 227 1510 273 gratia
1524 237 1589 259 non
1603 225 1638 260 sit
1649 229 1758 275 gratia.

999 273 1199 308 Testimonia
1218 274 1310 307 etiarn
1328 275 1453 308 attulisti
1474 286 1507 310 ut
1529 275 1676 321 probares
1701 290 1760 312 nos

998 323 1109 356 mereri
1116 335 1181 357 non
1188 321 1307 357 tantum
1313 323 1443 370 gloriam
1452 349 1461 363 ,
1475 322 1523 359 sed
1532 325 1623 358 etiam
1631 326 1763 361 electio-

998 382 1071 404 nem
1077 371 1115 451 pld
1129 372 1260 419 gloriam
1268 396 1278 412 ‚
1292 383 1449 421 utcunque
1458 386 1516 408 nos
1525 373 1646 409 inutiles
1655 374 1757 410 servos

999 430 1075 466 appe
1099 432 1142 453 es.

1040 466 1209 502 Confiteor
1217 471 1356 505 Satanam
1364 468 1581 518 disputationes
1587 471 1674 507 hasce
1681 470 1756 508 sem-
1777 476 1835 515 Qz·
1850 478 1907 512 fimt

999 529 1053 564 per
1070 518 1102 551 in
1116 517 1283 552 Ecclesiam
1298 517 1568 561 subintroduxiffe,
1594 533 1627 556 ut
1644 535 1756 556 omnes
1777 519 1888 545 austeres

998 567 1074 602 alios
1087 580 1207 602 errores
1219 571 1251 603 &
1265 566 1418 602 schismata
1427 593 1437 609 ,
1455 568 1504 605 sed
1517 583 1597 618 quos
1612 571 1663 606 hic
1675 570 1757 606 affir,
1771 557 1895 624 siczsma-

997 617 1150 652 mabimus
1160 620 1275 652 Satanae
1288 616 1505 653 instrumenta?
1529 619 1662 656 Ecclesia
1675 621 1757 656 vive-

997 668 1048 701 bat
1061 668 1091 701 in
1099 680 1172 714 pace
1179 692 1189 708 ,
1202 671 1233 702 &
1247 665 1332 702 hasce
1340 667 1524 716 quaestiones
1531 669 1693 716 ignorabat
1700 670 1756 705 do-

996 729 1055 751 nec
1068 718 1202 766 Pelagius
1215 716 1299 751 suum
1313 717 1344 751 in
1359 730 1434 765 agro
1449 719 1705 753 Dominilolium
1712 719 1755 754 se-

996 765 1144 802 minasset.
1166 768 1253 801 Num
1261 766 1441 816 Augustinus
1449 767 1550 802 homo
1557 779 1620 803 erat
1626 780 1756 803 conten-

995 814 1088 850 tiosus
1096 816 1372 852 &instrumentum
1380 819 1493 852 Satanae
1505 817 1549 852 ob
1563 817 1644 853 suam
1652 819 1683 852 in
1691 817 1754 854 hoc

994 866 1071 900 lolio
1079 866 1261 900 eradicando
1269 867 1473 913 diligentiam?
1481 869 1512 901 in
1520 866 1683 903 Hellandid
1689 868 1755 902 nul-

992 916 1019 948 la
1033 926 1096 950 erat
1109 916 1146 950 de
1159 915 1215 950 hac
1228 929 1260 950 re
1273 916 1479 952 controverfia
1493 942 1503 958 ,
1529 917 1631 952 donec
1643 920 1757 951 Armi-

993 967 1060 998 nim
1071 965 1213 1014 Lugduni
1226 966 1241 999 :i
1255 967 1343 1009 Lffo
1356 969 1504 1007 Lwam'i,
1520 968 1550 1002 δι
1559 967 1622 1001 aliis
1631 966 1754 1014 Jesuitis

994 1013 1041 1048 sua
1055 1015 1199 1062 dogmata
1212 1014 1392 1056 mutuasset,
1407 1021 1438 1051 &
1452 1027 1616 1064 antequam
1625 1018 1754 1053 Mon-

993 1069 1125 1099 meusim
1144 1065 1182 1099 de
1195 1065 1396 1100 heterodoxis
1411 1065 1471 1100 suis
1481 1064 1597 1113 scriptis
1609 1063 1754 1113 appellas-

993 1113 1035 1148 set
1047 1112 1216 1154 Caesarem,
1230 1115 1263 1148 in
1277 1115 1392 1163 Angli&
1404 1116 1501 1150 nullus
1514 1116 1545 1149 in
1559 1115 1615 1150 hac
1626 1126 1756 1150 contro-

992 1162 1086 1198 verfia
1104 1175 1208 1198 motus
1227 1163 1303 1198 fuit:
1330 1170 1361 1199 &
1380 1165 1478 1200 adhuc
1495 1166 1527 1199 in
1545 1164 1682 1201 Ecclesia
1693 1177 1755 1198 no-

992 1212 1053 1248 stra
1064 1213 1220 1246 Scoticand
1233 1213 1271 1248 de
1283 1212 1364 1248 hisce
1379 1215 1484 1249 litibus
1494 1214 1550 1261 pax
1562 1213 1606 1248 est
1619 1239 1629 1254 ‚
1655 1213 1710 1248 nifi
1722 1214 1754 1248 in

992 1274 1142 1310 quantum
1173 1275 1272 1310 nuper
1297 1276 1373 1297 unus
1397 1275 1448 1299 aut
1471 1264 1547 1298 alter
1566 1261 1682 1298 summa
1706 1274 1754 1297 te-

991 1313 1131 1346 meritate
1157 1311 1244 1346 suum
1268 1312 1428 1348 dissensum
1451 1313 1468 1348 a
1491 1315 1616 1359 recepta
1634 1313 1754 1347 doctri-

991 1362 1029 1396 nfi
1042 1361 1243 1409 praedicfirunt
1255 1386 1264 1401 ,
1284 1375 1352 1409 quae
1365 1363 1381 1397 a
1393 1363 1587 1410 temporibus
1601 1360 1754 1397 reforma-

991 1413 1085 1446 tionis
1099 1424 1260 1459 nunquam
1270 1413 1350 1449 inter
1362 1425 1420 1447 nos
1433 1413 1465 1446 in
1478 1411 1685 1460 quaestionem
1699 1425 1755 1448 vo-

992 1473 1056 1496 cata
1069 1460 1123 1495 est.
1279 1462 1281 1465 ⁴

1039 1510 1148 1545 Habes
1160 1512 1220 1555 jam
1234 1520 1371 1546 mentem
1384 1523 1485 1545 meam
1503 1509 1562 1545 tibi
1575 1511 1755 1544 communi-

993 1571 1092 1595 catam
1102 1561 1186 1596 tanta
1193 1573 1278 1608 pace,
1302 1559 1472 1600 modestia,
1485 1573 1518 1595 ac
1526 1560 1649 1594 lenitate
1657 1559 1752 1607 quam

976 1639 978 1668 i
992 1621 1114 1659 poteras
1128 1607 1262 1657 optasse,
1277 1613 1405 1646 cautere
1413 1635 1422 1651 ‚
1436 1620 1530 1657 prout
1537 1610 1697 1643 Dominus
1707 1610 1753 1643 di-

993 1662 1079 1709 riget.
1112 1659 1205 1695 Vale:
1220 1662 1310 1695 Deus
1322 1662 1444 1709 utrique
1455 1659 1528 1695 adsit
1540 1659 1704 1707 propitius,
1718 1662 1752 1694 &

992 1722 1157 1758 utrumque
1169 1721 1315 1758 praeparet
1326 1736 1336 1752 ,
1362 1722 1395 1745 ut
1407 1721 1603 1758 appareamus
1616 1719 1685 1743 ante
1697 1709 1753 1743 tri-

993 1761 1085 1795 bunal
1092 1763 1119 1806 ej
1124 1773 1169 1800 us,
1181 1761 1236 1808 qui
1243 1761 1282 1795 ab
1290 1772 1424 1809 utroque
1430 1771 1493 1796 tam
1500 1759 1650 1795 doetrinae
1658 1758 1752 1807 quam

990 1810 1146 1847 factorum
1158 1810 1312 1847 rationem
1322 1812 1433 1860 exiget.

1424 3096 1753 3143 INDEX
