2048 3343
522 169 1013 210 EP'ISTOLICA
1071 170 1492 213 COLLArlo.

217 239 363 324 affigi?
381 240 477 275 Rom.
492 242 521 276 8.
537 254 563 275 2.
579 253 628 287 30.
650 245 728 276 Item
740 241 777 276 ad
787 242 886 276 Rom.
892 254 926 283 9.
946 244 979 275 &

217 301 233 323 a
298 303 316 336 p
341 315 349 324 .
362 302 387 324 1.

53 347 160 386 Qum
268 342 406 388 Qartus
415 352 500 373 meus
510 340 597 373 locus
606 338 650 374 est
661 339 698 373 ad
707 340 805 373 Rom.
812 352 846 382 9.
853 350 891 372 11.
900 329 976 371 C>am

52 397 84 414 ‘x
90 386 192 424 epistola}
216 391 295 421 enim
307 388 437 430 nondum
449 392 514 421 nati
523 387 605 431 efflnt
616 412 626 426 ,
651 398 706 420 aut
719 387 852 420 nondum
861 387 980 433 aliquid

51 428 162 455 adRom.

215 436 284 470 boni
294 436 409 486 egtffint
420 448 474 470 aut
485 438 561 469 mali
581 439 599 480 (
612 447 645 470 ut
662 435 828 485 secundum
845 436 977 471 eleffio-

214 499 286 520 nem
300 485 491 534 propositum
508 487 572 521 Dei
587 498 723 520 maneret
740 499 805 521 non
820 498 856 520 ex
870 486 976 532 operi-

214 536 289 575 bus,
303 533 353 569 sed
366 538 511 581 vocante)
527 536 602 569 dixit
615 538 716 579 major
728 533 833 571 serviet
847 535 974 576 minori3

214 585 264 619 hic
272 585 372 632 divine
380 585 540 619 eleetionis
549 584 743 633 propositum
750 585 786 620 ad
794 585 894 619 solum
903 596 974 619 eum

216 632 346 670 refertur
359 635 412 682 qui
428 635 459 668 in
468 646 609 682 tempore
623 645 784 670 vocaturus
797 633 867 674 fuit,
879 638 974 669 &ne-

217 696 304 732 gatur
317 684 354 717 de
365 684 512 731 operibus
525 698 558 719 ac
571 685 609 718 de
619 684 808 732 quocunque
821 685 854 718 in
870 681 973 731 perso·

216 735 263 767 nis
277 734 399 768 elestis:
414 747 483 768 nam
492 733 535 767 est
544 734 628 767 a&us
641 734 708 768 Dei
723 732 907 769 antecedens
915 732 972 766 ho-

216 784 316 817 mines
326 794 412 817 natos
420 808 429 822 ‚
441 782 820 830 &absquerespcdtuadea
827 795 894 830 quae
902 781 974 829 post

216 830 350 879 ipsorum
358 833 526 866 nativitates
537 834 566 866 in
573 832 641 879 ipiis
650 834 778 867 extitura
787 843 881 867 eraut.
888 831 973 866 Mul-

215 884 369 918 tae‘contra
382 881 463 916 hunc
470 882 573 916 locum
581 882 750 916 multorum
759 882 955 929 exceptiones
963 905 972 920 ,

215 944 252 966 ex
265 932 299 964 iis
314 944 380 978 quae
392 931 449 965 tibi
468 932 600 967 maxime
612 932 744 979 placebit
759 929 881 970 nescio,
895 929 972 965 mihi

214 981 341 1028 quidem
353 980 475 1014 istarum
489 981 568 1015 nulla
576 994 710 1028 unquam
723 981 863 1016 allubuit.
876 982 906 1015 Si
917 992 972 1014 ne-

214 1043 299 1077 gares
313 1031 377 1064 Dei
393 1030 585 1077 propositum
598 1031 648 1065 hic
662 1031 758 1078 accipi
772 1031 810 1064 de
823 1030 974 1065 aeternie-

213 1080 351 1114 leftione
363 1104 371 1119 ‚
389 1079 446 1114 tibi
460 1081 703 1115 contradicentes
716 1079 843 1114 haberes
856 1080 973 1114 multos

213 1142 279 1163 non
291 1129 412 1163 tantum
426 1130 624 1177 antiquorum
644 1133 766 1165 Patrum
783 1154 793 1169 ‚
821 1128 870 1163 sed
882 1129 972 1162 etiam

214 1191 341 1218 eorum,
362 1180 415 1226 qui
423 1179 527 1213 locum
544 1178 626 1214 hunc
644 1178 776 1214 maxime
788 1179 951 1226 depravant
966 1191 976 1218 ;

213 1228 355 1276 intelligo
376 1229 530 1277 Pelagium
544 1253 554 1268 ‚
578 1233 611 1263 &
629 1229 743 1263 multos
763 1229 972 1261 recentiorum

212 1290 353 1324 quoque.
378 1279 432 1312 De
445 1281 588 1311 Arminio
602 1282 633 1314 &
646 1275 770 1311 Moltnd
786 1275 850 1311 sum
860 1287 970 1311 certus.

211 1325 276 1374 lpse
288 1338 387 1361 textus
401 1340 455 1374 per
468 1326 495 1360 se
509 1325 575 1361 satis
589 1329 684 1362 clarus
695 1326 739 1360 est
758 1341 765 1361 :
782 1326 872 1372 paulo
887 1327 971 1360 enim

211 1375 284 1424 post
307 1375 467 1423 proposito
486 1376 560 1410 huic
584 1377 746 1411 eleffionis
772 1375 971 1421 subjiciuntur

177 1441 189 1458 s
210 1427 293 1460 dona
305 1437 365 1458 tam
374 1426 475 1471 gratiae
483 1425 574 1471 quam
582 1425 700 1473 gloriar,
709 1438 777 1472 quae
784 1424 855 1459 inde
862 1425 971 1460 fluunt.

210 1472 386 1510 Miserebor
394 1476 482 1517 “cujus
492 1472 661 1509 miserebor
668 1499 678 1514 ,
692 1480 724 1510 &
732 1473 970 1510 misericordiam

210 1523 361 1572 praestabo
375 1523 422 1556 cui
439 1522 622 1560 miserebor,
647 1537 782 1571 quorum
795 1535 898 1559 autem
910 1525 968 1559 rni-

210 1573 304 1608 sertus
322 1584 383 1606 erat
396 1571 561 1606 secundum
574 1572 767 1619 propositum
788 1574 967 1615 ekfflonis,

211 1633 359 1659 vocantur
376 1620 440 1657 vasa
455 1620 668 1658 misericordiae
681 1634 842 1671 praeparata
853 1624 889 1659 ad
902 1624 968 1671 glo-

210 1684 298 1707 riam.

259 1728 291 1762 Si
304 1740 374 1762 cum
387 1728 682 1777 Spalateofidiceres;
695 1729 969 1779 operahicintellgi

209 1777 329 1813 tanturn
342 1788 375 1811 ut
388 1777 561 1818 existentia,
577 1777 626 1813 sed
639 1791 704 1813 non
718 1791 752 1814 ut
763 1777 863 1815 futura
875 1781 969 1815 adeo-

210 1840 272 1875 que
286 1839 351 1861 non
367 1838 398 1861 ut
410 1827 671 1874 praevisa‚doceret
683 1840 714 1864 te
725 1829 909 1879 Augustinus
916 1833 970 1866 Pe-

210 1879 364 1926 lagianum
385 1876 448 1911 hoc
466 1876 615 1925 effugium
630 1891 695 1913 non
708 1880 793 1926 poffe
805 1879 968 1915 confistere

209 1939 282 1961 curn
295 1936 379 1960 textu
400 1940 409 1967 ;
429 1939 499 1961 nam
512 1928 645 1962 omniuo
658 1941 808 1965 everteret
822 1928 968 1977 Apostoli

209 1988 435 2022 argumentum.
468 1977 517 2011 Sic
531 1978 714 2026 Augustinus
727 1991 835 2014 contra
847 1980 919 2014 duas
935 1993 968 2015 e-

209 2025 334 2072 pistolas
351 2027 588 2073 Pelagium-rum
607 2028 661 2062 lib.
675 2042 700 2062 2.
719 2042 781 2076 cap.
797 2036 829 2064 6.
850 2029 966 2065 Vesttae

209 2074 345 2121 caliginis
359 2075 481 2109 latebrae
494 2088 621 2123 propter
634 2079 719 2125 quod
733 2076 881 2126 profe&o
891 2079 967 2115 desi-

208 2124 279 2170 pitis
292 2124 345 2169 qui
358 2124 479 2158 dicente
486 2127 608 2161 veritate
616 2140 680 2161 non
689 2141 725 2161 ex
738 2129 886 2176 operibus
894 2154 903 2166 ‚
917 2127 967 2165 sed

208 2185 245 2206 ex
254 2183 397 2212 vocante,
411 2187 468 2207 vos
476 2175 576 2210 dicitis
584 2189 620 2210 ex
627 2174 737 2212 futuris
745 2179 891 2226 operibus
900 2193 967 2227 quae

208 2222 298 2255 Deus
307 2221 390 2255 illum
399 2220 550 2258 facturum
559 2225 616 2259 effe
623 2226 795 2273 praesciebat
808 2227 898 2276 Jacob
909 2228 967 2263 effe

208 2270 373 2310 dilectum,
387 2273 525 2318 atqucita
533 2276 743 2310 contradicitis
756 2277 915 2323 Apostolo
923 2279 967 2311 di-

209 2320 291 2353 centi
303 2331 369 2352 non
383 2333 419 2353 ex
432 2322 579 2365 operibus
587 2346 595 2357 ‚
608 2324 690 2368 quasi
701 2337 766 2358 non
777 2324 875 2370 poffet
886 2326 967 2359 dice-

209 2381 242 2402 re
254 2381 319 2402 non
334 2380 370 2401 ex
384 2367 579 2414 ptaesentibus
592 2371 755 2416 operibus,
770 2371 820 2406 sed
833 2385 868 2405 ex
883 2371 966 2406 futu-

209 2418 261 2452 ris.
288 2419 440 2465 Exceptio
454 2417 519 2451 haec
535 2418 703 2453 &Patribus
716 2421 810 2454 toties
826 2419 871 2454 est
890 2433 965 2454 con-

211 2467 325 2501 culcata
339 2470 369 2501 &
385 2468 529 2514 protrita,
554 2480 586 2502 ut
599 2481 665 2503 earn
678 2472 904 2519 Semipelagiani
919 2483 966 2505 re-

210 2517 351 2563 jecerint,
361 2520 391 2551 &
402 2517 438 2550 ad
451 2517 524 2550 illud
537 2529 750 2553 commentum
759 2519 967 2569 confugerint,

211 2566 298 2614 quod
311 2565 349 2599 ab
363 2565 430 2612 ipsis
439 2569 601 2601 Arminius
614 2569 774 2605 mutuavit,
790 2570 965 2604 conceden-

211 2627 256 2649 tes
269 2615 457 2649 electionem
472 2617 557 2650 nullo
570 2618 669 2652 modo
682 2617 739 2652 effe
753 2631 789 2652 ex
804 2619 966 2666 operibus,

211 2664 377 2699 afferentes
390 2677 492 2699 tamen
505 2666 563 2700 effe
575 2680 611 2700 ex
624 2666 697 2707 fide,
712 2667 803 2715 quasi,
811 2670 864 2717 qui
877 2681 965 2703 voca-

211 2725 257 2749 ret
267 2713 318 2747 hic
331 2715 544 2762 intelligendus
556 2715 626 2751 esset
634 2718 671 2751 de
684 2730 734 2753 eo,
743 2718 795 2765 qui
808 2731 862 2765 per
874 2718 968 2753 fidem

212 2764 322 2798 obedit
333 2765 408 2797 Deo
421 2766 554 2798 vocanti.
580 2766 683 2800 Etiam
695 2766 757 2801 hoc
764 2766 912 2816 effugium
923 2781 968 2802 re-

214 2813 264 2847 ἂέ
274 2813 356 2847 tollit
365 2813 487 2862 August.
497 2814 549 2847 ubi
558 2813 653 2861 suprci.
669 2816 821 2862 Nunquid
831 2819 965 2865 (inquit)

214 2863 288 2896 dixit
302 2874 366 2895 non
378 2876 414 2896 ex
427 2863 573 2910 operibus
588 2862 636 2898 scd
650 2877 685 2898 ex
699 2866 860 2905 credente,
881 2879 966 2913 pror-

215 2911 261 2946 sus
279 2913 369 2946 etiarn
382 2912 444 2946 hoc
457 2912 579 2947 abstulit
592 2913 713 2947 homini
723 2939 733 2954 ‚
753 2925 787 2949 ut
801 2926 903 2950 totum
916 2916 967 2950 da-

216 2973 262 2995 ret
271 2962 364 2996 Deo,
381 2963 456 2996 dixit
469 2975 562 3010 erge,
572 2962 620 2997 sed
633 2976 669 2997 ex
682 2975 811 2998 vocante
818 2978 883 2999 non
896 2978 967 3013 qua-

217 3023 339 3056 cunque
353 3013 528 3052 vocatione,
543 3011 590 3047 sed
603 3016 664 3060 qua
677 3015 840 3049 vocatione
854 3014 887 3049 fit
902 3028 967 3049 cre-

217 3061 303 3094 dens.

51 476 119 500 9-11·

7 2235 9 2251 l

4 3126 11 3151 κ
57 3124 157 3163 Quinta
166 3137 197 3153 ex
267 3121 404 3170 Qntus
417 3121 522 3156 noster
534 3121 619 3156 locus
631 3123 675 3157 est
689 3125 760 3158 Αξὶ.
775 3135 814 3169 13.
831 3125 888 3169 48.
902 3128 967 3157 Cre-

56 3168 137 3193 Affl’r·
148 3177 181 3202 15-
217 3170 355 3204 cliderunt
368 3180 509 3217 quotquot
527 3183 611 3204 eram
628 3173 758 3206 ordinati
768 3173 811 3206 ad
824 3176 924 3207 vitam
937 3186 966 3206 ιε-

215 3232 347 3259 te7·7z,zm;
364 3220 439 3253 fides
452 3219 501 3254 hic
513 3219 646 3268 sequitur
653 3223 783 3256 divinam
796 3223 967 3257 ordinatio-

214 3281 285 3304 nem
294 3270 330 3305 ad
339 3270 428 3306 vitam
437 3270 757 3307 aeternam.Affirmant
770 3273 894 3319 quidem
901 3275 966 3307 Ar-

1723 191 1777 229 139

1013 242 1144 274 miniani
1154 242 1384 278 ordinationem
1397 243 1475 279 hanc
1488 244 1524 280 ad
1531 244 1622 281 vitam
1629 256 1773 284 aeternam

1013 301 1078 323 uon
1092 288 1150 324 esse
1157 290 1456 337 praedestinationein
1466 319 1476 333 ,
1488 293 1537 330 sed
1546 306 1665 330 tantum
1678 297 1771 331 inter-

1013 349 1082 372 nam
1090 337 1436 387 animidispofitionem,
1451 346 1512 390 quir
1520 345 1644 391 quidam
1654 369 1664 384 ,
1678 347 1770 381 etiam

1014 386 1140 420 Ethnici
1160 399 1230 423 ante
1242 413 1252 429 ‚
1280 393 1312 424 δε
1325 388 1437 438 absque
1449 395 1538 427 omni
1551 393 1612 428 fide
1625 393 1769 441 dispone-

1012 433 1123 468 bantur
1140 439 1173 470 &
1186 439 1247 482 apti
1257 437 1373 474 fiebant
1385 440 1422 475 ad
1429 442 1667 488 participandam
1674 445 1766 479 vitam

1011 493 1169 518 aeternam:
1179 483 1260 520 hunc
1268 491 1542 530 commentarium,
1556 502 1692 529 autumo,
1701 506 1766 528 non

1011 532 1222 579 ampletffldri55
1235 537 1334 569 Socim'
1346 538 1428 572 enim
1441 538 1484 573 est
1495 540 1651 575 inventum
1665 546 1695 577 &
1708 554 1767 576 tra-

1010 581 1056 616 hit
1070 580 1170 617 secum
1181 584 1383 619 craffiffimum
1395 589 1666 636 Pelagianismum,
1679 591 1767 638 quod

1012 630 1138 666 Ethnici
1145 643 1214 667 ante
1221 645 1349 669 omnem
1358 634 1464 675 fidem,
1472 649 1538 682 quae
1546 641 1641 684 prima
1648 639 1692 674 est
1700 653 1769 688 gra-

1009 681 1049 714 tia
1068 680 1232 722 inhaeoens,
1249 681 1420 719 habeantin
1429 683 1693 733 sedispositionem
1702 703 1769 737 quoe

1009 727 1090 776 ipsos
1111 742 1199 777 aptos
1213 732 1314 767 reddit
1327 735 1402 768 caelo
1414 759 1424 771 ‚
1451 739 1482 769 &
1503 748 1648 780 procurat
1665 738 1770 774 fidem.

1009 779 1178 814 Lutheram'
1185 805 1195 820 ,
1218 781 1347 826 Paptstae‚
1370 788 1401 819 &
1415 783 1475 830 ipse
1492 787 1663 834 Spalatensts
1682 800 1776 822 com-.

1009 839 1148 863 mentum
1166 830 1229 864 hoc
1246 833 1405 876 rejiciunt,
1422 846 1456 867 ac
1468 837 1645 870 concedunt
1657 849 1772 883 peror-

1008 877 1201 914 dinationem
1214 879 1250 914 ad
1263 882 1358 916 vitam
1371 893 1515 918 aeternam
1529 885 1604 919 nihil
1617 886 1699 920 aliud
1718 886 1768 921 hic

1009 927 1137 975 intelligi
1146 928 1237 975 quam
1247 930 1544 975 praedestinationem
1556 935 1651 971 :certe
1659 933 1772 983 absque

1009 979 1120 1024 magna
1134 977 1309 1013 detorsione
1323 993 1357 1015 ac
1371 981 1400 1016 vi
1413 981 1526 1028 phrasis
1543 984 1628 1018 aliter
1641 985 1770 1034 intelligi

1009 1037 1075 1058 non
1088 1026 1200 1073 potest.

1064 1077 1188 1110 Locum
1214 1075 1296 1112 huuc
1316 1080 1485 1127 Spalateiffis
1504 1081 1565 1115 alio
1585 1094 1768 1119 commento

1007 1135 1136 1158 conatur
1150 1126 1290 1166 eludere,
1310 1127 1393 1175 quasi
1405 1129 1629 1176 praedestinatio
1643 1137 1674 1168 &
1690 1133 1767 1168 fides

1007 1171 1058 1206 hic
1071 1173 1126 1208 sint
1143 1173 1230 1209 fimul
1243 1175 1361 1211 tantum
1375 1201 1383 1214 ‚
1411 1189 1444 1212 ut
1456 1179 1607 1227 loquitur,
1632 1185 1766 1227 conjun-

1007 1222 1087 1257 &ive
1099 1235 1165 1256 non
1177 1222 1339 1260 causative:
1359 1225 1505 1273 profecto
1521 1230 1577 1264 effe
1591 1230 1676 1265 simul
1689 1245 1765 1266 con-

1005 1271 1238 1316 junctivemihil
1248 1274 1327 1309 aliud
1336 1275 1389 1315 est,
1400 1289 1491 1324 quam
1501 1278 1558 1313 effe
1567 1279 1667 1317 simul,
1677 1281 1765 1328 quod

1006 1331 1108 1355 autem
1122 1322 1278 1356 ordinatio
1290 1328 1322 1358 &
1332 1326 1557 1371 praedestinatio
1570 1329 1606 1363 ad
1620 1330 1710 1365 vitain
1723 1344 1764 1365 ae-

1005 1380 1123 1404 ternam
1135 1370 1186 1405 hic
1199 1384 1392 1419 praeponatur
1408 1374 1480 1409 fidei
1496 1388 1527 1411 ut
1540 1378 1640 1419 causa,
1660 1379 1764 1414 saltem

1005 1429 1038 1468 ut
1049 1419 1127 1453 ratio
1141 1420 1307 1456 existentiae
1319 1422 1440 1463 fidei‚in
1452 1426 1554 1461 verbis
1567 1427 1611 1461 est
1623 1429 1738 1463 clarum
1752 1453 1762 1469 ‚

1004 1472 1036 1503 δι
1050 1469 1088 1503 ab
1096 1469 1243 1504 omnibus
1257 1473 1445 1508 Arminianis
1453 1477 1650 1518 conceditur,
1671 1479 1764 1514 etiam

1004 1522 1035 1553 &
1051 1518 1193 1566 Papistis‚
1207 1521 1347 1567 inprimis
1359 1525 1490 1568 Suarefio
1504 1529 1536 1560 &
1548 1528 1683 1561 Molina-

1051 1567 1235 1616 Augnstinus
1250 1571 1314 1604 vult
1334 1569 1632 1618 praedestinationem
1650 1576 1701 1610 hic
1715 1577 1763 1610 in-

1005 1617 1102 1665 telligi
1109 1630 1174 1652 non
1181 1618 1298 1653 tantum
1305 1621 1443 1664 junstam
1450 1622 1521 1658 fidei
1531 1649 1539 1664 ‚
1554 1624 1601 1659 sed
1610 1624 1670 1660 fide
1679 1627 1764 1673 prio-

1005 1679 1086 1701 rem:
1101 1667 1168 1701 ime>
1180 1668 1286 1702 locum
1299 1669 1382 1704 hunc
1392 1673 1482 1717 ponit
1489 1686 1546 1720 pro
1559 1672 1761 1710 fundamento

1005 1727 1112 1751 contra
1129 1719 1291 1767 ‘Pelagium
1304 1743 1314 1759 ‚
1339 1721 1420 1754 unde
1439 1723 1552 1769 probat
1565 1725 1674 1759 Deum
1690 1724 1762 1773 post

1004 1765 1304 1814 praedestinationem
1323 1770 1359 1803 ad
1379 1771 1470 1806 vitam
1486 1783 1630 1819 potenter
1644 1775 1677 1808 in
1689 1787 1762 1809 cor-

1004 1816 1093 1851 dibus
1109 1816 1394 1863 praedcstinatorum
1406 1824 1526 1868 operari
1537 1836 1638 1858 veram
1651 1823 1758 1858 fidem.

1005 1866 1154 1902 Audiam,
1169 1866 1285 1914 inquit,
1301 1868 1437 1915 spiritum
1451 1873 1644 1907 meum'dabo
1658 1874 1690 1907 in
1703 1886 1763 1908 vo·-

1004 1916 1050 1950 bis
1063 1920 1095 1950 &
1106 1913 1231 1956 faciam,
1246 1918 1317 1951 utin
1328 1918 1597 1962 justificationibus
1609 1923 1685 1957 meis
1698 1935 1762 1957 am-

1004 1966 1131 2000 buletis:
1150 1966 1288 2008 audiant;
1302 1980 1464 2016 quotquot
1477 1982 1561 2006 erant
1573 1972 1704 2006 ordinati
1723 1972 1762 2007 ad

1003 2016 1096 2050 vitam
1110 2026 1252 2050 aeternam
1266 2019 1472 2059 crediderunt,
1480 2021 1600 2067 audiant
1612 2021 1676 2055 haec
1689 2025 1762 2056 &a-

1003 2066 1053 2105 lia,
1065 2064 1176 2112 quibus
1183 2065 1477 2102 ostenditur2Deum
1485 2070 1520 2103 ad
1533 2070 1761 2118 regnumetiam

1002 2115 1155 2149 coelorum
1169 2119 1200 2149 &
1212 2116 1304 2150 vitam
1316 2129 1458 2152 aeternam
1469 2131 1574 2167 parare
1584 2124 1615 2155 &
1630 2132 1761 2157 conver-

1002 2176 1066 2200 tere
1080 2163 1245 2199 hominum
1256 2167 1436 2202 voluntates.

1050 2216 1158 2248 Sextus
1165 2226 1252 2248 meus
1261 2215 1347 2249 locus
1356 2215 1399 2250 est
1409 2218 1461 2264 Jo.
1474 2222 1504 2251 6.
1513 2230 1561 2261 39.
1578 2219 1675 2251 Omne
1683 2217 1763 2265 quod
1774 2230 1850 2255 Sexta
1863 2237 1895 2255 ex

1002 2264 1054 2296 dat
1065 2263 1144 2296 mihi
1149 2274 1238 2310 pater
1249 2268 1349 2297 veniet
1360 2266 1402 2298 ad
1412 2278 1466 2298 me.
1487 2271 1516 2301 &
1526 2280 1585 2312 44.
1598 2268 1696 2300 Nemo
1708 2279 1757 2315 po·
1773 2272 1838 2296 loan.
1851 2274 1866 2295 6
1870 2290 1874 2294 ·

1002 2311 1053 2354 test
1065 2314 1168 2343 venire
1182 2312 1225 2343 ad
1233 2325 1296 2351 me,
1310 2315 1454 2362 nifipaser
1466 2320 1520 2361 qui
1530 2317 1606 2359 mifit
1617 2329 1666 2349 me
1674 2341 1684 2356 ,
1696 2328 1758 2350 tra·
1773 2318 1802 2336 v·
1813 2318 1852 2344 39-

1002 2363 1083 2390 xerit
1096 2371 1181 2394 eum,
1194 2364 1233 2397 (sy
1244 2373 1291 2406 ego
1307 2364 1393 2394 illum
1403 2363 1572 2405 raefisfcitabo
1585 2367 1691 2397 ultimo
1698 2366 1756 2400 die.

1004 2407 1068 2439 Hic
1082 2407 1167 2439 aetus
1179 2406 1368 2452 posteriores
1376 2411 1528 2445 electione
1535 2414 1717 2447 antecedunt
1724 2413 1760 2448 fi-

1004 2456 1094 2489 dem:
1107 2455 1252 2489 nimirum
1269 2457 1332 2490 Dei
1346 2458 1474 2493 donatio
1490 2460 1606 2494 Christi
1620 2461 1758 2497 homini-

1004 2505 1075 2544 bus,
1089 2505 1153 2538 Dei
1160 2505 1273 2539 tractus
1282 2505 1417 2541 hominis
1425 2509 1461 2543 acl
1469 2509 1628 2545 Christum
1635 2522 1758 2546 antece-

1003 2554 1077 2588 dunt
1089 2553 1226 2588 hominis
1239 2555 1400 2590 adventum
1413 2559 1448 2592 ad
1457 2559 1628 2594 Christum.
1655 2561 1758 2610 Qod

1004 2616 1058 2650 per
1070 2604 1236 2637 adventum
1249 2605 1285 2638 ad
1301 2604 1459 2642 Christum
1471 2608 1520 2642 hic
1528 2609 1712 2656 significetur
1719 2610 1757 2644 fi-

1004 2653 1068 2693 des,
1078 2664 1160 2700 patet
1174 2666 1209 2686 ex
1219 2666 1271 2688 ver
1284 2666 1326 2699 35.
1340 2656 1407 2704 Qi
1422 2659 1503 2691 veuit
1511 2660 1546 2693 ad
1561 2672 1610 2693 me
1618 2672 1680 2694 non
1690 2658 1756 2695 esu-

1004 2703 1077 2739 riet,
1089 2703 1143 2750 qui
1156 2703 1253 2737 credit
1266 2704 1296 2736 in
1307 2716 1356 2738 me
1371 2717 1435 2739 non
1446 2706 1531 2742 fitier.
1558 2710 1606 2742 Sic
1616 2708 1756 2756 Chryso-

1005 2751 1122 2786 stomus
1135 2752 1239 2786 locum
1254 2754 1389 2800 exponit.
1422 2758 1451 2786 ῶς
1465 2758 1572 2796 ἐξωςέτε
1585 2756 1646 2796 daiga
1658 2758 1755 2798 μεμνηῇ

1006 2804 1051 2829 τῃῖν
1065 2803 1209 2831 mnndi-mu
1224 2803 1253 2833 ε-ἷς
1269 2801 1347 2835 dissuis,
1365 2803 1398 2840 (35
1414 2804 1537 2838 οἷινιτῗεῑτᾳ
1555 2805 1663 2837 eia-rista
1676 2810 1755 2835 πιὲτό

1006 2841 1051 2873 ἐς-ι,
1066 2842 1097 2870 b'n
1115 2842 1130 2870 ἐ
1146 2844 1173 2868 Tb
1189 2842 1250 2880 πχὲ»
1265 2845 1381 2879 πρρῖγμμ
1396 2845 1408 2872 ν’
1425 2843 1565 2875 mondum}
1580 2846 1601 2872 ‘2⁵'
1615 2844 1672 2879 ἅνω]
1686 2859 1695 2872 ν
1710 2844 1756 2875 δεῖ·

1005 2895 1046 2914 ⁷0⁶1
1056 2883 1138 2919 ςσπῆς,
1155 2882 1255 2930 Qod
1268 2882 1409 2916 Christus
1421 2883 1562 2930 indigitat
1573 2883 1616 2918 est
1627 2884 1757 2932 singula-

1004 2941 1034 2962 re
1046 2929 1236 2977 privilegium
1245 2935 1274 2966 δι
1283 2931 1401 2965 donum
1410 2933 1597 2967 credentium
1605 2934 1636 2967 in
1648 2933 1757 2981 ipsum,

1003 2978 1243 3019 ostendens,dari
1250 2981 1416 3027 oporterea
1424 2984 1507 3016 Patre
1515 2981 1685 3030 priusquam
1693 2997 1758 3020 cre-

1004 3028 1084 3068 dant,
1098 3029 1183 3074 quod
1194 3029 1256 3064 hoc
1269 3031 1342 3064 loco
1354 3030 1493 3077 indigitat
1505 3031 1648 3066 Christus
1659 3032 1756 3075 est‚fi-

1005 3078 1074 3110 dem
1087 3090 1150 3110 non
1164 3077 1220 3111 effe
1235 3092 1298 3112 rem
1311 3080 1477 3127 vulgarem,
1496 3078 1545 3115 scd
1557 3082 1644 3129 quod
1659 3095 1755 3130 opor-

1003 3126 1085 3160 teata
1097 3124 1235 3173 spirituali
1245 3129 1274 3161 in
1281 3127 1361 3161 fluxu
1372 3130 1520 3176 generari.

1026 3175 1110 3209 Idem
1120 3175 1164 3209 est
1175 3176 1336 3224 Augustini
1346 3180 1593 3213 commentarius.
1602 3181 1678 3215 Non
1691 3180 1756 3224 (in-

1004 3226 1091 3271 quit)
1110 3225 1146 3258 ad
1157 3224 1317 3260 Christum
1331 3226 1515 3262 ambulando
1529 3230 1691 3267 currimus,
1707 3228 1754 3262 sed

1003 3275 1161 3309 credendo
1175 3298 1184 3314 ‚
1210 3287 1268 3310 nec
1281 3287 1371 3310 motu
1385 3279 1525 3325 corporis
1538 3276 1586 3313 sed
1599 3279 1754 3312 voluntate

1340 3326 1384 3343 os
1398 3337 1411 3343 -
1657 3327 1753 3343 -ΛκΑΙΣ,
