2048 3343
141 627 272 665 Philippeos

140 672 166 697 in
179 668 255 695 medio

128 711 239 749 splenm's

139 874 270 904 „Alexan-

138 914 180 942 der
190 914 224 941 ad
236 924 277 940 ac-

135 954 277 994 quirendum

135 997 267 1033 Imperium

136 1040 151 1064 ὰ
168 1044 224 1063 natu
229 1046 257 1064 ra

130 1078 226 1116 fat‘lns.

139 1359 270 1389 Alexan-

138 1398 183 1426 der
192 1406 252 1436 puer·

137 1438 219 1467 domat
229 1442 277 1468 Bu-

137 1480 267 1518 cephalam.

139 2349 273 2386 stri-'stote-

137 2394 172 2419 les
182 2392 254 2421 Ale-

136 2430 260 2460 xandrum

137 2481 223 2500 monera

136 2515 224 2549 Persas

135 2556 223 2593 morin

136 3080 227 3120 „Adipi
233 3099 242 3103 -

129 3123 214 3158 fiendi
226 3124 273 3149 Im-

133 3165 194 3200 perii
203 3172 267 3189 αιϊει-

133 3203 209 3236 fioncs
219 3206 269 3243 ,At

299 127 365 167 134
674 115 984 153 OPERIS

1046 114 1522 156 HISroittc1

295 190 364 222 nati
377 184 556 222 duodecim
575 188 738 231 majorum
751 187 903 235 gentium
914 187 971 220 Dii
985 210 995 226 ,
1010 189 1046 221 δε
1090 185 1300 228 minabatur,
1321 198 1429 223 totam
1450 189 1608 225 Graeciam
1622 194 1655 227 δε
1668 190 1793 227 vicinos
1803 190 1836 225 in
1854 202 1969 232 laxanda

297 250 372 272 cum
385 237 432 271 his
446 239 710 284 Philippiquoque
725 237 1046 282 fimulachrum,quo
1091 237 1226 284 Europa
1253 237 1411 273 Barbaros
1430 237 1452 273 fi
1476 251 1546 273 non
1559 240 1620 274 sub
1639 240 1685 275 sui
1705 242 1835 288 imperii
1848 243 1971 278 fiobtule-

297 286 329 322 se
341 285 482 320 faciebat
494 286 795 321 decimumtertium
808 287 976 325 Deorum,
986 285 1048 331 ipse

297 338 376 370 dum
403 336 582 377 ingreditur
608 335 726 369 theatri
746 335 832 370 fores
859 337 891 368 in
910 334 1049 368 candida

297 384 384 419 veste
400 388 424 421 s
436 374 504 431 fluo
523 383 658 419 liberius
676 383 899 432 spectaretura
912 384 1051 431 populo,

298 433 594 479 antecederejnbet
607 434 733 468 amicos
750 460 760 473 ,
787 437 821 468 &
838 436 942 482 longo
960 433 1046 478 sequi

298 483 472 518 intervallo
484 482 635 517 satellites
646 507 656 523 ‚
671 485 704 517 in
716 482 776 517 hac
788 481 963 517 solitudine
981 482 1048 514 Re-

297 545 372 581 gem
385 546 421 567 ex
433 543 517 566 voto
529 532 718 567 nanciscens
739 534 895 575 Paufttnim
910 531 1047 567 involat,

300 583 429 617 &latus
442 581 563 616 Gallica
574 580 633 615 fica
645 580 831 616 transfodit,
842 579 966 625 expirat
977 576 1044 613 fine

299 643 384 665 voce
396 632 476 671 Rern
487 632 639 676 trajicitur
650 626 826 673 Pausanias&
836 627 1046 662 circumstan-

299 681 389 715 tibus
410 680 445 713 in
464 691 642 714 momento
663 677 750 710 mille
763 677 863 724 plagis
876 675 1048 724 percussus.

297 733 347 764 Ita
355 728 486 764 ruissent
498 730 529 762 in
541 725 680 760 nihilum
694 727 814 759 cunsta
824 728 943 772 Philippi
960 738 1045 759 con-

257 812 264 819 ,
297 778 375 818 filia,
389 778 446 811 nisi
456 778 539 825 patri
550 775 655 810 filium
666 776 864 810 Alexandrum
875 773 1047 808 succentu-

295 825 400 862 rifisset
414 827 522 860 divina
534 837 663 861 manus.

344 876 507 910 Alexander
523 873 564 908 ab
574 873 649 922 ipsis
662 873 872 908 incunabulis
887 869 1046 906 omnibns

297 928 331 959 δε
351 926 454 958 animi
473 927 509 958 δε
524 925 677 971 corporis
691 927 726 958 &
743 920 885 958 fortunae
897 921 1044 962 dotibus,

295 972 318 1008 fi
328 975 400 1021 quis
411 985 557 1020 unquam
570 973 708 1008 interris
720 997 731 1013 ,
747 973 788 1007 ad
806 971 1045 1018 acquirendum

297 1025 388 1057 orbis
405 1024 584 1070 imperium
600 1023 775 1057 infirmius
784 1022 857 1058 fnit.
887 1022 1045 1068 Corpore

296 1083 366 1108 erat
385 1072 570 1107 admodum
594 1072 728 1106 robusto
748 1069 914 1107 &salubri
934 1095 944 1107 ,
970 1071 1045 1104 licet

293 1134 364 1156 non
381 1135 504 1170 magno
517 1146 527 1162 ,
544 1123 646 1168 eaque
663 1122 917 1169 temperamenti
940 1116 1046 1166 perfe-

296 1173 422 1209 Ctione,
434 1184 467 1206 ut
477 1170 607 1206 suavem
620 1196 630 1212 ,
644 1170 720 1206 cum
733 1171 861 1205 sudaret
872 1195 882 1210 ‚
900 1170 1044 1203 odorem

296 1220 480 1261 exhalaret,
493 1225 527 1255 δέ
541 1221 670 1267 aliquot
683 1223 914 1268 postmortem
929 1217 1046 1253 diebus

296 1273 411 1305 colore
422 1270 537 1305 vivido
549 1275 581 1305 &
592 1270 702 1305 odore
711 1267 975 1318 fragranti‚quas1
987 1269 1045 1302 ad-

296 1319 357 1354 huc
369 1324 402 1353 'm
415 1321 508 1357 vivis,
520 1319 662 1355 floreret.

346 1369 519 1404 Adductus
532 1369 577 1405 est
592 1383 629 1404 ex
641 1366 805 1404 Thessali&
815 1365 994 1414 aliquando
1004 1365 1046 1400 ad

297 1429 423 1467 patrem
442 1431 548 1466 equus
570 1422 743 1467 Bucephalus
763 1420 869 1467 pretio
886 1417 1044 1452 tredecim

297 1470 501 1503 talentorum
519 1494 530 1508 ‚
556 1467 715 1503 librarum
741 1468 932 1502 nostratium
954 1465 1045 1511 supra

294 1518 402 1553 tricies
424 1518 512 1552 mille
528 1531 537 1550 :
564 1517 660 1552 ferox
680 1517 734 1552 hic
744 1518 831 1552 adeo
840 1515 903 1551 fuit
915 1527 948 1550 ut
961 1513 1047 1548 nulla

292 1577 383 1608 arte,
404 1565 493 1601 nulla
512 1568 543 1602 vi
565 1576 931 1615 quenquampateretur
946 1562 1044 1598 sesso-

278 1627 372 1653 rem.
400 1617 493 1650 Dum
506 1618 647 1664 Philippus
658 1617 829 1651 indomitae
845 1615 973 1650 ferociae
984 1612 1042 1647 be-

290 1665 381 1701 stiam
402 1677 524 1713 pararet
535 1676 571 1699 ut
580 1664 731 1701 inutilem
744 1665 898 1711 abjicere3
913 1666 1043 1698 Alexan-

292 1717 342 1751 der
353 1715 460 1750 adhuc
471 1726 550 1762 puer
560 1714 734 1750 observato
747 1716 925 1749 maximam
936 1715 1041 1747 Buce-

293 1764 383 1813 phali
396 1764 557 1800 ferociam
569 1764 716 1800 accidere
725 1777 762 1799 ex
774 1775 900 1798 terrore
910 1763 952 1797 ab
966 1775 1041 1797 um-

295 1813 352 1849 bra
364 1814 415 1848 sufi
427 1840 437 1855 ,
452 1827 528 1848 eum
541 1816 659 1849 leniter
669 1813 814 1849 obvertit
826 1811 907 1851 Soli,
919 1823 955 1847 ut
966 1824 1042 1845 um-

295 1864 388 1898 bram
402 1876 471 1896 non
483 1862 658 1909 spec'taret,
667 1864 741 1898 dein
754 1862 827 1910 post
839 1862 1045 1910 poppysmos

294 1912 441 1948 molliter
449 1912 642 1952 ascendens,
660 1911 776 1946 tardius
788 1911 983 1958 aliquandiu
996 1910 1045 1945 fe-

293 1962 500 1997 citinceder-t·
517 1987 527 2000 ‚
546 1961 678 1995 tandem
692 1961 958 1996 admovitcalces
972 1984 982 1997 ‚
1009 1964 1043 1994 &

293 2009 429 2046 dimiffis
439 2008 574 2044 habenis
586 2010 719 2058 impulit
731 2010 773 2045 ad
786 2009 957 2059 profusum
971 2021 1045 2043 cur-

292 2059 361 2095 sum
383 2084 392 2097 ,
418 2059 435 2094 a
449 2072 519 2106 quo
542 2060 695 2106 paulatim
724 2059 890 2095 retrahens
915 2059 1045 2093 reduxit

293 2111 502 2157 morigerum
516 2107 588 2142 satis
610 2111 647 2143 ad
660 2120 784 2156 patrem
802 2122 810 2144 :
825 2110 851 2143 is
861 2108 1044 2156 gaudiola-

294 2157 472 2205 chrymans
498 2155 721 2192 descendentis
757 2160 795 2194 de
830 2171 920 2204 equo
946 2168 1044 2205 caput

294 2207 386 2253 pueri
399 2204 564 2240 osculatus
581 2206 626 2239 est
645 2218 721 2239 curn
742 2207 791 2240 his
812 2207 939 2246 verbis,
956 2208 1043 2240 Aliud

292 2257 346 2290 tibi
356 2256 397 2290 mi
403 2256 450 2301 fili
460 2261 586 2302 Regnum
592 2266 679 2302 para,
688 2255 856 2289 Macedonia
867 2257 942 2289 enim
950 2263 977 2289 te
988 2266 1042 2288 non

291 2307 382 2353 capit.

343 2353 394 2389 Ad
405 2353 506 2387 animi
518 2351 775 2400 magnitudinem
789 2377 799 2393 ‚
813 2364 885 2399 quae
897 2351 915 2386 a
928 2362 1042 2386 natura

294 2402 421 2438 summa
438 2402 546 2451 prope
565 2401 630 2436 fuit
642 2427 652 2444 ,
670 2402 812 2436 multum
826 2401 1042 2449 addiditptae-

295 2454 438 2498 ceptoris
450 2452 617 2500 disciplina
637 2477 647 2492 ,
668 2450 791 2499 scripsit
808 2451 852 2485 ad
864 2451 1039 2498 Aristotelem

293 2503 453 2548 Philippum,
474 2513 543 2534 non
564 2512 632 2535 tam
652 2498 681 2534 se
700 2502 802 2535 laetari
822 2501 861 2536 de
873 2511 951 2534 nato
970 2498 1042 2533 filio

292 2549 391 2598 qnam
405 2548 498 2597 quod
509 2562 550 2584 eo
568 2561 721 2596 tempore
731 2560 828 2583 natus
838 2548 913 2583 effer
932 2574 943 2590 ‚
971 2561 1042 2596 quo

290 2599 363 2648 ipso
376 2598 483 2647 posset
495 2599 649 2646 magistro
661 2598 735 2633 frui.
763 2599 905 2633 Videtur
917 2599 956 2633 ad
968 2610 1042 2633 eru·

291 2649 454 2684 diendum
478 2649 677 2683 Alexandrum
697 2648 851 2693 Aristoteles
870 2646 1039 2687 accessisse,

289 2702 401 2733 animo
412 2700 446 2732 in
458 2695 566 2732 Persas
576 2709 612 2729 ex
623 2694 779 2742 peculiari
790 2694 902 2740 injurifi
914 2697 1042 2730 exulce-

290 2758 364 2783 rato
383 2762 392 2789 ς
417 2759 494 2781 narn
516 2757 572 2793 per
590 2744 715 2791 aliquot
726 2757 831 2779 annos
842 2756 918 2778 cum
931 2747 1040 2777 arnico

291 2796 412 2832 Hermia
425 2794 584 2831 Eunucho
603 2797 637 2827 in
656 2795 749 2828 Ionia
764 2795 897 2842 Regulo
908 2794 1040 2841 degens,

293 2858 370 2880 cum
382 2857 496 2880 contra
507 2845 620 2879 datam
636 2841 735 2878 fidem
747 2842 764 2878 a
776 2851 926 2878 Memnone
938 2844 1038 2877 loniae

290 2893 422 2942 Satrapfi
450 2893 626 2930 Eunuchus
649 2892 803 2927 addictus
824 2891 901 2927 esset
927 2892 1041 2928 morti,

291 2946 343 2978 vix
353 2956 506 2979 cruentas
517 2940 734 2990 percussotur'n
747 2953 864 2976 manus
885 2942 1039 2986 Aristoteles

294 3004 370 3026 cum
391 2991 461 3027 aliis
484 2991 582 3026 sociis
608 2988 819 3038 philosophis
845 2990 941 3026 celeri
963 2988 1039 3037 fugit

293 3040 400 3074 evas1t.

342 3088 432 3121 Cum
445 3089 635 3125 adolevisset
646 3087 1038 3137 Alexander,praeclariores

296 3136 340 3169 rei
361 3135 445 3170 bene
466 3141 611 3183 gerenda:
632 3138 819 3173 occasiones
840 3149 954 3185 optare
970 3149 1037 3172 non

295 3186 417 3236 potnit⁴
452 3185 578 3221 Persica
595 3186 670 3223 aula
687 3187 748 3223 suis
766 3188 896 3237 flagitiis
906 3188 1036 3223 ruinam

1088 288 1202 332 jugum
1217 287 1391 334 compulit,
1401 288 1513 322 saltem
1526 290 1557 323 in
1570 291 1714 324 amicum
1727 290 1837 325 foedus
1853 292 1918 313 '¹⁴⁷¹'-

1092 346 1205 368 contra
1217 336 1324 371 Persas
1333 348 1426 383 pater
1435 337 1618 372 adduxerat
1630 353 1637 378 ;
1647 351 1839 374 veteranum

1091 395 1227 429 quoque
1245 389 1344 431 patris
1364 390 1540 421 exercitum
1554 388 1664 421 multis
1677 389 1839 429 νίόὶοῐίίε,

1092 437 1123 464 ὅ(
1139 433 1232 465 omni
1252 436 1328 468 artis
1346 434 1468 471 bellicae
1482 437 1578 472 laude
1591 436 1765 471 florentem
1781 437 1841 471 ha·

1093 479 1193 514 bebai
1207 480 1267 515 sub
1282 483 1388 532 lignis,
1404 487 1530 519 Omnia
1542 497 1654 521 tamen
1667 486 1732 520 haec
1745 485 1839 521 blan-

1091 530 1212 564 dientis
1236 528 1377 567 fortuna:
1397 534 1555 581 praeludia
1579 535 1777 570 evanuissent
1803 538 1838 569 in

1090 576 1219 612 fumum
1232 605 1242 621 ,
1265 580 1323 614 nisi
1337 586 1476 616 maxima
1489 582 1586 627 ipsius
1603 587 1761 619 Alexandri
1774 587 1836 619 vir·
1858 596 1987 627 ,Alexan-

1092 638 1143 662 tus
1155 630 1298 664 evidenti
1314 633 1459 666 numinis
1471 631 1582 666 afflatu
1594 658 1603 670 ‚
1625 632 1808 680 fugientem
1820 634 1838 667 εὶ
1859 637 1988 676 driperpe-
2030 670 2031 674 Ἰ

1091 676 1119 710 se
1131 680 1231 724 patris
1241 677 1412 715 fortunam
1426 681 1610 722 retraxisset,
1621 687 1655 717 δέ
1667 684 1838 717 κεῑῑειξὶαη]
1858 686 1980 708 tuacomee
2030 684 2031 704 ²

1090 728 1132 760 ad
1143 729 1299 763 ultimum
1312 731 1382 763 vitae
1396 730 1542 776 spiritum
1553 732 1636 765 intra
1647 731 1700 765 sua
1711 730 1841 768 brachia
1853 720 1978 756 fortuna„

1091 778 1254 830 captivam
1267 779 1473 814 cohibuisset:
1491 793 1567 814 nam
1581 793 1617 816 ut
1627 780 1771 828 primurn
1785 794 1842 816 ex-

1093 826 1211 870 piravit
1226 829 1363 873 Philippus
1375 850 1384 864 ‚
1401 832 1548 864 maximae
1559 830 1664 864 statim
1680 833 1840 867 Alexandri

1093 874 1210 919 coeptis
1222 873 1362 918 objec'tae
1374 876 1443 911 sunt
1454 890 1598 917 remorae.

1141 926 1341 958 Codomannus
1361 925 1523 960 Persicum
1542 930 1655 964 natans
1673 927 1837 978 sceptrum
1858 930 1997 960 Manain-

1857 972 1954 1008 ct'pt'ente'

1856 1011 1962 1049 impea'i-

1856 1060 1947 1082 menta.
1954 1070 1958 1088 g

1092 975 1207 1006 omnia
1228 974 1268 1008 ad
1290 972 1412 1009 bellum
1438 974 1553 1011 fortius
1581 982 1616 1012 &
1643 979 1838 1025 prudentius

1092 1023 1430 1071 comparabat‚quam
1442 1024 1459 1059 a
1470 1025 1583 1061 multis
1596 1028 1686 1062 annis
1696 1029 1838 1062 effoemi-

1091 1073 1160 1107 nati
1178 1071 1344 1107 Persarum
1365 1075 1470 1121 Reges
1493 1075 1641 1111 solebant
1665 1090 1673 1111 :
1695 1080 1732 1111 In
1743 1077 1840 1122 hujus

1090 1121 1395 1167 praedominabatur
1413 1124 1555 1159 confiliis
1581 1134 1714 1161 Memnon
1742 1127 1843 1162 Rho-

1092 1170 1164 1204 dius
1187 1177 1321 1207 Meritoria
1339 1172 1438 1207 frater
1459 1199 1469 1215 ,
1494 1173 1652 1210 suadebat
1672 1175 1727 1209 hic
1747 1179 1843 1211 Dario

1092 1218 1217 1254 bellum
1229 1223 1262 1255 in
1274 1222 1514 1256 Macedoniam
1528 1223 1701 1259 transferre
1712 1249 1722 1265 ,
1733 1236 1770 1259 ut
1782 1227 1846 1259 do-

1092 1272 1138 1302 mi
1155 1272 1268 1316 potius
1287 1272 1395 1306 Graeci
1415 1273 1516 1319 qudm
1534 1276 1566 1308 in
1584 1274 1715 1307 hostico
1725 1275 1844 1309 decer-

1091 1329 1196 1353 tarent
1217 1345 1227 1360 ,
1258 1323 1291 1355 δέ
1313 1333 1379 1367 quo
1394 1322 1588 1370 generosum
1600 1322 1682 1357 illud
1705 1336 1742 1357 ac
1757 1322 1838 1358 utile

1091 1368 1262 1404 confilium
1273 1369 1427 1405 effee'tum
1447 1372 1596 1412 daretur,
1614 1374 1770 1406 omnibus
1794 1372 1840 1407 ad

1091 1430 1177 1451 mare
1190 1421 1371 1465 provinciis
1382 1421 1445 1467 ipse
1458 1428 1590 1456 Memnon
1601 1422 1838 1470 praechkusest,

1091 1471 1124 1502 δέ
1139 1472 1265 1515 magnis
1286 1480 1352 1502 tam
1373 1470 1455 1504 terra
1476 1470 1572 1516 quarn
1587 1473 1665 1504 mari
1677 1472 1842 1517 copiisin-

1090 1517 1232 1553 struitur.
1260 1520 1411 1565 Plerique
1433 1519 1451 1554 εὶ
1468 1517 1592 1567 thlippo
1612 1519 1736 1554 subaCki
1758 1515 1843 1553 Bar-

1089 1566 1159 1600 bari
1190 1568 1222 1601 in
1241 1567 1460 1603 rebellionem
1487 1580 1627 1616 apertam
1655 1578 1841 1616 eruperant,

1089 1616 1284 1651 Graecorum
1305 1619 1457 1652 omnium
1483 1617 1622 1652 nutabat
1648 1617 1729 1654 fides
1746 1642 1756 1660 ,
1775 1615 1841 1663 'ipfi

1091 1665 1297 1700 Macedones
1307 1666 1505 1702 seditionem
1518 1666 1692 1715 spirabant.

1134 1715 1417 1762 Superinduxerat
1428 1719 1590 1764 Olympmdi
1603 1717 1773 1764 Philippus
1786 1721 1837 1749 Eu-
1858 1717 1993 1758 Eurydt'cen

1089 1765 1220 1813 rydicen,
1240 1763 1336 1810 hujus
1353 1766 1533 1802 avunculus
1551 1769 1664 1801 Attalus
1678 1767 1831 1801 Macedo·
1858 1772 1985 1789 novercam
2026 1779 2027 1802 1

1090 1816 1202 1848 nicum
1216 1816 1249 1847 in
1261 1814 1337 1850 Afia
1347 1819 1529 1851 exercitum
1545 1815 1706 1851 duetabat
1719 1842 1729 1857 ‚
1748 1822 1835 1864 Eury·
1854 1802 1989 1870 ἱζεξῖἶὶῥ

1090 1865 1152 1898 dicae
1163 1876 1201 1897 ex
1210 1865 1333 1911 Philippo
1341 1863 1402 1898 fuit
1416 1865 1513 1905 filius,
1524 1866 1599 1899 hinc
1611 1867 1748 1914 Eurydicae
1761 1876 1834 1897 cum
1847 1884 1955 1919 fratrem

1092 1914 1256 1959 Olympiade
1278 1913 1466 1960 frequentes
1491 1915 1561 1948 rixae
1587 1924 1602 1948 ε·
1624 1913 1839 1948 Athenienses
1857 1924 1990 1953 Attalum

1094 1965 1223 1997 attalum
1243 1963 1285 1998 ad
1297 1962 1521 1998 defeetionem
1534 1962 1576 1997 ab
1587 1966 1749 1998 Alexandro
1761 1962 1835 1998 soli-
1850 1966 1939 1999 statim
1949 1964 1996 1993 201-

1090 2011 1247 2064 citabant.
1286 2014 1379 2047 Dum
1405 2013 1454 2047 his
1473 2012 1505 2047 se
1530 2015 1667 2060 vepretis
1686 2014 1837 2047 indutum
1856 2006 1896 2033 Μ’·

1089 2063 1220 2095 sentiret
1233 2064 1412 2103 Alexander,
1438 2064 1712 2106 Eurydicenmattis
1734 2073 1838 2096 aemu-

1088 2110 1155 2143 lam
1173 2110 1301 2157 ejusque
1314 2111 1420 2145 filium
1439 2117 1471 2147 &
1491 2111 1687 2146 avunculum
1710 2112 1841 2144 Attalum

1092 2160 1133 2194 de
1157 2161 1268 2194 medio
1292 2159 1394 2195 tollit.
1430 2161 1538 2198 Mox,
1557 2157 1696 2192 utsnum
1711 2158 1839 2194 ferebat
1857 2163 1978 2195 Barbaros
2023 2161 2025 2166 ⁸

1089 2206 1281 2254 symbolum
1297 2232 1307 2246 ,
1326 2207 1673 2252 undevdooee’anhdpspss}
1687 2220 1718 2240 in
1732 2207 1837 2242 Thra·
1857 2203 1958 2243 domas-¹

1090 2267 1153 2294 cas,
1162 2256 1301 2299 Illyrios,
1314 2257 1461 2296 Paeonas,
1473 2256 1643 2290 Triballos
1655 2283 1664 2298 ,
1676 2261 1709 2292 δέ
1724 2260 1842 2298 Getas,

1090 2305 1187 2338 etiam
1199 2306 1284 2339 ultra
1294 2304 1488 2339 Danubium
1499 2305 1699 2353 rapidiffimo
1711 2311 1843 2354 impetu

1091 2353 1351 2388 Macedonicam
1372 2354 1569 2403 phalangem
1592 2359 1657 2402 egit
1676 2381 1686 2396 ,
1711 2355 1841 2402 ubique

1089 2401 1230 2448 quaarte
1247 2402 1312 2450 qua
1334 2404 1364 2437 vi
1383 2405 1495 2437 omnia
1511 2403 1714 2452 subjugavit.
1749 2406 1840 2438 Cum

1091 2453 1466 2500 Germanorumlegatis
1484 2465 1598 2500 pacem
1615 2454 1784 2487 instituens
1796 2452 1839 2486 ab

1089 2500 1163 2548 ipsis
1173 2500 1319 2548 quaesivit
1330 2528 1340 2543 ,
1353 2503 1512 2549 quidnam
1527 2502 1543 2535 a
1555 2501 1615 2536 suis
1629 2502 1724 2537 donzi
1737 2504 1842 2536 maxi-

1092 2548 1143 2584 me
1155 2551 1403 2588 formidaretur,
1415 2553 1590 2598 expectans
1601 2549 1642 2584 ab
1657 2549 1731 2598 ipsis
1743 2549 1843 2598 signi-

1090 2597 1282 2633 ficationem
1295 2598 1431 2634 metusfi
1441 2599 1502 2634 suis
1513 2601 1625 2639 armis,
1637 2600 1691 2635 sed
1703 2599 1844 2647 respon-

1090 2646 1210 2681 derunt
1223 2650 1383 2682 Germani
1395 2661 1495 2682 unum
1515 2647 1577 2682 suis
1590 2661 1715 2683 metum
1726 2648 1785 2683 effe
1796 2661 1839 2682 ne

1090 2695 1213 2731 coelum
1235 2709 1341 2732 rueret
1360 2711 1369 2731 ε
1396 2696 1550 2732 sarcafino
1572 2699 1716 2734 nilaliud
1729 2699 1841 2732 retulit

1090 2748 1252 2781 Alexander
1268 2746 1368 2795 quam
1390 2746 1547 2793 superbos
1559 2746 1617 2781 effe
1634 2749 1839 2782 Germanos.

1089 2796 1180 2829 Dum
1198 2795 1283 2830 ultra
1301 2797 1448 2842 citraque
1464 2796 1656 2830 Danubium
1670 2808 1745 2829 cum
1761 2799 1841 2830 Bar-

1089 2843 1175 2878 baris
1192 2844 1408 2879 contenderet
1431 2869 1441 2883 ,
1466 2846 1585 2889 accipit
1605 2846 1637 2878 in
1655 2848 1755 2879 armis
1775 2859 1838 2891 pro

1089 2892 1191 2927 Persis
1213 2905 1328 2927 contra
1347 2893 1376 2927 se
1393 2893 1474 2927 state
1493 2892 1674 2927 Thebanos
1694 2920 1701 2932 ,
1734 2896 1839 2930 Athe-

1087 2939 1211 2975 nienses
1225 2966 1232 2981 ,
1244 2944 1426 2988 Spartanos
1437 2967 1446 2980 ,
1467 2945 1502 2975 δε
1514 2942 1595 2975 alios
1608 2943 1729 2977 multos
1742 2946 1842 2979 Grae--

1087 3002 1216 3028 corum,
1230 3002 1299 3024 non
1316 3002 1425 3030 mora3
1446 2989 1583 3034 stabilita
1593 3004 1666 3025 cum
1683 2995 1834 3028 Barbaris

1087 3038 1227 3073 subactis
1242 3051 1319 3085 pace
1334 3039 1460 3085 magnis
1481 3040 1653 3075 itineribus
1678 3043 1710 3076 in
1733 3045 1839 3077 ssoeo-

1087 3090 1164 3122 tiam
1180 3086 1317 3121 advolat
1336 3114 1344 3126 ‚
1372 3090 1532 3134 opinione
1552 3090 1658 3124 mulio
1682 3090 1777 3125 citius
1794 3092 1837 3126 ad

1086 3135 1278 3170 Thebarum
1292 3148 1404 3183 portas
1431 3136 1530 3170 castra
1558 3151 1717 3178 metatur,
1733 3139 1836 3174 Athe-

1087 3185 1213 3222 nienses
1231 3184 1337 3221 statim
1349 3186 1504 3224 cadentes
1516 3189 1631 3224 animis
1642 3200 1758 3236 pacem
1776 3200 1836 3234 pe-

1764 3247 1838 3272 tunt

1978 61 1983 67 -
