<?xml version="1.0" encoding="UTF-8"?>
<!DOCTYPE html PUBLIC "-//W3C//DTD XHTML 1.0 Transitional//EN"
    "http://www.w3.org/TR/xhtml1/DTD/xhtml1-transitional.dtd">
<html xmlns="http://www.w3.org/1999/xhtml" xml:lang="en" lang="en">
 <head>
  <title>
</title>
<meta http-equiv="Content-Type" content="text/html;charset=utf-8" />
  <meta name='ocr-system' content='tesseract 3.04.00' />
  <meta name='ocr-capabilities' content='ocr_page ocr_carea ocr_par ocr_line ocrx_word'/>
</head>
<body>
  <div class='ocr_page' id='page_1' title='image "./operishistoricie00bail_0468.png"; bbox 0 0 2048 3343; ppageno 0'>
   <div class='ocr_carea' id='block_1_1' title="bbox 260 85 1072 2841">
    <p class='ocr_par' dir='ltr' id='par_1_1' title="bbox 260 85 1063 1713">
     <span class='ocr_line' id='line_1_1' title="bbox 287 85 659 140; baseline -0.008 -16"><span class='ocrx_word' id='word_1_1' title='bbox 287 104 349 140; x_wconf 78' lang='lat'><em>,130</em></span> <span class='ocrx_word' id='word_1_2' title='bbox 568 85 606 122; x_wconf 93' lang='lat' dir='ltr'>D</span> <span class='ocrx_word' id='word_1_3' title='bbox 639 96 659 121; x_wconf 84' lang='lat' dir='ltr'>E</span> 
     </span>
     <span class='ocr_line' id='line_1_2' title="bbox 293 133 1053 185; baseline -0.016 -8"><span class='ocrx_word' id='word_1_4' title='bbox 293 146 350 179; x_wconf 82' lang='lat' dir='ltr'>rari</span> <span class='ocrx_word' id='word_1_5' title='bbox 359 141 412 176; x_wconf 81' lang='lat' dir='ltr'>nifi</span> <span class='ocrx_word' id='word_1_6' title='bbox 420 139 598 185; x_wconf 80' lang='lat' dir='ltr'>justificatus</span> <span class='ocrx_word' id='word_1_7' title='bbox 606 148 671 171; x_wconf 86' lang='lat' dir='ltr'>non</span> <span class='ocrx_word' id='word_1_8' title='bbox 681 135 790 183; x_wconf 84' lang='lat' dir='ltr'>potest:</span> <span class='ocrx_word' id='word_1_9' title='bbox 798 134 848 168; x_wconf 83' lang='lat' dir='ltr'>hic</span> <span class='ocrx_word' id='word_1_10' title='bbox 857 145 958 168; x_wconf 86' lang='lat' dir='ltr'>autem</span> <span class='ocrx_word' id='word_1_11' title='bbox 967 133 1053 180; x_wconf 89' lang='lat' dir='ltr'>quod</span> 
     </span>
     <span class='ocr_line' id='line_1_3' title="bbox 294 184 1054 235; baseline -0.016 -9"><span class='ocrx_word' id='word_1_12' title='bbox 294 195 335 226; x_wconf 86' lang='lat' dir='ltr'>ait</span> <span class='ocrx_word' id='word_1_13' title='bbox 348 203 412 225; x_wconf 90' lang='lat' dir='ltr'>non</span> <span class='ocrx_word' id='word_1_14' title='bbox 426 203 461 224; x_wconf 87' lang='lat' dir='ltr'>ex</span> <span class='ocrx_word' id='word_1_15' title='bbox 479 188 643 235; x_wconf 83' lang='lat' dir='ltr'>operibus,</span> <span class='ocrx_word' id='word_1_16' title='bbox 663 184 712 220; x_wconf 87' lang='lat' dir='ltr'>sed</span> <span class='ocrx_word' id='word_1_17' title='bbox 728 198 763 219; x_wconf 89' lang='lat' dir='ltr'>ex</span> <span class='ocrx_word' id='word_1_18' title='bbox 777 184 944 219; x_wconf 87' lang='lat' dir='ltr'>vocatione</span> <span class='ocrx_word' id='word_1_19' title='bbox 956 207 965 222; x_wconf 94' lang='lat'>,</span> <span class='ocrx_word' id='word_1_20' title='bbox 988 194 1054 215; x_wconf 90' lang='lat' dir='ltr'>non</span> 
     </span>
     <span class='ocr_line' id='line_1_4' title="bbox 293 230 1054 283; baseline -0.014 -9"><span class='ocrx_word' id='word_1_21' title='bbox 293 241 447 276; x_wconf 69' lang='lat' dir='ltr'>electione</span> <span class='ocrx_word' id='word_1_22' title='bbox 456 239 719 283; x_wconf 82' lang='lat' dir='ltr'>meritorum‚quae</span> <span class='ocrx_word' id='word_1_23' title='bbox 728 233 796 281; x_wconf 86' lang='lat' dir='ltr'>post</span> <span class='ocrx_word' id='word_1_24' title='bbox 805 230 1054 277; x_wconf 77' lang='lat' dir='ltr'>justificationem</span> 
     </span>
     <span class='ocr_line' id='line_1_5' title="bbox 293 282 1053 337; baseline -0.013 -14"><span class='ocrx_word' id='word_1_25' title='bbox 293 290 394 337; x_wconf 76' lang='lat' dir='ltr'>gratiae</span> <span class='ocrx_word' id='word_1_26' title='bbox 407 288 614 334; x_wconf 85' lang='lat' dir='ltr'>proveniunt,</span> <span class='ocrx_word' id='word_1_27' title='bbox 636 284 685 320; x_wconf 87' lang='lat' dir='ltr'>sed</span> <span class='ocrx_word' id='word_1_28' title='bbox 700 283 877 318; x_wconf 72' lang='lat' dir='ltr'>liberalitate</span> <span class='ocrx_word' id='word_1_29' title='bbox 894 282 1053 315; x_wconf 87' lang='lat' dir='ltr'>donorum</span> 
     </span>
     <span class='ocr_line' id='line_1_6' title="bbox 294 330 1054 383; baseline -0.013 -10"><span class='ocrx_word' id='word_1_30' title='bbox 294 339 464 373; x_wconf 87' lang='lat' dir='ltr'>Deivoluit</span> <span class='ocrx_word' id='word_1_31' title='bbox 472 335 616 383; x_wconf 60' lang='lat' dir='ltr'>intelligi.</span> <span class='ocrx_word' id='word_1_32' title='bbox 626 347 663 368; x_wconf 89' lang='lat' dir='ltr'>ne</span> <span class='ocrx_word' id='word_1_33' title='bbox 674 334 741 381; x_wconf 88' lang='lat' dir='ltr'>quis</span> <span class='ocrx_word' id='word_1_34' title='bbox 749 333 786 367; x_wconf 89' lang='lat' dir='ltr'>de</span> <span class='ocrx_word' id='word_1_35' title='bbox 797 331 943 378; x_wconf 87' lang='lat' dir='ltr'>operibus</span> <span class='ocrx_word' id='word_1_36' title='bbox 953 330 1054 364; x_wconf 85' lang='lat' dir='ltr'>extol-</span> 
     </span>
     <span class='ocr_line' id='line_1_7' title="bbox 295 378 1053 433; baseline -0.012 -11"><span class='ocrx_word' id='word_1_37' title='bbox 295 389 387 422; x_wconf 81' lang='lat' dir='ltr'>latur:</span> <span class='ocrx_word' id='word_1_38' title='bbox 400 386 495 433; x_wconf 64' lang='lat' dir='ltr'>gratifi</span> <span class='ocrx_word' id='word_1_39' title='bbox 508 386 590 419; x_wconf 89' lang='lat' dir='ltr'>enim</span> <span class='ocrx_word' id='word_1_40' title='bbox 605 385 668 419; x_wconf 81' lang='lat' dir='ltr'>Dei</span> <span class='ocrx_word' id='word_1_41' title='bbox 683 382 750 416; x_wconf 90' lang='lat' dir='ltr'>salvi</span> <span class='ocrx_word' id='word_1_42' title='bbox 765 378 933 420; x_wconf 68' lang='lat' dir='ltr'>fac&#39;tiestis,</span> <span class='ocrx_word' id='word_1_43' title='bbox 950 384 981 415; x_wconf 90' lang='lat'>&amp;</span> <span class='ocrx_word' id='word_1_44' title='bbox 991 378 1053 413; x_wconf 88' lang='lat' dir='ltr'>hoc</span> 
     </span>
     <span class='ocr_line' id='line_1_8' title="bbox 260 429 1053 473; baseline -0.01 -3"><span class='ocrx_word' id='word_1_45' title='bbox 260 433 266 439; x_wconf 54' lang='lat'>⁵</span> <span class='ocrx_word' id='word_1_46' title='bbox 296 449 361 470; x_wconf 88' lang='lat' dir='ltr'>non</span> <span class='ocrx_word' id='word_1_47' title='bbox 373 448 409 470; x_wconf 85' lang='lat' dir='ltr'>ex</span> <span class='ocrx_word' id='word_1_48' title='bbox 421 434 509 470; x_wconf 86' lang='lat' dir='ltr'>vobis</span> <span class='ocrx_word' id='word_1_49' title='bbox 520 459 527 473; x_wconf 92' lang='lat'><em>,</em></span> <span class='ocrx_word' id='word_1_50' title='bbox 546 433 595 468; x_wconf 83' lang='lat' dir='ltr'>sed</span> <span class='ocrx_word' id='word_1_51' title='bbox 610 434 673 467; x_wconf 89' lang='lat' dir='ltr'>Dei</span> <span class='ocrx_word' id='word_1_52' title='bbox 687 431 805 466; x_wconf 83' lang='lat' dir='ltr'>donum</span> <span class='ocrx_word' id='word_1_53' title='bbox 819 429 877 469; x_wconf 88' lang='lat' dir='ltr'>est,</span> <span class='ocrx_word' id='word_1_54' title='bbox 893 443 958 463; x_wconf 92' lang='lat' dir='ltr'>non</span> <span class='ocrx_word' id='word_1_55' title='bbox 972 442 1007 463; x_wconf 84' lang='lat' dir='ltr'>ex</span> <span class='ocrx_word' id='word_1_56' title='bbox 1019 433 1053 462; x_wconf 62' lang='grc' dir='ltr'>οὲ</span> 
     </span>
     <span class='ocr_line' id='line_1_9' title="bbox 297 475 1053 534; baseline -0.012 -15"><span class='ocrx_word' id='word_1_57' title='bbox 297 485 433 534; x_wconf 86' lang='lat' dir='ltr'>peribus,</span> <span class='ocrx_word' id='word_1_58' title='bbox 447 484 559 530; x_wconf 79' lang='lat' dir='ltr'>nequis</span> <span class='ocrx_word' id='word_1_59' title='bbox 573 483 729 530; x_wconf 78' lang='lat' dir='ltr'>glorietur.</span> <span class='ocrx_word' id='word_1_60' title='bbox 746 484 826 530; x_wconf 51' lang='lat' dir='ltr'>Q?</span> <span class='ocrx_word' id='word_1_61' title='bbox 835 490 935 513; x_wconf 86' lang='lat' dir='ltr'>autem</span> <span class='ocrx_word' id='word_1_62' title='bbox 945 492 979 511; x_wconf 79' lang='lat' dir='ltr'>ex</span> <span class='ocrx_word' id='word_1_63' title='bbox 989 475 1053 523; x_wconf 88' lang='lat' dir='ltr'>ipso</span> 
     </span>
     <span class='ocr_line' id='line_1_10' title="bbox 298 526 1054 582; baseline -0.013 -14"><span class='ocrx_word' id='word_1_64' title='bbox 298 536 489 582; x_wconf 45' lang='lat' dir='ltr'>augustino</span> <span class='ocrx_word' id='word_1_65' title='bbox 505 544 537 566; x_wconf 89' lang='lat' dir='ltr'>tu</span> <span class='ocrx_word' id='word_1_66' title='bbox 551 534 624 566; x_wconf 88' lang='lat' dir='ltr'>citas</span> <span class='ocrx_word' id='word_1_67' title='bbox 638 529 724 565; x_wconf 74' lang='lat' dir='ltr'>facile</span> <span class='ocrx_word' id='word_1_68' title='bbox 742 531 928 576; x_wconf 78' lang='lat' dir='ltr'>explicantur</span> <span class='ocrx_word' id='word_1_69' title='bbox 941 527 992 561; x_wconf 72' lang='lat' dir='ltr'>illa</span> <span class='ocrx_word' id='word_1_70' title='bbox 1007 526 1054 559; x_wconf 87' lang='lat' dir='ltr'>di-</span> 
     </span>
     <span class='ocr_line' id='line_1_11' title="bbox 298 574 1055 625; baseline -0.015 -8"><span class='ocrx_word' id='word_1_71' title='bbox 298 580 467 618; x_wconf 70' lang='lat' dir='ltr'>stinffione</span> <span class='ocrx_word' id='word_1_72' title='bbox 481 581 641 615; x_wconf 68' lang='lat' dir='ltr'>electionis</span> <span class='ocrx_word' id='word_1_73' title='bbox 663 592 755 625; x_wconf 86' lang='lat' dir='ltr'>quam</span> <span class='ocrx_word' id='word_1_74' title='bbox 776 577 986 624; x_wconf 60' lang='lat' dir='ltr'>eAuguffinus</span> <span class='ocrx_word' id='word_1_75' title='bbox 1005 574 1055 608; x_wconf 85' lang='lat' dir='ltr'>ad-</span> 
     </span>
     <span class='ocr_line' id='line_1_12' title="bbox 297 624 1055 677; baseline -0.015 -10"><span class='ocrx_word' id='word_1_76' title='bbox 297 632 386 667; x_wconf 85' lang='lat' dir='ltr'>hibet</span> <span class='ocrx_word' id='word_1_77' title='bbox 406 632 492 666; x_wconf 62' lang='lat' dir='ltr'>tract.</span> <span class='ocrx_word' id='word_1_78' title='bbox 509 634 560 665; x_wconf 81' lang='lat'>68.</span> <span class='ocrx_word' id='word_1_79' title='bbox 580 631 611 663; x_wconf 92' lang='lat' dir='ltr'>in</span> <span class='ocrx_word' id='word_1_80' title='bbox 627 629 740 677; x_wconf 84' lang='lat' dir='ltr'>Johan.</span> <span class='ocrx_word' id='word_1_81' title='bbox 761 625 874 660; x_wconf 87' lang='lat' dir='ltr'>scilicet</span> <span class='ocrx_word' id='word_1_82' title='bbox 893 624 1055 658; x_wconf 63' lang='lat' dir='ltr'>electionis</span> 
     </span>
     <span class='ocr_line' id='line_1_13' title="bbox 299 672 1055 721; baseline -0.015 -4"><span class='ocrx_word' id='word_1_83' title='bbox 299 694 416 717; x_wconf 84' lang='lat' dir='ltr'>aeternae</span> <span class='ocrx_word' id='word_1_84' title='bbox 431 692 499 714; x_wconf 86' lang='lat' dir='ltr'>ante</span> <span class='ocrx_word' id='word_1_85' title='bbox 512 680 616 713; x_wconf 84' lang='lat' dir='ltr'>mundi</span> <span class='ocrx_word' id='word_1_86' title='bbox 631 676 885 711; x_wconf 88' lang='lat' dir='ltr'>constitutionem</span> <span class='ocrx_word' id='word_1_87' title='bbox 902 672 1055 721; x_wconf 80' lang='lat' dir='ltr'>praedesti-</span> 
     </span>
     <span class='ocr_line' id='line_1_14' title="bbox 299 725 1055 771; baseline -0.013 -6"><span class='ocrx_word' id='word_1_88' title='bbox 299 732 401 765; x_wconf 85' lang='lat' dir='ltr'>nando</span> <span class='ocrx_word' id='word_1_89' title='bbox 415 755 424 770; x_wconf 92' lang='lat'>,</span> <span class='ocrx_word' id='word_1_90' title='bbox 450 734 481 764; x_wconf 57' lang='grc' dir='ltr'>δι’</span> <span class='ocrx_word' id='word_1_91' title='bbox 494 728 657 762; x_wconf 59' lang='lat' dir='ltr'>electionis</span> <span class='ocrx_word' id='word_1_92' title='bbox 677 725 854 771; x_wconf 85' lang='lat' dir='ltr'>temporalis</span> <span class='ocrx_word' id='word_1_93' title='bbox 872 735 940 757; x_wconf 89' lang='lat' dir='ltr'>ante</span> <span class='ocrx_word' id='word_1_94' title='bbox 965 735 1055 756; x_wconf 91' lang='lat' dir='ltr'>mun-</span> 
     </span>
     <span class='ocr_line' id='line_1_15' title="bbox 303 771 1056 815; baseline -0.012 -1"><span class='ocrx_word' id='word_1_95' title='bbox 303 781 334 815; x_wconf 83' lang='lat' dir='ltr'>di</span> <span class='ocrx_word' id='word_1_96' title='bbox 352 779 594 814; x_wconf 64' lang='lat' dir='ltr'>destructionem</span> <span class='ocrx_word' id='word_1_97' title='bbox 612 774 774 809; x_wconf 86' lang='lat' dir='ltr'>vocando:</span> <span class='ocrx_word' id='word_1_98' title='bbox 796 772 960 807; x_wconf 87' lang='lat' dir='ltr'>secundum</span> <span class='ocrx_word' id='word_1_99' title='bbox 979 771 1056 806; x_wconf 85' lang='lat' dir='ltr'>hanc</span> 
     </span>
     <span class='ocr_line' id='line_1_16' title="bbox 301 820 1056 871; baseline -0.012 -8"><span class='ocrx_word' id='word_1_100' title='bbox 301 828 531 864; x_wconf 65' lang='lat' dir='ltr'>distinctionem</span> <span class='ocrx_word' id='word_1_101' title='bbox 544 850 553 865; x_wconf 93' lang='lat'>‚</span> <span class='ocrx_word' id='word_1_102' title='bbox 579 825 671 859; x_wconf 86' lang='lat' dir='ltr'>verba</span> <span class='ocrx_word' id='word_1_103' title='bbox 689 824 795 870; x_wconf 79' lang='lat' dir='ltr'>[mmo</span> <span class='ocrx_word' id='word_1_104' title='bbox 812 822 953 871; x_wconf 68' lang='lat' dir='ltr'>eligitur]</span> <span class='ocrx_word' id='word_1_105' title='bbox 973 820 1056 855; x_wconf 70' lang='grc' dir='ltr'><strong>τεέὶὲ</strong></span> 
     </span>
     <span class='ocr_line' id='line_1_17' title="bbox 301 873 1057 923; baseline -0.012 -11"><span class='ocrx_word' id='word_1_106' title='bbox 301 878 489 923; x_wconf 85' lang='lat' dir='ltr'>accipiuntur</span> <span class='ocrx_word' id='word_1_107' title='bbox 502 876 539 909; x_wconf 91' lang='lat' dir='ltr'>de</span> <span class='ocrx_word' id='word_1_108' title='bbox 553 874 706 909; x_wconf 67' lang='lat' dir='ltr'>electione</span> <span class='ocrx_word' id='word_1_109' title='bbox 720 873 894 919; x_wconf 86' lang='lat' dir='ltr'>temporali,</span> <span class='ocrx_word' id='word_1_110' title='bbox 907 883 975 918; x_wconf 82' lang='lat' dir='ltr'>quae</span> <span class='ocrx_word' id='word_1_111' title='bbox 992 883 1057 904; x_wconf 90' lang='lat' dir='ltr'>non</span> 
     </span>
     <span class='ocr_line' id='line_1_18' title="bbox 301 919 1056 969; baseline -0.011 -8"><span class='ocrx_word' id='word_1_112' title='bbox 301 926 419 962; x_wconf 71' lang='lat' dir='ltr'>tantuin</span> <span class='ocrx_word' id='word_1_113' title='bbox 433 924 651 963; x_wconf 82' lang='lat' dir='ltr'>vocationem,</span> <span class='ocrx_word' id='word_1_114' title='bbox 670 921 720 956; x_wconf 89' lang='lat' dir='ltr'>sed</span> <span class='ocrx_word' id='word_1_115' title='bbox 737 921 829 969; x_wconf 83' lang='lat' dir='ltr'>ipsam</span> <span class='ocrx_word' id='word_1_116' title='bbox 843 922 934 955; x_wconf 87' lang='lat' dir='ltr'>etiam</span> <span class='ocrx_word' id='word_1_117' title='bbox 947 919 1056 966; x_wconf 84' lang='lat' dir='ltr'>justifi-</span> 
     </span>
     <span class='ocr_line' id='line_1_19' title="bbox 303 969 1056 1021; baseline -0.011 -10"><span class='ocrx_word' id='word_1_118' title='bbox 303 978 457 1012; x_wconf 81' lang='lat' dir='ltr'>cationem</span> <span class='ocrx_word' id='word_1_119' title='bbox 477 973 609 1021; x_wconf 86' lang='lat' dir='ltr'>sequitur</span> <span class='ocrx_word' id='word_1_120' title='bbox 622 998 631 1012; x_wconf 88' lang='lat'>,</span> <span class='ocrx_word' id='word_1_121' title='bbox 663 983 696 1006; x_wconf 93' lang='lat' dir='ltr'>ut</span> <span class='ocrx_word' id='word_1_122' title='bbox 715 972 819 1007; x_wconf 85' lang='lat' dir='ltr'>videre</span> <span class='ocrx_word' id='word_1_123' title='bbox 838 969 881 1005; x_wconf 88' lang='lat' dir='ltr'>est</span> <span class='ocrx_word' id='word_1_124' title='bbox 902 971 932 1004; x_wconf 90' lang='lat' dir='ltr'>in</span> <span class='ocrx_word' id='word_1_125' title='bbox 952 970 1056 1005; x_wconf 88' lang='lat' dir='ltr'>verbis</span> 
     </span>
     <span class='ocr_line' id='line_1_20' title="bbox 303 1020 1055 1069; baseline -0.011 -9"><span class='ocrx_word' id='word_1_126' title='bbox 303 1025 480 1060; x_wconf 73' lang='lat' dir='ltr'>immediate</span> <span class='ocrx_word' id='word_1_127' title='bbox 495 1021 746 1069; x_wconf 78' lang='lat' dir='ltr'>praecedentibuS.</span> <span class='ocrx_word' id='word_1_128' title='bbox 773 1022 850 1055; x_wconf 87' lang='lat' dir='ltr'>Non</span> <span class='ocrx_word' id='word_1_129' title='bbox 864 1031 967 1054; x_wconf 80' lang='lat' dir='ltr'>tamen</span> <span class='ocrx_word' id='word_1_130' title='bbox 986 1020 1055 1065; x_wconf 86' lang='lat' dir='ltr'>(in-</span> 
     </span>
     <span class='ocr_line' id='line_1_21' title="bbox 304 1067 1057 1123; baseline -0.009 -14"><span class='ocrx_word' id='word_1_131' title='bbox 304 1076 393 1123; x_wconf 89' lang='lat' dir='ltr'>quit)</span> <span class='ocrx_word' id='word_1_132' title='bbox 416 1074 529 1108; x_wconf 70' lang='lat' dir='ltr'>electio</span> <span class='ocrx_word' id='word_1_133' title='bbox 550 1072 693 1119; x_wconf 75' lang='lat' dir='ltr'>praecedit</span> <span class='ocrx_word' id='word_1_134' title='bbox 708 1069 981 1115; x_wconf 84' lang='lat' dir='ltr'>justificationem,</span> <span class='ocrx_word' id='word_1_135' title='bbox 1008 1067 1057 1103; x_wconf 90' lang='lat' dir='ltr'>sed</span> 
     </span>
     <span class='ocr_line' id='line_1_22' title="bbox 305 1118 1057 1167; baseline -0.011 -8"><span class='ocrx_word' id='word_1_136' title='bbox 305 1125 492 1159; x_wconf 64' lang='lat' dir='ltr'>electionem</span> <span class='ocrx_word' id='word_1_137' title='bbox 505 1120 700 1167; x_wconf 84' lang='lat' dir='ltr'>justificatio:</span> <span class='ocrx_word' id='word_1_138' title='bbox 714 1133 809 1154; x_wconf 87' lang='lat' dir='ltr'>nemo</span> <span class='ocrx_word' id='word_1_139' title='bbox 825 1120 907 1153; x_wconf 90' lang='lat' dir='ltr'>enim</span> <span class='ocrx_word' id='word_1_140' title='bbox 924 1118 1057 1165; x_wconf 85' lang='lat' dir='ltr'>eligitur,</span> 
     </span>
     <span class='ocr_line' id='line_1_23' title="bbox 305 1168 1058 1218; baseline -0.011 -10"><span class='ocrx_word' id='word_1_141' title='bbox 305 1173 361 1209; x_wconf 77' lang='lat' dir='ltr'>nisi</span> <span class='ocrx_word' id='word_1_142' title='bbox 373 1176 433 1218; x_wconf 78' lang='lat' dir='ltr'>jain</span> <span class='ocrx_word' id='word_1_143' title='bbox 446 1171 555 1206; x_wconf 81' lang='lat' dir='ltr'>distans</span> <span class='ocrx_word' id='word_1_144' title='bbox 563 1171 600 1205; x_wconf 85' lang='lat' dir='ltr'>ab</span> <span class='ocrx_word' id='word_1_145' title='bbox 613 1171 666 1204; x_wconf 88' lang='lat' dir='ltr'>illo</span> <span class='ocrx_word' id='word_1_146' title='bbox 680 1171 733 1217; x_wconf 88' lang='lat' dir='ltr'>qui</span> <span class='ocrx_word' id='word_1_147' title='bbox 746 1169 891 1214; x_wconf 79' lang='lat' dir='ltr'>rejicitur.</span> <span class='ocrx_word' id='word_1_148' title='bbox 913 1168 1058 1203; x_wconf 84' lang='lat' dir='ltr'>Dubium</span> 
     </span>
     <span class='ocr_line' id='line_1_24' title="bbox 306 1216 1057 1268; baseline -0.009 -11"><span class='ocrx_word' id='word_1_149' title='bbox 306 1223 437 1257; x_wconf 77' lang='lat' dir='ltr'>suboriri</span> <span class='ocrx_word' id='word_1_150' title='bbox 453 1222 553 1268; x_wconf 88' lang='lat' dir='ltr'>potuit</span> <span class='ocrx_word' id='word_1_151' title='bbox 567 1217 732 1267; x_wconf 71' lang='lat' dir='ltr'>quomodo</span> <span class='ocrx_word' id='word_1_152' title='bbox 752 1217 929 1264; x_wconf 84' lang='lat' dir='ltr'>temporalis</span> <span class='ocrx_word' id='word_1_153' title='bbox 947 1216 1012 1251; x_wconf 79' lang='lat' dir='ltr'>haec</span> <span class='ocrx_word' id='word_1_154' title='bbox 1027 1229 1057 1251; x_wconf 92' lang='lat' dir='ltr'>e-</span> 
     </span>
     <span class='ocr_line' id='line_1_25' title="bbox 305 1266 1058 1318; baseline -0.009 -12"><span class='ocrx_word' id='word_1_155' title='bbox 305 1272 401 1306; x_wconf 64' lang='lat' dir='ltr'>lectio</span> <span class='ocrx_word' id='word_1_156' title='bbox 410 1268 732 1318; x_wconf 80' lang='lat' dir='ltr'>quaejustificationem</span> <span class='ocrx_word' id='word_1_157' title='bbox 741 1266 889 1314; x_wconf 79' lang='lat' dir='ltr'>sequitur,</span> <span class='ocrx_word' id='word_1_158' title='bbox 904 1270 935 1300; x_wconf 90' lang='lat'>&amp;</span> <span class='ocrx_word' id='word_1_159' title='bbox 948 1266 1058 1299; x_wconf 89' lang='lat' dir='ltr'>realem</span> 
     </span>
     <span class='ocr_line' id='line_1_26' title="bbox 305 1314 1057 1365; baseline -0.011 -10"><span class='ocrx_word' id='word_1_160' title='bbox 305 1320 511 1355; x_wconf 69' lang='lat' dir='ltr'>differentiam</span> <span class='ocrx_word' id='word_1_161' title='bbox 525 1330 616 1365; x_wconf 86' lang='lat' dir='ltr'>quam</span> <span class='ocrx_word' id='word_1_162' title='bbox 630 1317 722 1364; x_wconf 78' lang='lat' dir='ltr'>gratia</span> <span class='ocrx_word' id='word_1_163' title='bbox 735 1314 900 1360; x_wconf 83' lang='lat' dir='ltr'>justificans</span> <span class='ocrx_word' id='word_1_164' title='bbox 913 1315 1057 1361; x_wconf 88' lang='lat' dir='ltr'>ponitin-</span> 
     </span>
     <span class='ocr_line' id='line_1_27' title="bbox 305 1361 1061 1414; baseline -0.012 -8"><span class='ocrx_word' id='word_1_165' title='bbox 305 1382 351 1406; x_wconf 88' lang='lat' dir='ltr'>ter</span> <span class='ocrx_word' id='word_1_166' title='bbox 368 1369 485 1403; x_wconf 67' lang='lat' dir='ltr'>eleetos</span> <span class='ocrx_word' id='word_1_167' title='bbox 500 1372 529 1403; x_wconf 63' lang='grc' dir='ltr'>δι’</span> <span class='ocrx_word' id='word_1_168' title='bbox 545 1367 697 1414; x_wconf 85' lang='lat' dir='ltr'>reprobos</span> <span class='ocrx_word' id='word_1_169' title='bbox 708 1390 716 1402; x_wconf 86' lang='lat'>‚</span> <span class='ocrx_word' id='word_1_170' title='bbox 736 1366 790 1413; x_wconf 81' lang='lat' dir='ltr'>qui</span> <span class='ocrx_word' id='word_1_171' title='bbox 802 1364 866 1398; x_wconf 80' lang='lat' dir='ltr'>haec</span> <span class='ocrx_word' id='word_1_172' title='bbox 880 1364 994 1398; x_wconf 62' lang='lat' dir='ltr'>electio</span> <span class='ocrx_word' id='word_1_173' title='bbox 1005 1361 1061 1397; x_wconf 83' lang='lat' dir='ltr'>effe</span> 
     </span>
     <span class='ocr_line' id='line_1_28' title="bbox 305 1412 1061 1468; baseline -0.011 -14"><span class='ocrx_word' id='word_1_174' title='bbox 305 1419 441 1468; x_wconf 75' lang='lat' dir='ltr'>poruerit</span> <span class='ocrx_word' id='word_1_175' title='bbox 454 1427 521 1451; x_wconf 86' lang='lat' dir='ltr'>ante</span> <span class='ocrx_word' id='word_1_176' title='bbox 529 1414 907 1450; x_wconf 85' lang='lat' dir='ltr'>mundiconstitutionem.</span> <span class='ocrx_word' id='word_1_177' title='bbox 920 1412 1061 1460; x_wconf 84' lang='lat' dir='ltr'>Respon-</span> 
     </span>
     <span class='ocr_line' id='line_1_29' title="bbox 306 1463 1061 1515; baseline -0.011 -11"><span class='ocrx_word' id='word_1_178' title='bbox 306 1469 358 1504; x_wconf 85' lang='lat' dir='ltr'>det</span> <span class='ocrx_word' id='word_1_179' title='bbox 366 1466 495 1515; x_wconf 86' lang='lat' dir='ltr'>August.</span> <span class='ocrx_word' id='word_1_180' title='bbox 509 1464 592 1499; x_wconf 78' lang='lat' dir='ltr'>fuisse</span> <span class='ocrx_word' id='word_1_181' title='bbox 600 1463 800 1512; x_wconf 69' lang='lat' dir='ltr'>praescientia,</span> <span class='ocrx_word' id='word_1_182' title='bbox 814 1472 907 1510; x_wconf 88' lang='lat' dir='ltr'>prout</span> <span class='ocrx_word' id='word_1_183' title='bbox 920 1463 969 1496; x_wconf 89' lang='lat' dir='ltr'>alii</span> <span class='ocrx_word' id='word_1_184' title='bbox 983 1473 1061 1497; x_wconf 87' lang='lat' dir='ltr'>tem-</span> 
     </span>
     <span class='ocr_line' id='line_1_30' title="bbox 305 1511 1062 1566; baseline -0.008 -15"><span class='ocrx_word' id='word_1_185' title='bbox 305 1518 427 1566; x_wconf 86' lang='lat' dir='ltr'>porales</span> <span class='ocrx_word' id='word_1_186' title='bbox 441 1516 525 1549; x_wconf 63' lang='lat' dir='ltr'>aetus</span> <span class='ocrx_word' id='word_1_187' title='bbox 538 1513 622 1553; x_wconf 85' lang='lat' dir='ltr'>sunt,</span> <span class='ocrx_word' id='word_1_188' title='bbox 639 1516 670 1547; x_wconf 88' lang='lat' dir='ltr'>in</span> <span class='ocrx_word' id='word_1_189' title='bbox 681 1511 891 1547; x_wconf 68' lang='lat' dir='ltr'>mentedivinfi</span> <span class='ocrx_word' id='word_1_190' title='bbox 899 1523 966 1546; x_wconf 84' lang='lat' dir='ltr'>ante</span> <span class='ocrx_word' id='word_1_191' title='bbox 974 1524 1062 1546; x_wconf 91' lang='lat' dir='ltr'>mun-</span> 
     </span>
     <span class='ocr_line' id='line_1_31' title="bbox 306 1561 1062 1610; baseline -0.009 -9"><span class='ocrx_word' id='word_1_192' title='bbox 306 1567 396 1601; x_wconf 90' lang='lat' dir='ltr'>dum:</span> <span class='ocrx_word' id='word_1_193' title='bbox 409 1565 517 1599; x_wconf 86' lang='lat' dir='ltr'>addere</span> <span class='ocrx_word' id='word_1_194' title='bbox 530 1564 579 1597; x_wconf 79' lang='lat' dir='ltr'>hic</span> <span class='ocrx_word' id='word_1_195' title='bbox 592 1561 781 1610; x_wconf 84' lang='lat' dir='ltr'>praescientiae</span> <span class='ocrx_word' id='word_1_196' title='bbox 795 1561 918 1601; x_wconf 88' lang='lat' dir='ltr'>merita,</span> <span class='ocrx_word' id='word_1_197' title='bbox 936 1561 1022 1608; x_wconf 86' lang='lat' dir='ltr'>quod</span> <span class='ocrx_word' id='word_1_198' title='bbox 1030 1571 1062 1595; x_wconf 92' lang='lat' dir='ltr'>tu</span> 
     </span>
     <span class='ocr_line' id='line_1_32' title="bbox 307 1610 1063 1663; baseline -0.007 -13"><span class='ocrx_word' id='word_1_199' title='bbox 307 1615 377 1663; x_wconf 84' lang='lat' dir='ltr'>pol&#39;t</span> <span class='ocrx_word' id='word_1_200' title='bbox 392 1615 513 1657; x_wconf 76' lang='lat' dir='ltr'><em>Voffium</em></span> <span class='ocrx_word' id='word_1_201' title='bbox 526 1611 613 1652; x_wconf 83' lang='lat' dir='ltr'>facis,</span> <span class='ocrx_word' id='word_1_202' title='bbox 630 1610 674 1646; x_wconf 90' lang='lat' dir='ltr'>est</span> <span class='ocrx_word' id='word_1_203' title='bbox 682 1611 792 1646; x_wconf 89' lang='lat' dir='ltr'>cudere</span> <span class='ocrx_word' id='word_1_204' title='bbox 802 1611 1063 1646; x_wconf 86' lang='lat' dir='ltr'>commentarium</span> 
     </span>
     <span class='ocr_line' id='line_1_33' title="bbox 307 1661 632 1713; baseline -0.009 -15"><span class='ocrx_word' id='word_1_205' title='bbox 307 1665 485 1713; x_wconf 84' lang='lat' dir='ltr'>quitextum</span> <span class='ocrx_word' id='word_1_206' title='bbox 497 1661 632 1711; x_wconf 83' lang='lat' dir='ltr'>destruit.</span> 
     </span>
    </p>

    <p class='ocr_par' dir='ltr' id='par_1_2' title="bbox 308 1709 1072 2841">
     <span class='ocr_line' id='line_1_34' title="bbox 356 1709 1061 1758; baseline -0.01 -10"><span class='ocrx_word' id='word_1_207' title='bbox 356 1713 481 1748; x_wconf 74' lang='lat' dir='ltr'>Ultimo</span> <span class='ocrx_word' id='word_1_208' title='bbox 501 1713 573 1746; x_wconf 88' lang='lat' dir='ltr'>citas</span> <span class='ocrx_word' id='word_1_209' title='bbox 588 1724 624 1746; x_wconf 88' lang='lat' dir='ltr'>ex</span> <span class='ocrx_word' id='word_1_210' title='bbox 643 1711 755 1746; x_wconf 89' lang='lat' dir='ltr'>eodem</span> <span class='ocrx_word' id='word_1_211' title='bbox 775 1709 962 1758; x_wconf 63' lang='lat' dir='ltr'>eAugufz‘ini</span> <span class='ocrx_word' id='word_1_212' title='bbox 979 1709 1061 1743; x_wconf 88' lang='lat' dir='ltr'>loco.</span> 
     </span>
     <span class='ocr_line' id='line_1_35' title="bbox 308 1756 1064 1809; baseline -0.008 -11"><span class='ocrx_word' id='word_1_213' title='bbox 308 1764 387 1799; x_wconf 91' lang='lat' dir='ltr'>Non</span> <span class='ocrx_word' id='word_1_214' title='bbox 402 1762 446 1797; x_wconf 91' lang='lat' dir='ltr'>est</span> <span class='ocrx_word' id='word_1_215' title='bbox 460 1762 574 1796; x_wconf 66' lang='lat' dir='ltr'>eleetus</span> <span class='ocrx_word' id='word_1_216' title='bbox 583 1761 685 1809; x_wconf 84' lang='lat' dir='ltr'>Jacob</span> <span class='ocrx_word' id='word_1_217' title='bbox 705 1771 738 1795; x_wconf 91' lang='lat' dir='ltr'>ut</span> <span class='ocrx_word' id='word_1_218' title='bbox 756 1758 843 1795; x_wconf 86' lang='lat' dir='ltr'>fieret</span> <span class='ocrx_word' id='word_1_219' title='bbox 864 1759 965 1793; x_wconf 88' lang='lat' dir='ltr'>bonus</span> <span class='ocrx_word' id='word_1_220' title='bbox 982 1783 990 1795; x_wconf 90' lang='lat'>‚</span> <span class='ocrx_word' id='word_1_221' title='bbox 1016 1756 1064 1793; x_wconf 90' lang='lat' dir='ltr'>sed</span> 
     </span>
     <span class='ocr_line' id='line_1_36' title="bbox 309 1808 1062 1858; baseline -0.011 -11"><span class='ocrx_word' id='word_1_222' title='bbox 309 1813 413 1847; x_wconf 88' lang='lat' dir='ltr'>bonus</span> <span class='ocrx_word' id='word_1_223' title='bbox 421 1810 517 1846; x_wconf 58' lang='lat' dir='ltr'>sanstus</span> <span class='ocrx_word' id='word_1_224' title='bbox 526 1812 596 1858; x_wconf 85' lang='lat' dir='ltr'>eligi</span> <span class='ocrx_word' id='word_1_225' title='bbox 606 1811 719 1858; x_wconf 87' lang='lat' dir='ltr'>potuit.</span> <span class='ocrx_word' id='word_1_226' title='bbox 732 1811 808 1844; x_wconf 85' lang='lat' dir='ltr'>Hoc</span> <span class='ocrx_word' id='word_1_227' title='bbox 817 1833 825 1846; x_wconf 84' lang='lat'>,</span> <span class='ocrx_word' id='word_1_228' title='bbox 840 1809 939 1856; x_wconf 88' lang='lat' dir='ltr'>inquit</span> <span class='ocrx_word' id='word_1_229' title='bbox 948 1808 1062 1850; x_wconf 70' lang='lat' dir='ltr'><em>Voffim,</em></span> 
     </span>
     <span class='ocr_line' id='line_1_37' title="bbox 310 1856 1065 1909; baseline -0.008 -13"><span class='ocrx_word' id='word_1_230' title='bbox 310 1875 467 1909; x_wconf 82' lang='lat' dir='ltr'>nunquam</span> <span class='ocrx_word' id='word_1_231' title='bbox 482 1859 855 1908; x_wconf 63' lang='lat' dir='ltr'>retra&amp;avitAugastinus.</span> <span class='ocrx_word' id='word_1_232' title='bbox 871 1856 964 1905; x_wconf 85' lang='lat' dir='ltr'>Resp.</span> <span class='ocrx_word' id='word_1_233' title='bbox 979 1857 1065 1891; x_wconf 90' lang='lat' dir='ltr'>Nihil</span> 
     </span>
     <span class='ocr_line' id='line_1_38' title="bbox 311 1907 1064 1953; baseline -0.008 -7"><span class='ocrx_word' id='word_1_234' title='bbox 311 1910 428 1946; x_wconf 82' lang='lat' dir='ltr'>neceffe</span> <span class='ocrx_word' id='word_1_235' title='bbox 443 1909 500 1944; x_wconf 88' lang='lat' dir='ltr'>fuit</span> <span class='ocrx_word' id='word_1_236' title='bbox 513 1909 665 1943; x_wconf 76' lang='lat' dir='ltr'>istaverba</span> <span class='ocrx_word' id='word_1_237' title='bbox 677 1909 847 1949; x_wconf 60' lang='lat' dir='ltr'>rcuafkari,</span> <span class='ocrx_word' id='word_1_238' title='bbox 864 1907 883 1942; x_wconf 80' lang='lat' dir='ltr'>si</span> <span class='ocrx_word' id='word_1_239' title='bbox 895 1907 932 1942; x_wconf 89' lang='lat' dir='ltr'>de</span> <span class='ocrx_word' id='word_1_240' title='bbox 944 1918 1064 1953; x_wconf 87' lang='lat' dir='ltr'>tempo—</span> 
     </span>
     <span class='ocr_line' id='line_1_39' title="bbox 312 1957 1066 2005; baseline -0.007 -10"><span class='ocrx_word' id='word_1_241' title='bbox 312 1959 365 1994; x_wconf 85' lang='lat' dir='ltr'>rali</span> <span class='ocrx_word' id='word_1_242' title='bbox 379 1959 763 2005; x_wconf 67' lang='lat' dir='ltr'>eleffloneintelligantur,</span> <span class='ocrx_word' id='word_1_243' title='bbox 777 1959 816 1992; x_wconf 80' lang='lat' dir='ltr'>ita</span> <span class='ocrx_word' id='word_1_244' title='bbox 830 1958 913 1991; x_wconf 87' lang='lat' dir='ltr'>enim</span> <span class='ocrx_word' id='word_1_245' title='bbox 921 1957 1066 1991; x_wconf 83' lang='lat' dir='ltr'>verissima</span> 
     </span>
     <span class='ocr_line' id='line_1_40' title="bbox 312 2005 1067 2054; baseline -0.004 -11"><span class='ocrx_word' id='word_1_246' title='bbox 312 2008 378 2043; x_wconf 83' lang='lat' dir='ltr'>sunt</span> <span class='ocrx_word' id='word_1_247' title='bbox 391 2034 400 2049; x_wconf 85' lang='lat'>‚</span> <span class='ocrx_word' id='word_1_248' title='bbox 419 2008 468 2043; x_wconf 85' lang='lat' dir='ltr'>sed</span> <span class='ocrx_word' id='word_1_249' title='bbox 491 2008 565 2041; x_wconf 86' lang='lat' dir='ltr'>nihil</span> <span class='ocrx_word' id='word_1_250' title='bbox 580 2008 615 2041; x_wconf 83' lang='lat' dir='ltr'>ad</span> <span class='ocrx_word' id='word_1_251' title='bbox 628 2006 764 2041; x_wconf 80' lang='lat' dir='ltr'>nostram</span> <span class='ocrx_word' id='word_1_252' title='bbox 783 2006 987 2054; x_wconf 78' lang='lat' dir='ltr'>quaestioncm</span> <span class='ocrx_word' id='word_1_253' title='bbox 1003 2005 1067 2054; x_wconf 88' lang='lat' dir='ltr'>spe-</span> 
     </span>
     <span class='ocr_line' id='line_1_41' title="bbox 314 2053 1067 2107; baseline -0.005 -14"><span class='ocrx_word' id='word_1_254' title='bbox 314 2060 436 2093; x_wconf 58' lang='lat' dir='ltr'>&amp;antia</span> <span class='ocrx_word' id='word_1_255' title='bbox 464 2057 563 2107; x_wconf 80' lang='lat' dir='ltr'>Qod</span> <span class='ocrx_word' id='word_1_256' title='bbox 576 2053 681 2091; x_wconf 79' lang='lat' dir='ltr'>autem</span> <span class='ocrx_word' id='word_1_257' title='bbox 690 2057 727 2092; x_wconf 81' lang='lat' dir='ltr'>de</span> <span class='ocrx_word' id='word_1_258' title='bbox 738 2056 901 2104; x_wconf 84' lang='lat' dir='ltr'>temporali</span> <span class='ocrx_word' id='word_1_259' title='bbox 914 2056 1067 2091; x_wconf 63' lang='lat' dir='ltr'>electione</span> 
     </span>
     <span class='ocr_line' id='line_1_42' title="bbox 312 2106 1067 2153; baseline -0.004 -11"><span class='ocrx_word' id='word_1_260' title='bbox 312 2110 399 2142; x_wconf 79' lang='lat' dir='ltr'>locus</span> <span class='ocrx_word' id='word_1_261' title='bbox 414 2106 580 2141; x_wconf 73' lang='lat' dir='ltr'>necessario</span> <span class='ocrx_word' id='word_1_262' title='bbox 594 2107 786 2153; x_wconf 87' lang='lat' dir='ltr'>accipiendus</span> <span class='ocrx_word' id='word_1_263' title='bbox 802 2106 862 2153; x_wconf 34' lang='lat' dir='ltr'>litl,</span> <span class='ocrx_word' id='word_1_264' title='bbox 885 2106 978 2140; x_wconf 86' lang='lat' dir='ltr'>verba</span> <span class='ocrx_word' id='word_1_265' title='bbox 993 2118 1067 2152; x_wconf 87' lang='lat' dir='ltr'>prae-</span> 
     </span>
     <span class='ocr_line' id='line_1_43' title="bbox 315 2155 1067 2204; baseline -0.004 -13"><span class='ocrx_word' id='word_1_266' title='bbox 315 2157 453 2191; x_wconf 78' lang='lat' dir='ltr'>cedentia</span> <span class='ocrx_word' id='word_1_267' title='bbox 464 2155 692 2190; x_wconf 88' lang='lat' dir='ltr'>demonstrant:</span> <span class='ocrx_word' id='word_1_268' title='bbox 705 2156 785 2190; x_wconf 85' lang='lat' dir='ltr'>nulla</span> <span class='ocrx_word' id='word_1_269' title='bbox 795 2168 871 2204; x_wconf 86' lang='lat' dir='ltr'>ergo</span> <span class='ocrx_word' id='word_1_270' title='bbox 881 2180 890 2195; x_wconf 88' lang='lat'><em>,</em></span> <span class='ocrx_word' id='word_1_271' title='bbox 906 2155 1019 2203; x_wconf 86' lang='lat' dir='ltr'>inquit,</span> <span class='ocrx_word' id='word_1_272' title='bbox 1035 2167 1067 2188; x_wconf 90' lang='lat' dir='ltr'>e-</span> 
     </span>
     <span class='ocr_line' id='line_1_44' title="bbox 315 2204 1066 2252; baseline -0.003 -13"><span class='ocrx_word' id='word_1_273' title='bbox 315 2207 410 2239; x_wconf 65' lang='lat' dir='ltr'>lectio</span> <span class='ocrx_word' id='word_1_274' title='bbox 428 2205 471 2238; x_wconf 88' lang='lat' dir='ltr'>est</span> <span class='ocrx_word' id='word_1_275' title='bbox 487 2229 496 2244; x_wconf 93' lang='lat'><em>‚</em></span> <span class='ocrx_word' id='word_1_276' title='bbox 521 2216 685 2251; x_wconf 81' lang='lat' dir='ltr'>antequam</span> <span class='ocrx_word' id='word_1_277' title='bbox 698 2204 769 2239; x_wconf 77' lang='lat' dir='ltr'>effer</span> <span class='ocrx_word' id='word_1_278' title='bbox 783 2205 870 2252; x_wconf 88' lang='lat' dir='ltr'>quod</span> <span class='ocrx_word' id='word_1_279' title='bbox 883 2205 1045 2252; x_wconf 82' lang='lat' dir='ltr'>eligeretur</span> <span class='ocrx_word' id='word_1_280' title='bbox 1057 2228 1066 2242; x_wconf 90' lang='lat'>‚</span> 
     </span>
     <span class='ocr_line' id='line_1_45' title="bbox 317 2251 1065 2300; baseline -0.007 -12"><span class='ocrx_word' id='word_1_281' title='bbox 317 2267 381 2288; x_wconf 88' lang='lat' dir='ltr'>non</span> <span class='ocrx_word' id='word_1_282' title='bbox 397 2266 473 2300; x_wconf 86' lang='lat' dir='ltr'>ergo</span> <span class='ocrx_word' id='word_1_283' title='bbox 487 2253 601 2286; x_wconf 65' lang='lat' dir='ltr'>electus</span> <span class='ocrx_word' id='word_1_284' title='bbox 615 2252 670 2292; x_wconf 88' lang='lat' dir='ltr'>cst,</span> <span class='ocrx_word' id='word_1_285' title='bbox 679 2264 711 2286; x_wconf 90' lang='lat' dir='ltr'>ut</span> <span class='ocrx_word' id='word_1_286' title='bbox 724 2252 810 2286; x_wconf 75' lang='lat' dir='ltr'>fieret</span> <span class='ocrx_word' id='word_1_287' title='bbox 823 2253 935 2287; x_wconf 87' lang='lat' dir='ltr'>bonus,</span> <span class='ocrx_word' id='word_1_288' title='bbox 950 2251 998 2285; x_wconf 85' lang='lat' dir='ltr'>sed</span> <span class='ocrx_word' id='word_1_289' title='bbox 1008 2253 1065 2284; x_wconf 90' lang='lat' dir='ltr'>bo-</span> 
     </span>
     <span class='ocr_line' id='line_1_46' title="bbox 317 2298 1067 2348; baseline -0.008 -12"><span class='ocrx_word' id='word_1_290' title='bbox 317 2316 373 2337; x_wconf 90' lang='lat' dir='ltr'>nus</span> <span class='ocrx_word' id='word_1_291' title='bbox 386 2301 483 2336; x_wconf 67' lang='lat' dir='ltr'>factus</span> <span class='ocrx_word' id='word_1_292' title='bbox 496 2302 566 2348; x_wconf 80' lang='lat' dir='ltr'>eligi</span> <span class='ocrx_word' id='word_1_293' title='bbox 580 2302 700 2348; x_wconf 82' lang='lat' dir='ltr'>potuit3</span> <span class='ocrx_word' id='word_1_294' title='bbox 719 2301 856 2347; x_wconf 85' lang='lat' dir='ltr'>loquitur</span> <span class='ocrx_word' id='word_1_295' title='bbox 868 2298 919 2332; x_wconf 79' lang='lat' dir='ltr'>bic</span> <span class='ocrx_word' id='word_1_296' title='bbox 939 2301 1067 2346; x_wconf 71' lang='lat' dir='ltr'>eAngu-</span> 
     </span>
     <span class='ocr_line' id='line_1_47' title="bbox 317 2346 1066 2397; baseline -0.008 -12"><span class='ocrx_word' id='word_1_297' title='bbox 317 2354 413 2386; x_wconf 56' lang='lat' dir='ltr'>stt&#39;nus</span> <span class='ocrx_word' id='word_1_298' title='bbox 439 2349 540 2397; x_wconf 75' lang='lat' dir='ltr'>aperte</span> <span class='ocrx_word' id='word_1_299' title='bbox 568 2351 605 2383; x_wconf 89' lang='lat' dir='ltr'>de</span> <span class='ocrx_word' id='word_1_300' title='bbox 631 2348 810 2382; x_wconf 82' lang='lat' dir='ltr'>hominibus</span> <span class='ocrx_word' id='word_1_301' title='bbox 830 2351 892 2392; x_wconf 76' lang='lat' dir='ltr'>jam</span> <span class='ocrx_word' id='word_1_302' title='bbox 913 2346 1066 2380; x_wconf 85' lang='lat' dir='ltr'>existenti—</span> 
     </span>
     <span class='ocr_line' id='line_1_48' title="bbox 317 2393 1067 2447; baseline -0.009 -12"><span class='ocrx_word' id='word_1_303' title='bbox 317 2402 373 2435; x_wconf 87' lang='lat' dir='ltr'>bus</span> <span class='ocrx_word' id='word_1_304' title='bbox 386 2425 396 2440; x_wconf 87' lang='lat'><strong>,</strong></span> <span class='ocrx_word' id='word_1_305' title='bbox 420 2412 521 2447; x_wconf 83' lang='lat' dir='ltr'>neque</span> <span class='ocrx_word' id='word_1_306' title='bbox 539 2398 658 2432; x_wconf 75' lang='lat' dir='ltr'>tautum</span> <span class='ocrx_word' id='word_1_307' title='bbox 676 2397 874 2431; x_wconf 78' lang='lat' dir='ltr'>existentibus</span> <span class='ocrx_word' id='word_1_308' title='bbox 888 2402 905 2436; x_wconf 67' lang='lat'>‚&#39;</span> <span class='ocrx_word' id='word_1_309' title='bbox 929 2393 978 2430; x_wconf 89' lang='lat' dir='ltr'>sed</span> <span class='ocrx_word' id='word_1_310' title='bbox 995 2396 1067 2429; x_wconf 61' lang='lat' dir='ltr'>aGtu</span> 
     </span>
     <span class='ocr_line' id='line_1_49' title="bbox 316 2445 1067 2497; baseline -0.008 -12"><span class='ocrx_word' id='word_1_311' title='bbox 316 2451 426 2485; x_wconf 91' lang='lat' dir='ltr'>bonis:</span> <span class='ocrx_word' id='word_1_312' title='bbox 441 2449 525 2497; x_wconf 86' lang='lat' dir='ltr'>quod</span> <span class='ocrx_word' id='word_1_313' title='bbox 540 2447 559 2481; x_wconf 84' lang='lat' dir='ltr'>fi</span> <span class='ocrx_word' id='word_1_314' title='bbox 573 2448 610 2482; x_wconf 88' lang='lat' dir='ltr'>de</span> <span class='ocrx_word' id='word_1_315' title='bbox 626 2458 735 2482; x_wconf 83' lang='lat' dir='ltr'>aeterna</span> <span class='ocrx_word' id='word_1_316' title='bbox 748 2447 901 2480; x_wconf 63' lang='lat' dir='ltr'>ele-stione</span> <span class='ocrx_word' id='word_1_317' title='bbox 914 2445 1004 2480; x_wconf 88' lang='lat' dir='ltr'>verba</span> <span class='ocrx_word' id='word_1_318' title='bbox 1017 2458 1067 2479; x_wconf 88' lang='lat' dir='ltr'>ve-</span> 
     </span>
     <span class='ocr_line' id='line_1_50' title="bbox 316 2495 1066 2545; baseline -0.007 -12"><span class='ocrx_word' id='word_1_319' title='bbox 316 2501 352 2533; x_wconf 87' lang='lat' dir='ltr'>lis</span> <span class='ocrx_word' id='word_1_320' title='bbox 374 2499 564 2545; x_wconf 81' lang='lat' dir='ltr'>intelligere,</span> <span class='ocrx_word' id='word_1_321' title='bbox 591 2496 669 2530; x_wconf 82' lang='lat' dir='ltr'>nihil</span> <span class='ocrx_word' id='word_1_322' title='bbox 689 2506 751 2530; x_wconf 81' lang='lat' dir='ltr'>erat</span> <span class='ocrx_word' id='word_1_323' title='bbox 768 2495 854 2543; x_wconf 89' lang='lat' dir='ltr'>quod</span> <span class='ocrx_word' id='word_1_324' title='bbox 874 2495 905 2528; x_wconf 92' lang='lat' dir='ltr'>in</span> <span class='ocrx_word' id='word_1_325' title='bbox 925 2495 1066 2528; x_wconf 57' lang='lat' dir='ltr'>tetrafita-</span> 
     </span>
     <span class='ocr_line' id='line_1_51' title="bbox 317 2543 1068 2593; baseline -0.008 -10"><span class='ocrx_word' id='word_1_326' title='bbox 317 2549 455 2583; x_wconf 86' lang='lat' dir='ltr'>tionibus</span> <span class='ocrx_word' id='word_1_327' title='bbox 469 2546 522 2582; x_wconf 84' lang='lat' dir='ltr'>ista</span> <span class='ocrx_word' id='word_1_328' title='bbox 535 2557 665 2593; x_wconf 84' lang='lat' dir='ltr'>poneret</span> <span class='ocrx_word' id='word_1_329' title='bbox 678 2569 687 2585; x_wconf 88' lang='lat'>‚</span> <span class='ocrx_word' id='word_1_330' title='bbox 714 2545 785 2579; x_wconf 72' lang='lat' dir='ltr'>cum</span> <span class='ocrx_word' id='word_1_331' title='bbox 799 2543 977 2579; x_wconf 76' lang='lat' dir='ltr'>sententiam</span> <span class='ocrx_word' id='word_1_332' title='bbox 991 2544 1068 2578; x_wconf 84' lang='lat' dir='ltr'>hanc</span> 
     </span>
     <span class='ocr_line' id='line_1_52' title="bbox 317 2593 1069 2643; baseline -0.007 -11"><span class='ocrx_word' id='word_1_333' title='bbox 317 2599 390 2632; x_wconf 88' lang='lat' dir='ltr'>loco</span> <span class='ocrx_word' id='word_1_334' title='bbox 404 2596 469 2643; x_wconf 91' lang='lat' dir='ltr'>ipso</span> <span class='ocrx_word' id='word_1_335' title='bbox 488 2609 548 2642; x_wconf 83' lang='lat' dir='ltr'>prae</span> <span class='ocrx_word' id='word_1_336' title='bbox 562 2595 703 2629; x_wconf 84' lang='lat' dir='ltr'>manibus</span> <span class='ocrx_word' id='word_1_337' title='bbox 720 2593 876 2642; x_wconf 86' lang='lat' dir='ltr'>plusquam</span> <span class='ocrx_word' id='word_1_338' title='bbox 889 2594 1003 2628; x_wconf 81' lang='lat' dir='ltr'>centies</span> <span class='ocrx_word' id='word_1_339' title='bbox 1021 2606 1069 2627; x_wconf 85' lang='lat' dir='ltr'>re-</span> 
     </span>
     <span class='ocr_line' id='line_1_53' title="bbox 318 2642 1065 2693; baseline -0.007 -12"><span class='ocrx_word' id='word_1_340' title='bbox 318 2645 566 2693; x_wconf 70' lang='lat' dir='ltr'>jiciat‚saepiffime</span> <span class='ocrx_word' id='word_1_341' title='bbox 576 2643 785 2678; x_wconf 81' lang='lat' dir='ltr'>demonstrans</span> <span class='ocrx_word' id='word_1_342' title='bbox 794 2642 851 2678; x_wconf 81' lang='lat' dir='ltr'>effe</span> <span class='ocrx_word' id='word_1_343' title='bbox 864 2654 969 2677; x_wconf 82' lang='lat' dir='ltr'>contra</span> <span class='ocrx_word' id='word_1_344' title='bbox 977 2645 1065 2690; x_wconf 88' lang='lat' dir='ltr'>Apo-</span> 
     </span>
     <span class='ocr_line' id='line_1_54' title="bbox 320 2690 1070 2743; baseline -0.007 -13"><span class='ocrx_word' id='word_1_345' title='bbox 320 2697 433 2730; x_wconf 87' lang='lat' dir='ltr'>stolum</span> <span class='ocrx_word' id='word_1_346' title='bbox 450 2694 593 2743; x_wconf 51' lang='lat' dir='ltr'>placebam</span> <span class='ocrx_word' id='word_1_347' title='bbox 605 2718 615 2733; x_wconf 84' lang='lat'>‚</span> <span class='ocrx_word' id='word_1_348' title='bbox 636 2704 777 2727; x_wconf 80' lang='lat' dir='ltr'>:eternam</span> <span class='ocrx_word' id='word_1_349' title='bbox 791 2692 978 2726; x_wconf 62' lang='lat' dir='ltr'>eleetioncm</span> <span class='ocrx_word' id='word_1_350' title='bbox 991 2690 1070 2726; x_wconf 80' lang='lat' dir='ltr'>face-</span> 
     </span>
     <span class='ocr_line' id='line_1_55' title="bbox 320 2740 1070 2782; baseline -0.007 -3"><span class='ocrx_word' id='word_1_351' title='bbox 320 2758 353 2779; x_wconf 86' lang='lat' dir='ltr'>re</span> <span class='ocrx_word' id='word_1_352' title='bbox 366 2746 462 2780; x_wconf 83' lang='lat' dir='ltr'>velex</span> <span class='ocrx_word' id='word_1_353' title='bbox 476 2744 610 2782; x_wconf 84' lang='lat' dir='ltr'>meritis,</span> <span class='ocrx_word' id='word_1_354' title='bbox 635 2743 681 2777; x_wconf 86' lang='lat' dir='ltr'>vel</span> <span class='ocrx_word' id='word_1_355' title='bbox 694 2742 874 2776; x_wconf 87' lang='lat' dir='ltr'>conditione</span> <span class='ocrx_word' id='word_1_356' title='bbox 886 2740 958 2776; x_wconf 85' lang='lat' dir='ltr'>fidei</span> <span class='ocrx_word' id='word_1_357' title='bbox 971 2752 1020 2775; x_wconf 89' lang='lat' dir='ltr'>aut</span> <span class='ocrx_word' id='word_1_358' title='bbox 1034 2754 1070 2774; x_wconf 95' lang='lat' dir='ltr'>o-</span> 
     </span>
     <span class='ocr_line' id='line_1_56' title="bbox 322 2788 1072 2841; baseline -0.005 -13"><span class='ocrx_word' id='word_1_359' title='bbox 322 2807 429 2841; x_wconf 87' lang='lat' dir='ltr'>perum</span> <span class='ocrx_word' id='word_1_360' title='bbox 444 2820 452 2833; x_wconf 89' lang='lat'><em>‚</em></span> <span class='ocrx_word' id='word_1_361' title='bbox 473 2792 521 2827; x_wconf 89' lang='lat' dir='ltr'>scu</span> <span class='ocrx_word' id='word_1_362' title='bbox 536 2794 566 2826; x_wconf 88' lang='lat' dir='ltr'>in</span> <span class='ocrx_word' id='word_1_363' title='bbox 579 2804 722 2839; x_wconf 78' lang='lat' dir='ltr'>tempore</span> <span class='ocrx_word' id='word_1_364' title='bbox 739 2790 947 2827; x_wconf 79' lang='lat' dir='ltr'>existentium,</span> <span class='ocrx_word' id='word_1_365' title='bbox 973 2788 1020 2824; x_wconf 86' lang='lat' dir='ltr'>seu</span> <span class='ocrx_word' id='word_1_366' title='bbox 1034 2789 1072 2824; x_wconf 90' lang='lat' dir='ltr'>ab</span> 
     </span>
    </p>
   </div>
   <div class='ocr_carea' id='block_1_2' title="bbox 322 2839 1092 2890">
    <p class='ocr_par' dir='ltr' id='par_1_3' title="bbox 322 2839 1092 2890">
     <span class='ocr_line' id='line_1_57' title="bbox 322 2839 1092 2890; baseline -0.006 -12"><span class='ocrx_word' id='word_1_367' title='bbox 322 2856 435 2878; x_wconf 65' lang='lat' dir='ltr'>aeterno</span> <span class='ocrx_word' id='word_1_368' title='bbox 452 2841 668 2890; x_wconf 64' lang='lat' dir='ltr'>praescitorum.</span> <span class='ocrx_word' id='word_1_369' title='bbox 692 2842 801 2874; x_wconf 80' lang='lat' dir='ltr'>Fateor</span> <span class='ocrx_word' id='word_1_370' title='bbox 814 2841 917 2874; x_wconf 89' lang='lat' dir='ltr'>locum</span> <span class='ocrx_word' id='word_1_371' title='bbox 931 2839 992 2874; x_wconf 79' lang='lat' dir='ltr'>esse</span> <span class='ocrx_word' id='word_1_372' title='bbox 1004 2852 1073 2887; x_wconf 84' lang='lat' dir='ltr'>per·</span> <span class='ocrx_word' id='word_1_373' title='bbox 1090 2854 1092 2859; x_wconf 95' lang='lat'>·</span> 
     </span>
    </p>
   </div>
   <div class='ocr_carea' id='block_1_3' title="bbox 321 2889 1073 3232">
    <p class='ocr_par' dir='ltr' id='par_1_4' title="bbox 321 2889 1073 3232">
     <span class='ocr_line' id='line_1_58' title="bbox 321 2889 1071 2939; baseline -0.005 -13"><span class='ocrx_word' id='word_1_374' title='bbox 321 2892 524 2939; x_wconf 77' lang='lat' dir='ltr'>spicutim‚11bi</span> <span class='ocrx_word' id='word_1_375' title='bbox 532 2891 624 2924; x_wconf 84' lang='lat' dir='ltr'>docet</span> <span class='ocrx_word' id='word_1_376' title='bbox 633 2889 756 2938; x_wconf 67' lang='lat' dir='ltr'>August.</span> <span class='ocrx_word' id='word_1_377' title='bbox 763 2889 949 2923; x_wconf 59' lang='lat' dir='ltr'>electionem</span> <span class='ocrx_word' id='word_1_378' title='bbox 958 2901 993 2922; x_wconf 87' lang='lat' dir='ltr'>ex</span> <span class='ocrx_word' id='word_1_379' title='bbox 1001 2901 1071 2935; x_wconf 85' lang='lat' dir='ltr'>prae-</span> 
     </span>
     <span class='ocr_line' id='line_1_59' title="bbox 322 2938 1073 2987; baseline -0.007 -12"><span class='ocrx_word' id='word_1_380' title='bbox 322 2939 379 2976; x_wconf 77' lang='lat' dir='ltr'>visa</span> <span class='ocrx_word' id='word_1_381' title='bbox 393 2941 469 2980; x_wconf 77' lang='lat' dir='ltr'>fide,</span> <span class='ocrx_word' id='word_1_382' title='bbox 484 2939 531 2974; x_wconf 85' lang='lat' dir='ltr'>scd</span> <span class='ocrx_word' id='word_1_383' title='bbox 544 2952 643 2987; x_wconf 87' lang='lat' dir='ltr'>neque</span> <span class='ocrx_word' id='word_1_384' title='bbox 655 2951 699 2975; x_wconf 91' lang='lat' dir='ltr'>tu,</span> <span class='ocrx_word' id='word_1_385' title='bbox 716 2951 816 2985; x_wconf 85' lang='lat' dir='ltr'>neque</span> <span class='ocrx_word' id='word_1_386' title='bbox 829 2939 931 2980; x_wconf 78' lang='lat' dir='ltr'><em>Vosfius</em></span> <span class='ocrx_word' id='word_1_387' title='bbox 945 2938 975 2970; x_wconf 90' lang='lat' dir='ltr'>in</span> <span class='ocrx_word' id='word_1_388' title='bbox 989 2939 1073 2971; x_wconf 83' lang='lat' dir='ltr'>illum</span> 
     </span>
     <span class='ocr_line' id='line_1_60' title="bbox 323 2984 1073 3035; baseline -0.005 -12"><span class='ocrx_word' id='word_1_389' title='bbox 323 2990 486 3028; x_wconf 84' lang='lat' dir='ltr'>incidistis,</span> <span class='ocrx_word' id='word_1_390' title='bbox 508 2994 539 3024; x_wconf 87' lang='lat'>&amp;</span> <span class='ocrx_word' id='word_1_391' title='bbox 553 2989 573 3023; x_wconf 83' lang='lat' dir='ltr'>si</span> <span class='ocrx_word' id='word_1_392' title='bbox 588 2986 808 3035; x_wconf 81' lang='lat' dir='ltr'>produxiffetis‚</span> <span class='ocrx_word' id='word_1_393' title='bbox 824 2987 900 3020; x_wconf 86' lang='lat' dir='ltr'>nihil</span> <span class='ocrx_word' id='word_1_394' title='bbox 913 2984 1026 3020; x_wconf 80' lang='lat' dir='ltr'>feciffct</span> <span class='ocrx_word' id='word_1_395' title='bbox 1038 2987 1073 3020; x_wconf 86' lang='lat' dir='ltr'>ad</span> 
     </span>
     <span class='ocr_line' id='line_1_61' title="bbox 322 3034 1073 3085; baseline -0.007 -12"><span class='ocrx_word' id='word_1_396' title='bbox 322 3038 448 3073; x_wconf 87' lang='lat' dir='ltr'>vestram</span> <span class='ocrx_word' id='word_1_397' title='bbox 457 3037 664 3073; x_wconf 82' lang='lat' dir='ltr'>causain:nam</span> <span class='ocrx_word' id='word_1_398' title='bbox 678 3039 708 3071; x_wconf 91' lang='lat' dir='ltr'>in</span> <span class='ocrx_word' id='word_1_399' title='bbox 721 3036 950 3085; x_wconf 72' lang='lat' dir='ltr'>eoAttgustinus</span> <span class='ocrx_word' id='word_1_400' title='bbox 964 3034 1073 3070; x_wconf 86' lang='lat' dir='ltr'>fatetur</span> 
     </span>
     <span class='ocr_line' id='line_1_62' title="bbox 324 3085 1070 3133; baseline -0.004 -12"><span class='ocrx_word' id='word_1_401' title='bbox 324 3087 353 3121; x_wconf 90' lang='lat' dir='ltr'>se</span> <span class='ocrx_word' id='word_1_402' title='bbox 368 3087 473 3120; x_wconf 69' lang='lat' dir='ltr'>errfaffe</span> <span class='ocrx_word' id='word_1_403' title='bbox 486 3112 494 3125; x_wconf 93' lang='lat'>,</span> <span class='ocrx_word' id='word_1_404' title='bbox 522 3092 552 3122; x_wconf 84' lang='lat'><strong>&amp;</strong></span> <span class='ocrx_word' id='word_1_405' title='bbox 567 3088 668 3133; x_wconf 60' lang='lat' dir='ltr'>aperte</span> <span class='ocrx_word' id='word_1_406' title='bbox 685 3087 733 3120; x_wconf 82' lang='lat' dir='ltr'>illa</span> <span class='ocrx_word' id='word_1_407' title='bbox 748 3086 841 3120; x_wconf 84' lang='lat' dir='ltr'>verba</span> <span class='ocrx_word' id='word_1_408' title='bbox 856 3085 997 3119; x_wconf 65' lang='lat' dir='ltr'>retraetat</span> <span class='ocrx_word' id='word_1_409' title='bbox 1016 3085 1070 3119; x_wconf 89' lang='lat' dir='ltr'>lib.</span> 
     </span>
     <span class='ocr_line' id='line_1_63' title="bbox 323 3134 1070 3182; baseline -0.004 -11"><span class='ocrx_word' id='word_1_410' title='bbox 323 3137 464 3172; x_wconf 62' lang='lat' dir='ltr'>Retraet.</span> <span class='ocrx_word' id='word_1_411' title='bbox 479 3148 504 3169; x_wconf 85' lang='lat'>2.</span> <span class='ocrx_word' id='word_1_412' title='bbox 518 3149 579 3182; x_wconf 85' lang='lat' dir='ltr'>cap.</span> <span class='ocrx_word' id='word_1_413' title='bbox 596 3149 637 3180; x_wconf 77' lang='lat'>23.</span> <span class='ocrx_word' id='word_1_414' title='bbox 648 3137 723 3169; x_wconf 79' lang='lat' dir='ltr'>Dixi</span> <span class='ocrx_word' id='word_1_415' title='bbox 738 3136 883 3182; x_wconf 79' lang='lat' dir='ltr'>(inquit)</span> <span class='ocrx_word' id='word_1_416' title='bbox 899 3148 965 3169; x_wconf 87' lang='lat' dir='ltr'>non</span> <span class='ocrx_word' id='word_1_417' title='bbox 979 3134 1070 3181; x_wconf 79' lang='lat' dir='ltr'>elegit</span> 
     </span>
     <span class='ocr_line' id='line_1_64' title="bbox 323 3181 1071 3232; baseline -0.004 -11"><span class='ocrx_word' id='word_1_418' title='bbox 323 3189 412 3220; x_wconf 87' lang='lat' dir='ltr'>Deus</span> <span class='ocrx_word' id='word_1_419' title='bbox 425 3197 517 3232; x_wconf 75' lang='lat' dir='ltr'>opera</span> <span class='ocrx_word' id='word_1_420' title='bbox 530 3184 701 3230; x_wconf 80' lang='lat' dir='ltr'>cujusquam</span> <span class='ocrx_word' id='word_1_421' title='bbox 711 3186 739 3219; x_wconf 82' lang='lat' dir='ltr'>in</span> <span class='ocrx_word' id='word_1_422' title='bbox 748 3183 930 3230; x_wconf 68' lang='lat' dir='ltr'>praescientia</span> <span class='ocrx_word' id='word_1_423' title='bbox 938 3181 1071 3232; x_wconf 84' lang='lat' dir='ltr'>quaeipse</span> 
     </span>
    </p>
   </div>
   <div class='ocr_carea' id='block_1_4' title="bbox 1080 1324 1095 3215">
    <p class='ocr_par' dir='ltr' id='par_1_5' title="bbox 1080 1324 1095 3215">
     <span class='ocr_line' id='line_1_65' title="bbox 1080 1324 1095 3215; baseline 0 0"><span class='ocrx_word' id='word_1_424' title='bbox 1080 1324 1095 3215; x_wconf 95' lang='lat' dir='ltr'> </span> 
     </span>
    </p>
   </div>
   <div class='ocr_carea' id='block_1_5' title="bbox 719 81 1541 123">
    <p class='ocr_par' dir='ltr' id='par_1_6' title="bbox 719 81 1541 123">
     <span class='ocr_line' id='line_1_66' title="bbox 719 81 1541 123; baseline -0.007 -3"><span class='ocrx_word' id='word_1_425' title='bbox 719 81 1541 123; x_wconf 70' lang='lat' dir='ltr'>PRAEDEsT1NAT10NE‚</span> 
     </span>
    </p>
   </div>
   <div class='ocr_carea' id='block_1_6' title="bbox 1085 128 1849 1263">
    <p class='ocr_par' dir='ltr' id='par_1_7' title="bbox 1085 128 1849 1263">
     <span class='ocr_line' id='line_1_67' title="bbox 1092 128 1847 178; baseline -0.001 -12"><span class='ocrx_word' id='word_1_426' title='bbox 1092 132 1216 167; x_wconf 78' lang='lat' dir='ltr'>daturus</span> <span class='ocrx_word' id='word_1_427' title='bbox 1232 129 1275 165; x_wconf 88' lang='lat' dir='ltr'>est</span> <span class='ocrx_word' id='word_1_428' title='bbox 1292 154 1300 167; x_wconf 81' lang='lat'>‚</span> <span class='ocrx_word' id='word_1_429' title='bbox 1324 128 1373 165; x_wconf 85' lang='lat' dir='ltr'>sed</span> <span class='ocrx_word' id='word_1_430' title='bbox 1385 130 1481 165; x_wconf 87' lang='lat' dir='ltr'>fidem</span> <span class='ocrx_word' id='word_1_431' title='bbox 1494 130 1587 178; x_wconf 84' lang='lat' dir='ltr'>elegit</span> <span class='ocrx_word' id='word_1_432' title='bbox 1600 131 1630 164; x_wconf 90' lang='lat' dir='ltr'>in</span> <span class='ocrx_word' id='word_1_433' title='bbox 1643 130 1826 178; x_wconf 73' lang='lat' dir='ltr'>praescientia</span> <span class='ocrx_word' id='word_1_434' title='bbox 1838 156 1847 169; x_wconf 88' lang='lat'><em>‚</em></span> 
     </span>
     <span class='ocr_line' id='line_1_68' title="bbox 1089 178 1847 229; baseline 0.001 -15"><span class='ocrx_word' id='word_1_435' title='bbox 1089 192 1122 216; x_wconf 91' lang='lat' dir='ltr'>ut</span> <span class='ocrx_word' id='word_1_436' title='bbox 1131 206 1140 221; x_wconf 87' lang='lat'><strong>,</strong></span> <span class='ocrx_word' id='word_1_437' title='bbox 1153 193 1247 229; x_wconf 85' lang='lat' dir='ltr'>quem</span> <span class='ocrx_word' id='word_1_438' title='bbox 1261 179 1316 213; x_wconf 81' lang='lat' dir='ltr'>fibi</span> <span class='ocrx_word' id='word_1_439' title='bbox 1330 179 1520 213; x_wconf 86' lang='lat' dir='ltr'>crediturum</span> <span class='ocrx_word' id='word_1_440' title='bbox 1533 178 1691 226; x_wconf 78' lang='lat' dir='ltr'>praescivit,</span> <span class='ocrx_word' id='word_1_441' title='bbox 1710 180 1806 228; x_wconf 87' lang='lat' dir='ltr'>ipsum</span> <span class='ocrx_word' id='word_1_442' title='bbox 1814 193 1847 215; x_wconf 90' lang='lat' dir='ltr'>e-</span> 
     </span>
     <span class='ocr_line' id='line_1_69' title="bbox 1090 228 1846 278; baseline 0 -14"><span class='ocrx_word' id='word_1_443' title='bbox 1090 231 1197 278; x_wconf 84' lang='lat' dir='ltr'>ligeret</span> <span class='ocrx_word' id='word_1_444' title='bbox 1213 230 1261 263; x_wconf 91' lang='lat' dir='ltr'>cui</span> <span class='ocrx_word' id='word_1_445' title='bbox 1275 228 1411 276; x_wconf 84' lang='lat' dir='ltr'>spiritum</span> <span class='ocrx_word' id='word_1_446' title='bbox 1424 228 1560 262; x_wconf 62' lang='lat' dir='ltr'>{aurftum</span> <span class='ocrx_word' id='word_1_447' title='bbox 1579 229 1663 262; x_wconf 86' lang='lat' dir='ltr'>daret.</span> <span class='ocrx_word' id='word_1_448' title='bbox 1674 252 1684 269; x_wconf 89' lang='lat'><strong><em>,</em></strong></span> <span class='ocrx_word' id='word_1_449' title='bbox 1711 241 1744 264; x_wconf 93' lang='lat' dir='ltr'>ut</span> <span class='ocrx_word' id='word_1_450' title='bbox 1763 231 1846 264; x_wconf 83' lang='lat' dir='ltr'>bona</span> 
     </span>
     <span class='ocr_line' id='line_1_70' title="bbox 1090 277 1847 327; baseline 0 -13"><span class='ocrx_word' id='word_1_451' title='bbox 1090 280 1249 327; x_wconf 85' lang='lat' dir='ltr'>operando</span> <span class='ocrx_word' id='word_1_452' title='bbox 1257 279 1349 312; x_wconf 88' lang='lat' dir='ltr'>vitam</span> <span class='ocrx_word' id='word_1_453' title='bbox 1358 289 1502 313; x_wconf 85' lang='lat' dir='ltr'>aeternam</span> <span class='ocrx_word' id='word_1_454' title='bbox 1512 277 1759 325; x_wconf 82' lang='lat' dir='ltr'>consequeretur.</span> <span class='ocrx_word' id='word_1_455' title='bbox 1768 281 1847 314; x_wconf 82' lang='lat' dir='ltr'>Haec</span> 
     </span>
     <span class='ocr_line' id='line_1_71' title="bbox 1090 325 1846 375; baseline -0.001 -12"><span class='ocrx_word' id='word_1_456' title='bbox 1090 330 1139 363; x_wconf 90' lang='lat' dir='ltr'>ille</span> <span class='ocrx_word' id='word_1_457' title='bbox 1152 331 1275 363; x_wconf 80' lang='lat' dir='ltr'>damnat</span> <span class='ocrx_word' id='word_1_458' title='bbox 1286 338 1319 362; x_wconf 90' lang='lat' dir='ltr'>ut</span> <span class='ocrx_word' id='word_1_459' title='bbox 1328 325 1433 374; x_wconf 85' lang='lat' dir='ltr'>scripta</span> <span class='ocrx_word' id='word_1_460' title='bbox 1440 328 1564 375; x_wconf 88' lang='lat' dir='ltr'>quando</span> <span class='ocrx_word' id='word_1_461' title='bbox 1575 327 1691 373; x_wconf 87' lang='lat' dir='ltr'>juvenis</span> <span class='ocrx_word' id='word_1_462' title='bbox 1697 352 1708 367; x_wconf 92' lang='lat'>‚</span> <span class='ocrx_word' id='word_1_463' title='bbox 1723 330 1846 375; x_wconf 89' lang='lat' dir='ltr'>quando</span> 
     </span>
     <span class='ocr_line' id='line_1_72' title="bbox 1090 376 1847 425; baseline -0.001 -12"><span class='ocrx_word' id='word_1_464' title='bbox 1090 378 1252 425; x_wconf 83' lang='lat' dir='ltr'>Presbyter</span> <span class='ocrx_word' id='word_1_465' title='bbox 1262 402 1271 417; x_wconf 92' lang='lat'>‚</span> <span class='ocrx_word' id='word_1_466' title='bbox 1296 389 1353 411; x_wconf 89' lang='lat' dir='ltr'>nec</span> <span class='ocrx_word' id='word_1_467' title='bbox 1370 376 1468 411; x_wconf 87' lang='lat' dir='ltr'>adhuc</span> <span class='ocrx_word' id='word_1_468' title='bbox 1480 377 1617 412; x_wconf 71' lang='lat' dir='ltr'>accurate</span> <span class='ocrx_word' id='word_1_469' title='bbox 1629 376 1696 410; x_wconf 84' lang='lat' dir='ltr'>satis</span> <span class='ocrx_word' id='word_1_470' title='bbox 1709 389 1847 412; x_wconf 86' lang='lat' dir='ltr'>naturam</span> 
     </span>
     <span class='ocr_line' id='line_1_73' title="bbox 1090 424 1847 473; baseline 0 -13"><span class='ocrx_word' id='word_1_471' title='bbox 1090 428 1191 473; x_wconf 84' lang='lat' dir='ltr'>gratiae</span> <span class='ocrx_word' id='word_1_472' title='bbox 1200 431 1230 461; x_wconf 90' lang='lat'><strong>&amp;</strong></span> <span class='ocrx_word' id='word_1_473' title='bbox 1244 424 1516 473; x_wconf 68' lang='lat' dir='ltr'>praedestinationis</span> <span class='ocrx_word' id='word_1_474' title='bbox 1524 424 1735 473; x_wconf 79' lang='lat' dir='ltr'>perpendisset.</span> <span class='ocrx_word' id='word_1_475' title='bbox 1753 428 1847 461; x_wconf 88' lang='lat' dir='ltr'>Non-</span> 
     </span>
     <span class='ocr_line' id='line_1_74' title="bbox 1090 474 1847 522; baseline 0.003 -14"><span class='ocrx_word' id='word_1_476' title='bbox 1090 475 1163 509; x_wconf 84' lang='lat' dir='ltr'>dum</span> <span class='ocrx_word' id='word_1_477' title='bbox 1181 475 1316 522; x_wconf 86' lang='lat' dir='ltr'>(inquit)</span> <span class='ocrx_word' id='word_1_478' title='bbox 1330 474 1505 522; x_wconf 69' lang='lat' dir='ltr'>diligentius</span> <span class='ocrx_word' id='word_1_479' title='bbox 1520 474 1711 522; x_wconf 55' lang='lat' dir='ltr'>quaestam,</span> <span class='ocrx_word' id='word_1_480' title='bbox 1724 489 1781 510; x_wconf 91' lang='lat' dir='ltr'>nec</span> <span class='ocrx_word' id='word_1_481' title='bbox 1793 477 1847 510; x_wconf 86' lang='lat' dir='ltr'>ad-</span> 
     </span>
     <span class='ocr_line' id='line_1_75' title="bbox 1089 523 1846 573; baseline 0.004 -16"><span class='ocrx_word' id='word_1_482' title='bbox 1089 524 1149 559; x_wconf 86' lang='lat' dir='ltr'>huc</span> <span class='ocrx_word' id='word_1_483' title='bbox 1163 525 1339 558; x_wconf 86' lang='lat' dir='ltr'>inveneram</span> <span class='ocrx_word' id='word_1_484' title='bbox 1352 525 1447 571; x_wconf 86' lang='lat' dir='ltr'>qualis</span> <span class='ocrx_word' id='word_1_485' title='bbox 1460 523 1495 559; x_wconf 85' lang='lat' dir='ltr'>fit</span> <span class='ocrx_word' id='word_1_486' title='bbox 1513 525 1767 572; x_wconf 73' lang='lat' dir='ltr'>eleffio-gratiae‚·</span> <span class='ocrx_word' id='word_1_487' title='bbox 1778 538 1846 573; x_wconf 82' lang='lat' dir='ltr'>quae</span> 
     </span>
     <span class='ocr_line' id='line_1_76' title="bbox 1090 571 1846 621; baseline 0.004 -15"><span class='ocrx_word' id='word_1_488' title='bbox 1090 574 1197 621; x_wconf 89' lang='lat' dir='ltr'>utique</span> <span class='ocrx_word' id='word_1_489' title='bbox 1215 585 1280 606; x_wconf 91' lang='lat' dir='ltr'>non</span> <span class='ocrx_word' id='word_1_490' title='bbox 1294 571 1337 606; x_wconf 90' lang='lat' dir='ltr'>est</span> <span class='ocrx_word' id='word_1_491' title='bbox 1349 573 1460 620; x_wconf 87' lang='lat' dir='ltr'>gratia,</span> <span class='ocrx_word' id='word_1_492' title='bbox 1474 573 1496 607; x_wconf 83' lang='lat' dir='ltr'>fi</span> <span class='ocrx_word' id='word_1_493' title='bbox 1508 586 1574 608; x_wconf 86' lang='lat' dir='ltr'>eam</span> <span class='ocrx_word' id='word_1_494' title='bbox 1586 575 1693 608; x_wconf 91' lang='lat' dir='ltr'>merita</span> <span class='ocrx_word' id='word_1_495' title='bbox 1700 576 1758 609; x_wconf 79' lang='lat' dir='ltr'>ulla</span> <span class='ocrx_word' id='word_1_496' title='bbox 1770 588 1846 621; x_wconf 86' lang='lat' dir='ltr'>prae-</span> 
     </span>
     <span class='ocr_line' id='line_1_77' title="bbox 1090 621 1847 671; baseline 0.001 -14"><span class='ocrx_word' id='word_1_497' title='bbox 1090 624 1199 657; x_wconf 87' lang='lat' dir='ltr'>cedant</span> <span class='ocrx_word' id='word_1_498' title='bbox 1217 624 1337 669; x_wconf 85' lang='lat' dir='ltr'>(utrum</span> <span class='ocrx_word' id='word_1_499' title='bbox 1350 634 1404 669; x_wconf 88' lang='lat' dir='ltr'>per</span> <span class='ocrx_word' id='word_1_500' title='bbox 1415 621 1510 657; x_wconf 85' lang='lat' dir='ltr'>fidem</span> <span class='ocrx_word' id='word_1_501' title='bbox 1526 636 1562 656; x_wconf 91' lang='lat' dir='ltr'>an</span> <span class='ocrx_word' id='word_1_502' title='bbox 1575 636 1669 671; x_wconf 87' lang='lat' dir='ltr'>opera</span> <span class='ocrx_word' id='word_1_503' title='bbox 1681 623 1731 658; x_wconf 82' lang='lat' dir='ltr'>hic</span> <span class='ocrx_word' id='word_1_504' title='bbox 1743 626 1847 670; x_wconf 89' lang='lat' dir='ltr'>perin-</span> 
     </span>
     <span class='ocr_line' id='line_1_78' title="bbox 1090 671 1846 720; baseline 0.001 -13"><span class='ocrx_word' id='word_1_505' title='bbox 1090 673 1127 707; x_wconf 90' lang='lat' dir='ltr'>de</span> <span class='ocrx_word' id='word_1_506' title='bbox 1143 671 1211 719; x_wconf 82' lang='lat' dir='ltr'>est)</span> <span class='ocrx_word' id='word_1_507' title='bbox 1227 671 1314 720; x_wconf 72' lang='lat' dir='ltr'>quod</span> <span class='ocrx_word' id='word_1_508' title='bbox 1326 671 1401 707; x_wconf 75' lang='lat' dir='ltr'>vero</span> <span class='ocrx_word' id='word_1_509' title='bbox 1415 672 1563 720; x_wconf 84' lang='lat' dir='ltr'>eligamur</span> <span class='ocrx_word' id='word_1_510' title='bbox 1573 683 1606 707; x_wconf 79' lang='lat' dir='ltr'>ut</span> <span class='ocrx_word' id='word_1_511' title='bbox 1620 672 1710 707; x_wconf 79' lang='lat' dir='ltr'>fimus</span> <span class='ocrx_word' id='word_1_512' title='bbox 1721 673 1799 707; x_wconf 87' lang='lat' dir='ltr'>boni</span> <span class='ocrx_word' id='word_1_513' title='bbox 1814 678 1846 709; x_wconf 91' lang='lat'>&amp;</span> 
     </span>
     <span class='ocr_line' id='line_1_79' title="bbox 1090 720 1847 769; baseline 0.001 -13"><span class='ocrx_word' id='word_1_514' title='bbox 1090 721 1212 759; x_wconf 80' lang='lat' dir='ltr'>fideles,</span> <span class='ocrx_word' id='word_1_515' title='bbox 1237 734 1303 755; x_wconf 89' lang='lat' dir='ltr'>non</span> <span class='ocrx_word' id='word_1_516' title='bbox 1316 720 1390 757; x_wconf 74' lang='lat' dir='ltr'>vero</span> <span class='ocrx_word' id='word_1_517' title='bbox 1404 722 1474 769; x_wconf 88' lang='lat' dir='ltr'>quia</span> <span class='ocrx_word' id='word_1_518' title='bbox 1489 721 1595 756; x_wconf 89' lang='lat' dir='ltr'>fideles</span> <span class='ocrx_word' id='word_1_519' title='bbox 1608 726 1639 757; x_wconf 74' lang='grc' dir='ltr'>δι</span> <span class='ocrx_word' id='word_1_520' title='bbox 1654 722 1730 757; x_wconf 89' lang='lat' dir='ltr'>boni</span> <span class='ocrx_word' id='word_1_521' title='bbox 1745 721 1847 758; x_wconf 86' lang='lat' dir='ltr'>fuera-</span> 
     </span>
     <span class='ocr_line' id='line_1_80' title="bbox 1091 769 1846 819; baseline 0.004 -15"><span class='ocrx_word' id='word_1_522' title='bbox 1091 784 1159 805; x_wconf 88' lang='lat' dir='ltr'>mus</span> <span class='ocrx_word' id='word_1_523' title='bbox 1168 795 1178 811; x_wconf 91' lang='lat'><strong>,</strong></span> <span class='ocrx_word' id='word_1_524' title='bbox 1192 770 1316 805; x_wconf 87' lang='lat' dir='ltr'>testatur</span> <span class='ocrx_word' id='word_1_525' title='bbox 1329 783 1394 804; x_wconf 90' lang='lat' dir='ltr'>non</span> <span class='ocrx_word' id='word_1_526' title='bbox 1402 769 1521 805; x_wconf 72' lang='lat' dir='ltr'>tantum</span> <span class='ocrx_word' id='word_1_527' title='bbox 1528 772 1600 806; x_wconf 88' lang='lat' dir='ltr'>alibi</span> <span class='ocrx_word' id='word_1_528' title='bbox 1612 770 1765 819; x_wconf 74' lang='lat' dir='ltr'>saepiffime</span> <span class='ocrx_word' id='word_1_529' title='bbox 1773 797 1782 813; x_wconf 92' lang='lat'>,</span> <span class='ocrx_word' id='word_1_530' title='bbox 1796 771 1846 808; x_wconf 88' lang='lat' dir='ltr'>sed</span> 
     </span>
     <span class='ocr_line' id='line_1_81' title="bbox 1091 818 1844 870; baseline 0.003 -15"><span class='ocrx_word' id='word_1_531' title='bbox 1091 821 1182 855; x_wconf 86' lang='lat' dir='ltr'>etiam</span> <span class='ocrx_word' id='word_1_532' title='bbox 1200 820 1263 854; x_wconf 89' lang='lat' dir='ltr'>hoc</span> <span class='ocrx_word' id='word_1_533' title='bbox 1282 818 1348 867; x_wconf 90' lang='lat' dir='ltr'>ipso</span> <span class='ocrx_word' id='word_1_534' title='bbox 1361 820 1447 854; x_wconf 91' lang='lat' dir='ltr'>loco.</span> <span class='ocrx_word' id='word_1_535' title='bbox 1471 820 1584 855; x_wconf 89' lang='lat' dir='ltr'>Adhuc</span> <span class='ocrx_word' id='word_1_536' title='bbox 1599 822 1682 856; x_wconf 87' lang='lat' dir='ltr'>enim</span> <span class='ocrx_word' id='word_1_537' title='bbox 1698 823 1844 870; x_wconf 83' lang='lat' dir='ltr'>(inquit)</span> 
     </span>
     <span class='ocr_line' id='line_1_82' title="bbox 1091 869 1846 915; baseline 0.004 -12"><span class='ocrx_word' id='word_1_538' title='bbox 1091 869 1288 915; x_wconf 78' lang='lat' dir='ltr'>quaerendum</span> <span class='ocrx_word' id='word_1_539' title='bbox 1301 880 1479 910; x_wconf 86' lang='lat' dir='ltr'>erat‚utrum</span> <span class='ocrx_word' id='word_1_540' title='bbox 1492 869 1547 904; x_wconf 90' lang='lat' dir='ltr'>ista</span> <span class='ocrx_word' id='word_1_541' title='bbox 1560 869 1846 906; x_wconf 72' lang='lat' dir='ltr'>misericordiaideo</span> 
     </span>
     <span class='ocr_line' id='line_1_83' title="bbox 1085 917 1847 966; baseline 0.004 -14"><span class='ocrx_word' id='word_1_542' title='bbox 1085 918 1143 953; x_wconf 82' lang='lat' dir='ltr'>fiat</span> <span class='ocrx_word' id='word_1_543' title='bbox 1158 920 1189 952; x_wconf 91' lang='lat' dir='ltr'>in</span> <span class='ocrx_word' id='word_1_544' title='bbox 1205 918 1350 955; x_wconf 86' lang='lat' dir='ltr'>homine,</span> <span class='ocrx_word' id='word_1_545' title='bbox 1371 919 1442 966; x_wconf 90' lang='lat' dir='ltr'>quia</span> <span class='ocrx_word' id='word_1_546' title='bbox 1453 917 1551 953; x_wconf 85' lang='lat' dir='ltr'>fidelis</span> <span class='ocrx_word' id='word_1_547' title='bbox 1564 918 1608 953; x_wconf 89' lang='lat' dir='ltr'>est</span> <span class='ocrx_word' id='word_1_548' title='bbox 1622 944 1632 959; x_wconf 96' lang='lat'>‚</span> <span class='ocrx_word' id='word_1_549' title='bbox 1651 933 1688 955; x_wconf 88' lang='lat' dir='ltr'>an</span> <span class='ocrx_word' id='word_1_550' title='bbox 1699 922 1790 955; x_wconf 80' lang='lat' dir='ltr'>etiam</span> <span class='ocrx_word' id='word_1_551' title='bbox 1801 919 1847 955; x_wconf 81' lang='lat' dir='ltr'>fa-</span> 
     </span>
     <span class='ocr_line' id='line_1_84' title="bbox 1089 966 1847 1016; baseline 0.003 -14"><span class='ocrx_word' id='word_1_552' title='bbox 1089 969 1138 1003; x_wconf 66' lang='grc' dir='ltr'>δὶα</span> <span class='ocrx_word' id='word_1_553' title='bbox 1152 966 1241 1002; x_wconf 88' lang='lat' dir='ltr'>fuerit</span> <span class='ocrx_word' id='word_1_554' title='bbox 1253 979 1286 1002; x_wconf 90' lang='lat' dir='ltr'>ut</span> <span class='ocrx_word' id='word_1_555' title='bbox 1295 967 1392 1002; x_wconf 82' lang='lat' dir='ltr'>fidelis</span> <span class='ocrx_word' id='word_1_556' title='bbox 1401 967 1490 1002; x_wconf 80' lang='lat' dir='ltr'>esset?</span> <span class='ocrx_word' id='word_1_557' title='bbox 1503 968 1634 1016; x_wconf 88' lang='lat' dir='ltr'>legimus</span> <span class='ocrx_word' id='word_1_558' title='bbox 1647 969 1729 1003; x_wconf 90' lang='lat' dir='ltr'>enim</span> <span class='ocrx_word' id='word_1_559' title='bbox 1743 970 1847 1004; x_wconf 89' lang='lat' dir='ltr'>dicen-</span> 
     </span>
     <span class='ocr_line' id='line_1_85' title="bbox 1089 1015 1847 1066; baseline 0 -13"><span class='ocrx_word' id='word_1_560' title='bbox 1089 1030 1118 1053; x_wconf 88' lang='lat' dir='ltr'>te</span> <span class='ocrx_word' id='word_1_561' title='bbox 1128 1017 1302 1065; x_wconf 90' lang='lat' dir='ltr'>Apostol0;</span> <span class='ocrx_word' id='word_1_562' title='bbox 1314 1015 1558 1052; x_wconf 85' lang='lat' dir='ltr'>Misericordiam</span> <span class='ocrx_word' id='word_1_563' title='bbox 1571 1016 1775 1066; x_wconf 84' lang='lat' dir='ltr'>consequutus</span> <span class='ocrx_word' id='word_1_564' title='bbox 1783 1017 1847 1054; x_wconf 88' lang='lat' dir='ltr'>sum</span> 
     </span>
     <span class='ocr_line' id='line_1_86' title="bbox 1090 1066 1848 1114; baseline 0 -12"><span class='ocrx_word' id='word_1_565' title='bbox 1090 1079 1123 1102; x_wconf 86' lang='lat' dir='ltr'>ut</span> <span class='ocrx_word' id='word_1_566' title='bbox 1134 1066 1233 1102; x_wconf 84' lang='lat' dir='ltr'>fidelis</span> <span class='ocrx_word' id='word_1_567' title='bbox 1241 1066 1350 1106; x_wconf 77' lang='lat' dir='ltr'>essem,</span> <span class='ocrx_word' id='word_1_568' title='bbox 1364 1079 1428 1100; x_wconf 92' lang='lat' dir='ltr'>non</span> <span class='ocrx_word' id='word_1_569' title='bbox 1442 1067 1513 1114; x_wconf 88' lang='lat' dir='ltr'>quia</span> <span class='ocrx_word' id='word_1_570' title='bbox 1524 1066 1622 1102; x_wconf 88' lang='lat' dir='ltr'>fidelis</span> <span class='ocrx_word' id='word_1_571' title='bbox 1631 1080 1729 1102; x_wconf 78' lang='lat' dir='ltr'>eram:</span> <span class='ocrx_word' id='word_1_572' title='bbox 1743 1068 1848 1104; x_wconf 70' lang='lat' dir='ltr'>reffis-</span> 
     </span>
     <span class='ocr_line' id='line_1_87' title="bbox 1092 1115 1847 1164; baseline 0.001 -13"><span class='ocrx_word' id='word_1_573' title='bbox 1092 1116 1164 1151; x_wconf 71' lang='lat' dir='ltr'>lime</span> <span class='ocrx_word' id='word_1_574' title='bbox 1178 1117 1270 1163; x_wconf 83' lang='lat' dir='ltr'>igitur</span> <span class='ocrx_word' id='word_1_575' title='bbox 1283 1116 1344 1150; x_wconf 87' lang='lat' dir='ltr'>dixi</span> <span class='ocrx_word' id='word_1_576' title='bbox 1355 1129 1421 1150; x_wconf 90' lang='lat' dir='ltr'>non</span> <span class='ocrx_word' id='word_1_577' title='bbox 1431 1129 1466 1150; x_wconf 83' lang='lat' dir='ltr'>ex</span> <span class='ocrx_word' id='word_1_578' title='bbox 1479 1116 1627 1164; x_wconf 86' lang='lat' dir='ltr'>operibus</span> <span class='ocrx_word' id='word_1_579' title='bbox 1639 1115 1688 1152; x_wconf 90' lang='lat' dir='ltr'>sed</span> <span class='ocrx_word' id='word_1_580' title='bbox 1702 1130 1737 1152; x_wconf 85' lang='lat' dir='ltr'>ex</span> <span class='ocrx_word' id='word_1_581' title='bbox 1757 1116 1847 1152; x_wconf 87' lang='lat' dir='ltr'>mise-</span> 
     </span>
     <span class='ocr_line' id='line_1_88' title="bbox 1092 1166 1849 1207; baseline 0.003 -8"><span class='ocrx_word' id='word_1_582' title='bbox 1092 1167 1223 1200; x_wconf 88' lang='lat' dir='ltr'>ricordia</span> <span class='ocrx_word' id='word_1_583' title='bbox 1236 1166 1493 1200; x_wconf 86' lang='lat' dir='ltr'>Dci&amp;vocamur</span> <span class='ocrx_word' id='word_1_584' title='bbox 1501 1177 1534 1200; x_wconf 92' lang='lat' dir='ltr'>ut</span> <span class='ocrx_word' id='word_1_585' title='bbox 1546 1167 1720 1207; x_wconf 83' lang='lat' dir='ltr'>credamus,</span> <span class='ocrx_word' id='word_1_586' title='bbox 1735 1170 1766 1203; x_wconf 90' lang='lat'>&amp;</span> <span class='ocrx_word' id='word_1_587' title='bbox 1781 1180 1849 1202; x_wconf 88' lang='lat' dir='ltr'>cre-</span> 
     </span>
     <span class='ocr_line' id='line_1_89' title="bbox 1093 1214 1745 1263; baseline 0 -13"><span class='ocrx_word' id='word_1_588' title='bbox 1093 1215 1235 1252; x_wconf 87' lang='lat' dir='ltr'>dentibus</span> <span class='ocrx_word' id='word_1_589' title='bbox 1248 1214 1412 1262; x_wconf 83' lang='lat' dir='ltr'>praestatur,</span> <span class='ocrx_word' id='word_1_590' title='bbox 1428 1226 1462 1249; x_wconf 90' lang='lat' dir='ltr'>ut</span> <span class='ocrx_word' id='word_1_591' title='bbox 1473 1215 1553 1250; x_wconf 74' lang='lat' dir='ltr'>bene</span> <span class='ocrx_word' id='word_1_592' title='bbox 1567 1227 1745 1263; x_wconf 84' lang='lat' dir='ltr'>operentur.</span> 
     </span>
    </p>
   </div>
   <div class='ocr_carea' id='block_1_7' title="bbox 1096 1265 1992 1363">
    <p class='ocr_par' dir='ltr' id='par_1_8' title="bbox 1096 1265 1992 1363">
     <span class='ocr_line' id='line_1_90' title="bbox 1142 1265 1975 1314; baseline 0.005 -17"><span class='ocrx_word' id='word_1_593' title='bbox 1142 1267 1185 1297; x_wconf 86' lang='lat' dir='ltr'>Ita</span> <span class='ocrx_word' id='word_1_594' title='bbox 1193 1267 1294 1298; x_wconf 85' lang='lat' dir='ltr'>Patres</span> <span class='ocrx_word' id='word_1_595' title='bbox 1302 1275 1373 1298; x_wconf 82' lang='lat' dir='ltr'>tuos</span> <span class='ocrx_word' id='word_1_596' title='bbox 1382 1265 1511 1300; x_wconf 83' lang='lat' dir='ltr'>claudis:</span> <span class='ocrx_word' id='word_1_597' title='bbox 1524 1278 1588 1299; x_wconf 89' lang='lat' dir='ltr'>non</span> <span class='ocrx_word' id='word_1_598' title='bbox 1601 1265 1646 1300; x_wconf 87' lang='lat' dir='ltr'>est</span> <span class='ocrx_word' id='word_1_599' title='bbox 1657 1265 1774 1301; x_wconf 73' lang='lat' dir='ltr'>necess&#39;e</span> <span class='ocrx_word' id='word_1_600' title='bbox 1781 1266 1849 1313; x_wconf 78' lang='lat' dir='ltr'>plu·</span> <span class='ocrx_word' id='word_1_601' title='bbox 1862 1277 1975 1314; x_wconf 74' lang='lat' dir='ltr'>Theologi</span> 
     </span>
     <span class='ocr_line' id='line_1_91' title="bbox 1096 1313 1992 1363; baseline 0.006 -17"><span class='ocrx_word' id='word_1_602' title='bbox 1096 1325 1142 1347; x_wconf 90' lang='lat' dir='ltr'>res</span> <span class='ocrx_word' id='word_1_603' title='bbox 1155 1313 1247 1347; x_wconf 88' lang='lat' dir='ltr'>citare</span> <span class='ocrx_word' id='word_1_604' title='bbox 1260 1314 1290 1347; x_wconf 86' lang='lat' dir='ltr'>in</span> <span class='ocrx_word' id='word_1_605' title='bbox 1303 1313 1381 1347; x_wconf 81' lang='lat' dir='ltr'>hanc</span> <span class='ocrx_word' id='word_1_606' title='bbox 1394 1326 1458 1348; x_wconf 91' lang='lat' dir='ltr'>rem</span> <span class='ocrx_word' id='word_1_607' title='bbox 1470 1328 1478 1354; x_wconf 81' lang='lat'><em>3</em></span> <span class='ocrx_word' id='word_1_608' title='bbox 1494 1315 1606 1360; x_wconf 85' lang='lat' dir='ltr'>probas</span> <span class='ocrx_word' id='word_1_609' title='bbox 1614 1316 1696 1349; x_wconf 86' lang='lat' dir='ltr'>enim</span> <span class='ocrx_word' id='word_1_610' title='bbox 1707 1328 1761 1363; x_wconf 85' lang='lat' dir='ltr'>per</span> <span class='ocrx_word' id='word_1_611' title='bbox 1769 1317 1849 1350; x_wconf 89' lang='lat' dir='ltr'>cele-</span> <span class='ocrx_word' id='word_1_612' title='bbox 1861 1318 1992 1355; x_wconf 59' lang='lat' dir='ltr'>rqformati</span> 
     </span>
    </p>
   </div>
   <div class='ocr_carea' id='block_1_8' title="bbox 1095 1358 2013 1425">
    <p class='ocr_par' dir='ltr' id='par_1_9' title="bbox 1095 1358 2013 1425">
     <span class='ocr_line' id='line_1_92' title="bbox 1095 1358 1992 1424; baseline 0.003 -29"><span class='ocrx_word' id='word_1_613' title='bbox 1095 1363 1247 1396; x_wconf 88' lang='lat' dir='ltr'>berrimos</span> <span class='ocrx_word' id='word_1_614' title='bbox 1263 1362 1352 1397; x_wconf 86' lang='lat' dir='ltr'>testes</span> <span class='ocrx_word' id='word_1_615' title='bbox 1365 1362 1442 1403; x_wconf 81' lang='lat' dir='ltr'>hane</span> <span class='ocrx_word' id='word_1_616' title='bbox 1456 1362 1514 1397; x_wconf 76' lang='lat' dir='ltr'>esse</span> <span class='ocrx_word' id='word_1_617' title='bbox 1527 1364 1709 1399; x_wconf 86' lang='lat' dir='ltr'>catholicam</span> <span class='ocrx_word' id='word_1_618' title='bbox 1725 1369 1848 1399; x_wconf 90' lang='lat' dir='ltr'>Patrum</span> <span class='ocrx_word' id='word_1_619' title='bbox 1860 1368 1908 1384; x_wconf 70' lang='lat'>”¹²⁷²</span> <span class='ocrx_word' id='word_1_620' title='bbox 1926 1358 1992 1424; x_wconf 44' lang='lat'><strong><em>5³5⁶·</em></strong></span> 
     </span>
     <span class='ocr_line' id='line_1_93' title="bbox 1860 1407 2013 1425; baseline 0.007 -2"><span class='ocrx_word' id='word_1_621' title='bbox 1860 1407 1922 1425; x_wconf 68' lang='lat' dir='ltr'>runt</span> <span class='ocrx_word' id='word_1_622' title='bbox 1944 1408 1961 1424; x_wconf 70' lang='lat' dir='ltr'><em>a</em></span> <span class='ocrx_word' id='word_1_623' title='bbox 1976 1407 2013 1424; x_wconf 67' lang='lat' dir='ltr'>VC!</span> 
     </span>
    </p>
   </div>
   <div class='ocr_carea' id='block_1_9' title="bbox 1861 1437 2012 1466">
    <p class='ocr_par' dir='ltr' id='par_1_10' title="bbox 1861 1437 2012 1466">
     <span class='ocr_line' id='line_1_94' title="bbox 1861 1437 2012 1466; baseline 0 -2"><span class='ocrx_word' id='word_1_624' title='bbox 1861 1440 1887 1464; x_wconf 81' lang='lat' dir='ltr'>in</span> <span class='ocrx_word' id='word_1_625' title='bbox 1894 1437 1942 1466; x_wconf 84' lang='lat' dir='ltr'>hac</span> <span class='ocrx_word' id='word_1_626' title='bbox 1949 1447 2012 1465; x_wconf 83' lang='lat' dir='ltr'>cau-</span> 
     </span>
    </p>
   </div>
   <div class='ocr_carea' id='block_1_10' title="bbox 1087 1461 1899 1517">
    <p class='ocr_par' dir='ltr' id='par_1_11' title="bbox 1087 1461 1899 1517">
     <span class='ocr_line' id='line_1_95' title="bbox 1087 1461 1899 1517; baseline 0.006 -24"><span class='ocrx_word' id='word_1_627' title='bbox 1087 1463 1132 1502; x_wconf 52' lang='grc' dir='ltr'>,γα</span> <span class='ocrx_word' id='word_1_628' title='bbox 1149 1475 1194 1508; x_wconf 79' lang='lat'>39.</span> <span class='ocrx_word' id='word_1_629' title='bbox 1214 1461 1269 1494; x_wconf 81' lang='lat' dir='ltr'>Est</span> <span class='ocrx_word' id='word_1_630' title='bbox 1282 1462 1374 1494; x_wconf 82' lang='lat' dir='ltr'>etiam</span> <span class='ocrx_word' id='word_1_631' title='bbox 1389 1461 1535 1506; x_wconf 87' lang='lat' dir='ltr'>(inquit)</span> <span class='ocrx_word' id='word_1_632' title='bbox 1555 1461 1606 1495; x_wconf 86' lang='lat' dir='ltr'>hic</span> <span class='ocrx_word' id='word_1_633' title='bbox 1621 1461 1707 1496; x_wconf 91' lang='lat' dir='ltr'>locus</span> <span class='ocrx_word' id='word_1_634' title='bbox 1720 1463 1850 1510; x_wconf 85' lang='lat' dir='ltr'>diligen·</span> <span class='ocrx_word' id='word_1_635' title='bbox 1859 1480 1899 1517; x_wconf 54' lang='grc' dir='ltr'>μ,</span> 
     </span>
    </p>
   </div>
   <div class='ocr_carea' id='block_1_11' title="bbox 1096 1411 1851 1461">
    <p class='ocr_par' dir='ltr' id='par_1_12' title="bbox 1096 1411 1851 1461">
     <span class='ocr_line' id='line_1_96' title="bbox 1096 1411 1851 1461; baseline 0.003 -15"><span class='ocrx_word' id='word_1_636' title='bbox 1096 1412 1280 1446; x_wconf 65' lang='lat' dir='ltr'>doctrinam.</span> <span class='ocrx_word' id='word_1_637' title='bbox 1307 1414 1399 1446; x_wconf 60' lang='grc' dir='ltr'>Ἕκα</span> <span class='ocrx_word' id='word_1_638' title='bbox 1412 1413 1443 1444; x_wconf 90' lang='lat' dir='ltr'>in</span> <span class='ocrx_word' id='word_1_639' title='bbox 1463 1411 1562 1458; x_wconf 87' lang='lat' dir='ltr'>Epist.</span> <span class='ocrx_word' id='word_1_640' title='bbox 1574 1413 1611 1447; x_wconf 91' lang='lat' dir='ltr'>ad</span> <span class='ocrx_word' id='word_1_641' title='bbox 1629 1414 1728 1447; x_wconf 81' lang='lat' dir='ltr'>Rom.</span> <span class='ocrx_word' id='word_1_642' title='bbox 1740 1427 1803 1461; x_wconf 86' lang='lat' dir='ltr'>cap.</span> <span class='ocrx_word' id='word_1_643' title='bbox 1816 1428 1851 1456; x_wconf 88' lang='lat'>9.</span> 
     </span>
    </p>
   </div>
   <div class='ocr_carea' id='block_1_12' title="bbox 1097 1508 1858 1943">
    <p class='ocr_par' dir='ltr' id='par_1_13' title="bbox 1097 1508 1858 1943">
     <span class='ocr_line' id='line_1_97' title="bbox 1097 1508 1852 1557; baseline 0.004 -13"><span class='ocrx_word' id='word_1_644' title='bbox 1097 1521 1142 1545; x_wconf 92' lang='lat' dir='ltr'>ter</span> <span class='ocrx_word' id='word_1_645' title='bbox 1157 1508 1361 1544; x_wconf 88' lang='lat' dir='ltr'>observandus</span> <span class='ocrx_word' id='word_1_646' title='bbox 1376 1509 1512 1556; x_wconf 76' lang='lat' dir='ltr'>adversus</span> <span class='ocrx_word' id='word_1_647' title='bbox 1526 1522 1581 1544; x_wconf 89' lang='lat' dir='ltr'>eos</span> <span class='ocrx_word' id='word_1_648' title='bbox 1594 1511 1647 1557; x_wconf 91' lang='lat' dir='ltr'>qui</span> <span class='ocrx_word' id='word_1_649' title='bbox 1664 1510 1737 1546; x_wconf 85' lang='lat' dir='ltr'>fidei</span> <span class='ocrx_word' id='word_1_650' title='bbox 1749 1513 1797 1547; x_wconf 78' lang='lat' dir='ltr'>‘vel</span> <span class='ocrx_word' id='word_1_651' title='bbox 1815 1525 1852 1546; x_wconf 92' lang='lat'>0—</span> 
     </span>
     <span class='ocr_line' id='line_1_98' title="bbox 1098 1555 1852 1607; baseline 0.004 -14"><span class='ocrx_word' id='word_1_652' title='bbox 1098 1573 1203 1607; x_wconf 84' lang='lat' dir='ltr'>pcrum</span> <span class='ocrx_word' id='word_1_653' title='bbox 1212 1558 1424 1607; x_wconf 79' lang='lat' dir='ltr'>praevifionem</span> <span class='ocrx_word' id='word_1_654' title='bbox 1432 1555 1545 1597; x_wconf 75' lang='lat' dir='ltr'>faciunt</span> <span class='ocrx_word' id='word_1_655' title='bbox 1552 1560 1715 1595; x_wconf 67' lang='lat' dir='ltr'>electionis</span> <span class='ocrx_word' id='word_1_656' title='bbox 1723 1560 1852 1602; x_wconf 83' lang='lat' dir='ltr'>causam,</span> 
     </span>
     <span class='ocr_line' id='line_1_99' title="bbox 1098 1606 1855 1660; baseline 0.001 -17"><span class='ocrx_word' id='word_1_657' title='bbox 1098 1611 1128 1643; x_wconf 91' lang='lat' dir='ltr'>in</span> <span class='ocrx_word' id='word_1_658' title='bbox 1142 1622 1236 1657; x_wconf 89' lang='lat' dir='ltr'>quem</span> <span class='ocrx_word' id='word_1_659' title='bbox 1255 1621 1393 1643; x_wconf 88' lang='lat' dir='ltr'>errorem</span> <span class='ocrx_word' id='word_1_660' title='bbox 1411 1606 1480 1644; x_wconf 71' lang='lat' dir='ltr'>sane</span> <span class='ocrx_word' id='word_1_661' title='bbox 1496 1609 1698 1657; x_wconf 69' lang='lat' dir='ltr'>turpissimum</span> <span class='ocrx_word' id='word_1_662' title='bbox 1716 1612 1855 1660; x_wconf 69' lang='lat' dir='ltr'>Ortgenas</span> 
     </span>
     <span class='ocr_line' id='line_1_100' title="bbox 1100 1655 1856 1707; baseline 0.004 -16"><span class='ocrx_word' id='word_1_663' title='bbox 1100 1670 1215 1693; x_wconf 86' lang='lat' dir='ltr'>veteres</span> <span class='ocrx_word' id='word_1_664' title='bbox 1228 1655 1390 1706; x_wconf 89' lang='lat' dir='ltr'>plerosque</span> <span class='ocrx_word' id='word_1_665' title='bbox 1403 1668 1465 1692; x_wconf 82' lang='lat' dir='ltr'>tam</span> <span class='ocrx_word' id='word_1_666' title='bbox 1479 1658 1611 1694; x_wconf 81' lang='lat' dir='ltr'>Graecos</span> <span class='ocrx_word' id='word_1_667' title='bbox 1625 1659 1716 1707; x_wconf 70' lang='lat' dir='ltr'>quam</span> <span class='ocrx_word' id='word_1_668' title='bbox 1724 1662 1856 1695; x_wconf 86' lang='lat' dir='ltr'>Latinos</span> 
     </span>
     <span class='ocr_line' id='line_1_101' title="bbox 1100 1707 1856 1759; baseline 0 -17"><span class='ocrx_word' id='word_1_669' title='bbox 1100 1709 1234 1749; x_wconf 85' lang='lat' dir='ltr'>induxit,</span> <span class='ocrx_word' id='word_1_670' title='bbox 1259 1708 1359 1742; x_wconf 89' lang='lat' dir='ltr'>donec</span> <span class='ocrx_word' id='word_1_671' title='bbox 1375 1707 1497 1743; x_wconf 87' lang='lat' dir='ltr'>tandem</span> <span class='ocrx_word' id='word_1_672' title='bbox 1511 1710 1671 1745; x_wconf 88' lang='lat' dir='ltr'>Dominus</span> <span class='ocrx_word' id='word_1_673' title='bbox 1684 1711 1856 1759; x_wconf 69' lang='lat' dir='ltr'>eAugufh&#39;-</span> 
     </span>
     <span class='ocr_line' id='line_1_102' title="bbox 1097 1757 1857 1807; baseline 0.004 -16"><span class='ocrx_word' id='word_1_674' title='bbox 1097 1772 1170 1792; x_wconf 74' lang='lat' dir='ltr'>num</span> <span class='ocrx_word' id='word_1_675' title='bbox 1182 1771 1238 1806; x_wconf 85' lang='lat' dir='ltr'>per</span> <span class='ocrx_word' id='word_1_676' title='bbox 1252 1758 1428 1806; x_wconf 82' lang='lat' dir='ltr'>Pelagianos</span> <span class='ocrx_word' id='word_1_677' title='bbox 1445 1758 1481 1793; x_wconf 84' lang='lat' dir='ltr'>ad</span> <span class='ocrx_word' id='word_1_678' title='bbox 1493 1757 1574 1793; x_wconf 90' lang='lat' dir='ltr'>hunc</span> <span class='ocrx_word' id='word_1_679' title='bbox 1587 1757 1857 1807; x_wconf 85' lang='lat' dir='ltr'>agnoscendum&amp;</span> 
     </span>
     <span class='ocr_line' id='line_1_103' title="bbox 1097 1807 1857 1856; baseline 0.004 -14"><span class='ocrx_word' id='word_1_680' title='bbox 1097 1807 1315 1856; x_wconf 86' lang='lat' dir='ltr'>corrigendum</span> <span class='ocrx_word' id='word_1_681' title='bbox 1330 1819 1467 1842; x_wconf 86' lang='lat' dir='ltr'>errorem</span> <span class='ocrx_word' id='word_1_682' title='bbox 1475 1808 1629 1843; x_wconf 84' lang='lat' dir='ltr'>excitaret.</span> <span class='ocrx_word' id='word_1_683' title='bbox 1651 1810 1795 1843; x_wconf 82' lang='lat' dir='ltr'>Calvinus</span> <span class='ocrx_word' id='word_1_684' title='bbox 1806 1810 1857 1845; x_wconf 89' lang='lat' dir='ltr'>in-</span> 
     </span>
     <span class='ocr_line' id='line_1_104' title="bbox 1100 1857 1857 1905; baseline 0.003 -14"><span class='ocrx_word' id='word_1_685' title='bbox 1100 1858 1156 1892; x_wconf 83' lang='lat' dir='ltr'>stit.</span> <span class='ocrx_word' id='word_1_686' title='bbox 1173 1859 1259 1904; x_wconf 83' lang='lat' dir='ltr'>lib.3.</span> <span class='ocrx_word' id='word_1_687' title='bbox 1270 1870 1334 1905; x_wconf 87' lang='lat' dir='ltr'>cap.</span> <span class='ocrx_word' id='word_1_688' title='bbox 1344 1871 1385 1904; x_wconf 80' lang='lat'>33.</span> <span class='ocrx_word' id='word_1_689' title='bbox 1400 1857 1440 1892; x_wconf 86' lang='lat' dir='ltr'>fic</span> <span class='ocrx_word' id='word_1_690' title='bbox 1452 1858 1564 1905; x_wconf 86' lang='lat' dir='ltr'>inquit.</span> <span class='ocrx_word' id='word_1_691' title='bbox 1588 1858 1772 1905; x_wconf 82' lang='lat' dir='ltr'>Interposito</span> <span class='ocrx_word' id='word_1_692' title='bbox 1780 1871 1857 1905; x_wconf 89' lang='lat' dir='ltr'>prae-</span> 
     </span>
     <span class='ocr_line' id='line_1_105' title="bbox 1101 1905 1858 1943; baseline 0.001 -2"><span class='ocrx_word' id='word_1_693' title='bbox 1101 1907 1228 1942; x_wconf 75' lang='lat' dir='ltr'>scientiae</span> <span class='ocrx_word' id='word_1_694' title='bbox 1242 1908 1312 1943; x_wconf 87' lang='lat' dir='ltr'>velo</span> <span class='ocrx_word' id='word_1_695' title='bbox 1331 1907 1518 1941; x_wconf 62' lang='lat' dir='ltr'>electionem</span> <span class='ocrx_word' id='word_1_696' title='bbox 1531 1919 1597 1941; x_wconf 89' lang='lat' dir='ltr'>non</span> <span class='ocrx_word' id='word_1_697' title='bbox 1609 1907 1727 1942; x_wconf 71' lang='lat' dir='ltr'>tantum</span> <span class='ocrx_word' id='word_1_698' title='bbox 1745 1905 1858 1942; x_wconf 88' lang='lat' dir='ltr'>obscu-</span> 
     </span>
    </p>
   </div>
   <div class='ocr_carea' id='block_1_13' title="bbox 1078 1954 1857 2005">
    <p class='ocr_par' dir='ltr' id='par_1_14' title="bbox 1078 1954 1857 2005">
     <span class='ocr_line' id='line_1_106' title="bbox 1078 1954 1857 2005; baseline 0 -13"><span class='ocrx_word' id='word_1_699' title='bbox 1078 1996 1082 2000; x_wconf 90' lang='lat'>.</span> <span class='ocrx_word' id='word_1_700' title='bbox 1102 1969 1187 1998; x_wconf 86' lang='lat' dir='ltr'>rant,</span> <span class='ocrx_word' id='word_1_701' title='bbox 1216 1954 1266 1992; x_wconf 87' lang='lat' dir='ltr'>sed</span> <span class='ocrx_word' id='word_1_702' title='bbox 1279 1957 1432 2005; x_wconf 82' lang='lat' dir='ltr'>originem</span> <span class='ocrx_word' id='word_1_703' title='bbox 1446 1957 1565 1991; x_wconf 87' lang='lat' dir='ltr'>aliunde</span> <span class='ocrx_word' id='word_1_704' title='bbox 1584 1956 1697 1991; x_wconf 83' lang='lat' dir='ltr'>habere</span> <span class='ocrx_word' id='word_1_705' title='bbox 1715 1956 1857 2005; x_wconf 82' lang='lat' dir='ltr'>fingunt3</span> 
     </span>
    </p>
   </div>
   <div class='ocr_carea' id='block_1_14' title="bbox 1103 2005 1860 3266">
    <p class='ocr_par' dir='ltr' id='par_1_15' title="bbox 1103 2005 1860 3230">
     <span class='ocr_line' id='line_1_107' title="bbox 1104 2005 1859 2055; baseline -0.001 -14"><span class='ocrx_word' id='word_1_706' title='bbox 1104 2019 1204 2055; x_wconf 86' lang='lat' dir='ltr'>neque</span> <span class='ocrx_word' id='word_1_707' title='bbox 1218 2007 1293 2041; x_wconf 72' lang='lat' dir='ltr'>vero</span> <span class='ocrx_word' id='word_1_708' title='bbox 1308 2005 1402 2054; x_wconf 73' lang='lat' dir='ltr'>vulgo</span> <span class='ocrx_word' id='word_1_709' title='bbox 1424 2006 1489 2041; x_wconf 83' lang='lat' dir='ltr'>haec</span> <span class='ocrx_word' id='word_1_710' title='bbox 1507 2018 1628 2053; x_wconf 85' lang='lat' dir='ltr'>recepta</span> <span class='ocrx_word' id='word_1_711' title='bbox 1643 2007 1753 2053; x_wconf 91' lang='lat' dir='ltr'>opinio</span> <span class='ocrx_word' id='word_1_712' title='bbox 1767 2005 1859 2040; x_wconf 84' lang='lat' dir='ltr'>solius</span> 
     </span>
     <span class='ocr_line' id='line_1_108' title="bbox 1104 2054 1858 2105; baseline -0.001 -15"><span class='ocrx_word' id='word_1_713' title='bbox 1104 2058 1184 2105; x_wconf 82' lang='lat' dir='ltr'>vulgi</span> <span class='ocrx_word' id='word_1_714' title='bbox 1200 2055 1244 2090; x_wconf 90' lang='lat' dir='ltr'>est</span> <span class='ocrx_word' id='word_1_715' title='bbox 1259 2080 1267 2095; x_wconf 93' lang='lat'>‚</span> <span class='ocrx_word' id='word_1_716' title='bbox 1294 2055 1401 2090; x_wconf 86' lang='lat' dir='ltr'>habuit</span> <span class='ocrx_word' id='word_1_717' title='bbox 1414 2056 1497 2090; x_wconf 87' lang='lat' dir='ltr'>enim</span> <span class='ocrx_word' id='word_1_718' title='bbox 1510 2054 1615 2090; x_wconf 86' lang='lat' dir='ltr'>seculis</span> <span class='ocrx_word' id='word_1_719' title='bbox 1629 2056 1775 2090; x_wconf 88' lang='lat' dir='ltr'>omnibus</span> <span class='ocrx_word' id='word_1_720' title='bbox 1793 2067 1858 2089; x_wconf 90' lang='lat' dir='ltr'>ma-</span> 
     </span>
     <span class='ocr_line' id='line_1_109' title="bbox 1105 2103 1857 2154; baseline -0.004 -14"><span class='ocrx_word' id='word_1_721' title='bbox 1105 2119 1184 2154; x_wconf 85' lang='lat' dir='ltr'>gnos</span> <span class='ocrx_word' id='word_1_722' title='bbox 1196 2106 1338 2140; x_wconf 59' lang='lat' dir='ltr'>:ruffilores</span> <span class='ocrx_word' id='word_1_723' title='bbox 1347 2130 1354 2142; x_wconf 93' lang='lat'><em>‚</em></span> <span class='ocrx_word' id='word_1_724' title='bbox 1370 2105 1458 2153; x_wconf 87' lang='lat' dir='ltr'>quod</span> <span class='ocrx_word' id='word_1_725' title='bbox 1468 2103 1722 2153; x_wconf 71' lang='lat' dir='ltr'>ingenuefateor‚</span> <span class='ocrx_word' id='word_1_726' title='bbox 1734 2116 1773 2137; x_wconf 89' lang='lat' dir='ltr'>ne</span> <span class='ocrx_word' id='word_1_727' title='bbox 1789 2104 1857 2150; x_wconf 85' lang='lat' dir='ltr'>quis</span> 
     </span>
     <span class='ocr_line' id='line_1_110' title="bbox 1104 2151 1858 2202; baseline -0.005 -12"><span class='ocrx_word' id='word_1_728' title='bbox 1104 2154 1195 2190; x_wconf 84' lang='lat' dir='ltr'>causae</span> <span class='ocrx_word' id='word_1_729' title='bbox 1214 2155 1325 2189; x_wconf 76' lang='lat' dir='ltr'>nostrce</span> <span class='ocrx_word' id='word_1_730' title='bbox 1345 2167 1533 2202; x_wconf 85' lang='lat' dir='ltr'>magnopere</span> <span class='ocrx_word' id='word_1_731' title='bbox 1552 2152 1733 2187; x_wconf 84' lang='lat' dir='ltr'>obfuturum</span> <span class='ocrx_word' id='word_1_732' title='bbox 1757 2151 1858 2186; x_wconf 85' lang='lat' dir='ltr'>confi-</span> 
     </span>
     <span class='ocr_line' id='line_1_111' title="bbox 1104 2201 1858 2249; baseline -0.005 -10"><span class='ocrx_word' id='word_1_733' title='bbox 1104 2206 1173 2243; x_wconf 88' lang='lat' dir='ltr'>dat,</span> <span class='ocrx_word' id='word_1_734' title='bbox 1205 2204 1226 2237; x_wconf 83' lang='lat' dir='ltr'>fi</span> <span class='ocrx_word' id='word_1_735' title='bbox 1245 2216 1354 2237; x_wconf 89' lang='lat' dir='ltr'>eorum</span> <span class='ocrx_word' id='word_1_736' title='bbox 1373 2205 1501 2236; x_wconf 84' lang='lat' dir='ltr'>nomina</span> <span class='ocrx_word' id='word_1_737' title='bbox 1524 2201 1631 2235; x_wconf 71' lang='lat' dir='ltr'>contra</span> <span class='ocrx_word' id='word_1_738' title='bbox 1651 2213 1858 2249; x_wconf 82' lang='lat' dir='ltr'>opponantur.</span> 
     </span>
     <span class='ocr_line' id='line_1_112' title="bbox 1103 2250 1860 2297; baseline 0.003 -15"><span class='ocrx_word' id='word_1_739' title='bbox 1103 2251 1328 2287; x_wconf 57' lang='lat' dir='ltr'>fflelam‘i‘hon</span> <span class='ocrx_word' id='word_1_740' title='bbox 1346 2252 1376 2282; x_wconf 88' lang='lat' dir='ltr'>in</span> <span class='ocrx_word' id='word_1_741' title='bbox 1392 2263 1456 2296; x_wconf 86' lang='lat' dir='ltr'>cap.</span> <span class='ocrx_word' id='word_1_742' title='bbox 1464 2264 1496 2291; x_wconf 91' lang='lat'>9.</span> <span class='ocrx_word' id='word_1_743' title='bbox 1512 2250 1548 2283; x_wconf 85' lang='lat' dir='ltr'>ad</span> <span class='ocrx_word' id='word_1_744' title='bbox 1563 2252 1662 2284; x_wconf 80' lang='lat' dir='ltr'>Rom.</span> <span class='ocrx_word' id='word_1_745' title='bbox 1688 2252 1860 2297; x_wconf 88' lang='lat' dir='ltr'>Scriptores</span> 
     </span>
     <span class='ocr_line' id='line_1_113' title="bbox 1106 2299 1859 2347; baseline 0.003 -17"><span class='ocrx_word' id='word_1_746' title='bbox 1106 2299 1251 2344; x_wconf 85' lang='lat' dir='ltr'>(inquit)</span> <span class='ocrx_word' id='word_1_747' title='bbox 1271 2309 1387 2332; x_wconf 90' lang='lat' dir='ltr'>veteres</span> <span class='ocrx_word' id='word_1_748' title='bbox 1399 2310 1509 2331; x_wconf 88' lang='lat' dir='ltr'>omnes</span> <span class='ocrx_word' id='word_1_749' title='bbox 1522 2308 1630 2344; x_wconf 82' lang='lat' dir='ltr'>praeter</span> <span class='ocrx_word' id='word_1_750' title='bbox 1642 2311 1737 2332; x_wconf 89' lang='lat' dir='ltr'>unum</span> <span class='ocrx_word' id='word_1_751' title='bbox 1751 2302 1859 2347; x_wconf 80' lang='lat' dir='ltr'>Augu-</span> 
     </span>
     <span class='ocr_line' id='line_1_114' title="bbox 1104 2344 1860 2394; baseline 0.004 -14"><span class='ocrx_word' id='word_1_752' title='bbox 1104 2346 1216 2380; x_wconf 90' lang='lat' dir='ltr'>stinum</span> <span class='ocrx_word' id='word_1_753' title='bbox 1235 2356 1357 2393; x_wconf 87' lang='lat' dir='ltr'>ponunt</span> <span class='ocrx_word' id='word_1_754' title='bbox 1371 2346 1504 2394; x_wconf 86' lang='lat' dir='ltr'>aliquam</span> <span class='ocrx_word' id='word_1_755' title='bbox 1518 2344 1635 2381; x_wconf 84' lang='lat' dir='ltr'>causam</span> <span class='ocrx_word' id='word_1_756' title='bbox 1649 2348 1811 2383; x_wconf 71' lang='lat' dir='ltr'>elefflonis</span> <span class='ocrx_word' id='word_1_757' title='bbox 1829 2349 1860 2382; x_wconf 89' lang='lat' dir='ltr'>in</span> 
     </span>
     <span class='ocr_line' id='line_1_115' title="bbox 1103 2395 1859 2444; baseline 0.005 -15"><span class='ocrx_word' id='word_1_758' title='bbox 1103 2395 1206 2430; x_wconf 83' lang='lat' dir='ltr'>nobis.</span> <span class='ocrx_word' id='word_1_759' title='bbox 1231 2395 1410 2429; x_wconf 65' lang='lat' dir='ltr'>Auctoritas</span> <span class='ocrx_word' id='word_1_760' title='bbox 1421 2397 1462 2429; x_wconf 87' lang='lat' dir='ltr'>ais</span> <span class='ocrx_word' id='word_1_761' title='bbox 1475 2395 1588 2430; x_wconf 85' lang='lat' dir='ltr'>horum</span> <span class='ocrx_word' id='word_1_762' title='bbox 1596 2398 1794 2444; x_wconf 88' lang='lat' dir='ltr'>antiquorum</span> <span class='ocrx_word' id='word_1_763' title='bbox 1803 2401 1859 2432; x_wconf 78' lang='lat' dir='ltr'>Pa-</span> 
     </span>
     <span class='ocr_line' id='line_1_116' title="bbox 1103 2445 1859 2494; baseline 0.004 -16"><span class='ocrx_word' id='word_1_764' title='bbox 1103 2456 1183 2479; x_wconf 85' lang='lat' dir='ltr'>trum</span> <span class='ocrx_word' id='word_1_765' title='bbox 1195 2455 1330 2479; x_wconf 82' lang='lat' dir='ltr'>mentem</span> <span class='ocrx_word' id='word_1_766' title='bbox 1339 2455 1421 2479; x_wconf 83' lang='lat' dir='ltr'>tuam</span> <span class='ocrx_word' id='word_1_767' title='bbox 1430 2445 1652 2480; x_wconf 67' lang='lat' dir='ltr'>inclinfiruntin</span> <span class='ocrx_word' id='word_1_768' title='bbox 1659 2446 1721 2482; x_wconf 89' lang='lat' dir='ltr'>hoc</span> <span class='ocrx_word' id='word_1_769' title='bbox 1734 2448 1859 2494; x_wconf 85' lang='lat' dir='ltr'>dogma.</span> 
     </span>
     <span class='ocr_line' id='line_1_117' title="bbox 1105 2492 1859 2543; baseline 0.003 -15"><span class='ocrx_word' id='word_1_770' title='bbox 1105 2492 1197 2541; x_wconf 84' lang='lat' dir='ltr'>Resp.</span> <span class='ocrx_word' id='word_1_771' title='bbox 1223 2494 1354 2528; x_wconf 90' lang='lat' dir='ltr'>Videtur</span> <span class='ocrx_word' id='word_1_772' title='bbox 1362 2494 1443 2528; x_wconf 69' lang='lat' dir='ltr'>nulla</span> <span class='ocrx_word' id='word_1_773' title='bbox 1452 2505 1480 2528; x_wconf 89' lang='lat' dir='ltr'>te</span> <span class='ocrx_word' id='word_1_774' title='bbox 1489 2496 1598 2539; x_wconf 82' lang='lat' dir='ltr'>majori</span> <span class='ocrx_word' id='word_1_775' title='bbox 1611 2495 1768 2543; x_wconf 67' lang='lat' dir='ltr'>diligentia</span> <span class='ocrx_word' id='word_1_776' title='bbox 1774 2492 1859 2530; x_wconf 86' lang='lat' dir='ltr'>usum</span> 
     </span>
     <span class='ocr_line' id='line_1_118' title="bbox 1105 2543 1860 2592; baseline 0.004 -15"><span class='ocrx_word' id='word_1_777' title='bbox 1105 2544 1135 2577; x_wconf 88' lang='lat' dir='ltr'>in</span> <span class='ocrx_word' id='word_1_778' title='bbox 1154 2544 1300 2578; x_wconf 76' lang='lat' dir='ltr'>citatione</span> <span class='ocrx_word' id='word_1_779' title='bbox 1317 2543 1431 2577; x_wconf 83' lang='lat' dir='ltr'>horum</span> <span class='ocrx_word' id='word_1_780' title='bbox 1443 2545 1612 2578; x_wconf 87' lang='lat' dir='ltr'>recentium</span> <span class='ocrx_word' id='word_1_781' title='bbox 1624 2569 1635 2584; x_wconf 91' lang='lat'>,</span> <span class='ocrx_word' id='word_1_782' title='bbox 1660 2546 1752 2592; x_wconf 77' lang='lat' dir='ltr'>quclm</span> <span class='ocrx_word' id='word_1_783' title='bbox 1768 2546 1799 2579; x_wconf 90' lang='lat' dir='ltr'>in</span> <span class='ocrx_word' id='word_1_784' title='bbox 1812 2545 1860 2580; x_wconf 82' lang='lat' dir='ltr'>di-</span> 
     </span>
     <span class='ocr_line' id='line_1_119' title="bbox 1105 2592 1859 2640; baseline 0.003 -13"><span class='ocrx_word' id='word_1_785' title='bbox 1105 2594 1228 2627; x_wconf 65' lang='lat' dir='ltr'>&amp;orum</span> <span class='ocrx_word' id='word_1_786' title='bbox 1243 2593 1440 2640; x_wconf 84' lang='lat' dir='ltr'>antiquorum</span> <span class='ocrx_word' id='word_1_787' title='bbox 1450 2607 1458 2626; x_wconf 95' lang='lat'><strong>:</strong></span> <span class='ocrx_word' id='word_1_788' title='bbox 1472 2606 1542 2627; x_wconf 88' lang='lat' dir='ltr'>nam</span> <span class='ocrx_word' id='word_1_789' title='bbox 1551 2606 1661 2628; x_wconf 89' lang='lat' dir='ltr'>omnes</span> <span class='ocrx_word' id='word_1_790' title='bbox 1674 2592 1764 2629; x_wconf 89' lang='lat' dir='ltr'>sumis</span> <span class='ocrx_word' id='word_1_791' title='bbox 1778 2608 1813 2629; x_wconf 84' lang='lat' dir='ltr'>ex</span> <span class='ocrx_word' id='word_1_792' title='bbox 1823 2594 1859 2629; x_wconf 89' lang='lat' dir='ltr'>fi-</span> 
     </span>
     <span class='ocr_line' id='line_1_120' title="bbox 1105 2642 1857 2689; baseline 0.001 -12"><span class='ocrx_word' id='word_1_793' title='bbox 1105 2643 1142 2677; x_wconf 85' lang='lat' dir='ltr'>de</span> <span class='ocrx_word' id='word_1_794' title='bbox 1156 2643 1236 2685; x_wconf 62' lang='lat' dir='ltr'>lbffit</span> <span class='ocrx_word' id='word_1_795' title='bbox 1250 2643 1338 2676; x_wconf 85' lang='lat' dir='ltr'>unius</span> <span class='ocrx_word' id='word_1_796' title='bbox 1352 2667 1362 2681; x_wconf 93' lang='lat'>‚</span> <span class='ocrx_word' id='word_1_797' title='bbox 1388 2655 1458 2676; x_wconf 88' lang='lat' dir='ltr'>cum</span> <span class='ocrx_word' id='word_1_798' title='bbox 1477 2642 1537 2689; x_wconf 88' lang='lat' dir='ltr'>ipse</span> <span class='ocrx_word' id='word_1_799' title='bbox 1551 2643 1674 2677; x_wconf 88' lang='lat' dir='ltr'>interim</span> <span class='ocrx_word' id='word_1_800' title='bbox 1688 2642 1805 2678; x_wconf 87' lang='lat' dir='ltr'>securus</span> <span class='ocrx_word' id='word_1_801' title='bbox 1821 2644 1857 2677; x_wconf 82' lang='lat' dir='ltr'>fis</span> 
     </span>
     <span class='ocr_line' id='line_1_121' title="bbox 1105 2689 1855 2739; baseline -0.001 -12"><span class='ocrx_word' id='word_1_802' title='bbox 1105 2692 1178 2739; x_wconf 92' lang='lat' dir='ltr'>quid</span> <span class='ocrx_word' id='word_1_803' title='bbox 1192 2692 1234 2725; x_wconf 92' lang='lat' dir='ltr'>illi</span> <span class='ocrx_word' id='word_1_804' title='bbox 1247 2689 1386 2725; x_wconf 86' lang='lat' dir='ltr'>scribant.</span> <span class='ocrx_word' id='word_1_805' title='bbox 1409 2693 1512 2734; x_wconf 79' lang='lat' dir='ltr'><em>Voffius</em></span> <span class='ocrx_word' id='word_1_806' title='bbox 1532 2691 1576 2726; x_wconf 88' lang='lat' dir='ltr'>est</span> <span class='ocrx_word' id='word_1_807' title='bbox 1589 2693 1642 2739; x_wconf 86' lang='lat' dir='ltr'>qui</span> <span class='ocrx_word' id='word_1_808' title='bbox 1654 2696 1770 2728; x_wconf 63' lang='lat' dir='ltr'>Bezam</span> <span class='ocrx_word' id='word_1_809' title='bbox 1785 2694 1855 2727; x_wconf 83' lang='lat' dir='ltr'>citat</span> 
     </span>
     <span class='ocr_line' id='line_1_122' title="bbox 1105 2741 1856 2788; baseline 0 -13"><span class='ocrx_word' id='word_1_810' title='bbox 1105 2743 1135 2775; x_wconf 90' lang='lat' dir='ltr'>in</span> <span class='ocrx_word' id='word_1_811' title='bbox 1148 2753 1208 2776; x_wconf 89' lang='lat' dir='ltr'>ver.</span> <span class='ocrx_word' id='word_1_812' title='bbox 1222 2753 1265 2785; x_wconf 81' lang='lat'>39.</span> <span class='ocrx_word' id='word_1_813' title='bbox 1283 2753 1348 2788; x_wconf 87' lang='lat' dir='ltr'>cap.</span> <span class='ocrx_word' id='word_1_814' title='bbox 1360 2755 1390 2785; x_wconf 88' lang='lat'>9.</span> <span class='ocrx_word' id='word_1_815' title='bbox 1407 2741 1443 2775; x_wconf 90' lang='lat' dir='ltr'>ad</span> <span class='ocrx_word' id='word_1_816' title='bbox 1455 2742 1553 2775; x_wconf 81' lang='lat' dir='ltr'>Rom.</span> <span class='ocrx_word' id='word_1_817' title='bbox 1570 2754 1640 2776; x_wconf 89' lang='lat' dir='ltr'>cum</span> <span class='ocrx_word' id='word_1_818' title='bbox 1653 2752 1754 2776; x_wconf 88' lang='lat' dir='ltr'>tamen</span> <span class='ocrx_word' id='word_1_819' title='bbox 1766 2752 1856 2788; x_wconf 83' lang='lat' dir='ltr'>caput</span> 
     </span>
     <span class='ocr_line' id='line_1_123' title="bbox 1106 2789 1857 2838; baseline 0.001 -14"><span class='ocrx_word' id='word_1_820' title='bbox 1106 2790 1178 2824; x_wconf 86' lang='lat' dir='ltr'>illud</span> <span class='ocrx_word' id='word_1_821' title='bbox 1192 2803 1256 2824; x_wconf 87' lang='lat' dir='ltr'>non</span> <span class='ocrx_word' id='word_1_822' title='bbox 1269 2789 1380 2824; x_wconf 85' lang='lat' dir='ltr'>habeat</span> <span class='ocrx_word' id='word_1_823' title='bbox 1393 2789 1491 2826; x_wconf 87' lang='lat' dir='ltr'>versus</span> <span class='ocrx_word' id='word_1_824' title='bbox 1505 2791 1582 2824; x_wconf 86' lang='lat' dir='ltr'>ultra</span> <span class='ocrx_word' id='word_1_825' title='bbox 1593 2792 1715 2838; x_wconf 88' lang='lat' dir='ltr'>triginta</span> <span class='ocrx_word' id='word_1_826' title='bbox 1727 2802 1785 2824; x_wconf 85' lang='lat' dir='ltr'>tres</span> <span class='ocrx_word' id='word_1_827' title='bbox 1795 2814 1802 2825; x_wconf 93' lang='lat'>‚</span> <span class='ocrx_word' id='word_1_828' title='bbox 1825 2796 1857 2825; x_wconf 56' lang='grc' dir='ltr'>ἃ</span> 
     </span>
     <span class='ocr_line' id='line_1_124' title="bbox 1107 2839 1857 2886; baseline -0.001 -13"><span class='ocrx_word' id='word_1_829' title='bbox 1107 2840 1268 2873; x_wconf 76' lang='lat' dir='ltr'>Calvinum</span> <span class='ocrx_word' id='word_1_830' title='bbox 1281 2839 1334 2873; x_wconf 87' lang='lat' dir='ltr'>lib.</span> <span class='ocrx_word' id='word_1_831' title='bbox 1342 2852 1365 2885; x_wconf 78' lang='lat'>3.</span> <span class='ocrx_word' id='word_1_832' title='bbox 1383 2839 1513 2874; x_wconf 89' lang='lat' dir='ltr'>institut.</span> <span class='ocrx_word' id='word_1_833' title='bbox 1526 2852 1589 2886; x_wconf 88' lang='lat' dir='ltr'>cap.</span> <span class='ocrx_word' id='word_1_834' title='bbox 1602 2853 1640 2885; x_wconf 81' lang='lat'>33.</span> <span class='ocrx_word' id='word_1_835' title='bbox 1654 2843 1685 2874; x_wconf 88' lang='lat'><strong>&amp;</strong></span> <span class='ocrx_word' id='word_1_836' title='bbox 1697 2850 1798 2873; x_wconf 86' lang='lat' dir='ltr'>tamen</span> <span class='ocrx_word' id='word_1_837' title='bbox 1805 2851 1857 2873; x_wconf 88' lang='lat' dir='ltr'>to-</span> 
     </span>
     <span class='ocr_line' id='line_1_125' title="bbox 1108 2888 1858 2936; baseline 0 -13"><span class='ocrx_word' id='word_1_838' title='bbox 1108 2900 1155 2923; x_wconf 86' lang='lat' dir='ltr'>tus</span> <span class='ocrx_word' id='word_1_839' title='bbox 1173 2889 1222 2922; x_wconf 89' lang='lat' dir='ltr'>illc</span> <span class='ocrx_word' id='word_1_840' title='bbox 1236 2889 1314 2922; x_wconf 87' lang='lat' dir='ltr'>liber</span> <span class='ocrx_word' id='word_1_841' title='bbox 1326 2901 1390 2921; x_wconf 90' lang='lat' dir='ltr'>non</span> <span class='ocrx_word' id='word_1_842' title='bbox 1403 2889 1497 2923; x_wconf 88' lang='lat' dir='ltr'>habet</span> <span class='ocrx_word' id='word_1_843' title='bbox 1508 2889 1593 2935; x_wconf 84' lang='lat' dir='ltr'>plura</span> <span class='ocrx_word' id='word_1_844' title='bbox 1606 2888 1701 2933; x_wconf 86' lang='lat' dir='ltr'>capita</span> <span class='ocrx_word' id='word_1_845' title='bbox 1713 2889 1805 2935; x_wconf 68' lang='lat' dir='ltr'>quain</span> <span class='ocrx_word' id='word_1_846' title='bbox 1814 2902 1858 2936; x_wconf 79' lang='lat'>25.</span> 
     </span>
     <span class='ocr_line' id='line_1_126' title="bbox 1110 2936 1857 2983; baseline 0.001 -12"><span class='ocrx_word' id='word_1_847' title='bbox 1110 2938 1233 2971; x_wconf 90' lang='lat' dir='ltr'>Paulum</span> <span class='ocrx_word' id='word_1_848' title='bbox 1241 2937 1404 2983; x_wconf 65' lang='lat' dir='ltr'>diligentiae</span> <span class='ocrx_word' id='word_1_849' title='bbox 1412 2936 1857 2976; x_wconf 63' lang='lat' dir='ltr'>tibidemonstrziffetmontan-</span> 
     </span>
     <span class='ocr_line' id='line_1_127' title="bbox 1109 2984 1857 3028; baseline 0.003 -8"><span class='ocrx_word' id='word_1_850' title='bbox 1109 2986 1174 3020; x_wconf 72' lang='lat' dir='ltr'>tum</span> <span class='ocrx_word' id='word_1_851' title='bbox 1187 2986 1356 3020; x_wconf 89' lang='lat' dir='ltr'>minutulos</span> <span class='ocrx_word' id='word_1_852' title='bbox 1369 2984 1461 3019; x_wconf 86' lang='lat' dir='ltr'>hosce</span> <span class='ocrx_word' id='word_1_853' title='bbox 1475 2986 1556 3028; x_wconf 65' lang='lat' dir='ltr'>mfflt</span> <span class='ocrx_word' id='word_1_854' title='bbox 1568 2999 1690 3020; x_wconf 89' lang='lat' dir='ltr'>errores</span> <span class='ocrx_word' id='word_1_855' title='bbox 1704 2987 1735 3020; x_wconf 89' lang='lat' dir='ltr'>in</span> <span class='ocrx_word' id='word_1_856' title='bbox 1747 3000 1857 3022; x_wconf 87' lang='lat' dir='ltr'>nume-</span> 
     </span>
     <span class='ocr_line' id='line_1_128' title="bbox 1110 3034 1857 3082; baseline 0.001 -13"><span class='ocrx_word' id='word_1_857' title='bbox 1110 3037 1149 3069; x_wconf 86' lang='lat' dir='ltr'>ris</span> <span class='ocrx_word' id='word_1_858' title='bbox 1164 3034 1212 3070; x_wconf 89' lang='lat' dir='ltr'>sed</span> <span class='ocrx_word' id='word_1_859' title='bbox 1233 3036 1263 3069; x_wconf 86' lang='lat' dir='ltr'>in</span> <span class='ocrx_word' id='word_1_860' title='bbox 1278 3035 1343 3082; x_wconf 64' lang='lat' dir='ltr'>ipsa</span> <span class='ocrx_word' id='word_1_861' title='bbox 1358 3046 1389 3068; x_wconf 89' lang='lat' dir='ltr'>re</span> <span class='ocrx_word' id='word_1_862' title='bbox 1409 3035 1524 3068; x_wconf 88' lang='lat' dir='ltr'>multos</span> <span class='ocrx_word' id='word_1_863' title='bbox 1542 3036 1666 3080; x_wconf 87' lang='lat' dir='ltr'>majoris</span> <span class='ocrx_word' id='word_1_864' title='bbox 1681 3038 1833 3070; x_wconf 87' lang='lat' dir='ltr'>momenti</span> <span class='ocrx_word' id='word_1_865' title='bbox 1848 3051 1857 3077; x_wconf 92' lang='lat'>;</span> 
     </span>
     <span class='ocr_line' id='line_1_129' title="bbox 1108 3082 1857 3133; baseline 0.003 -15"><span class='ocrx_word' id='word_1_866' title='bbox 1108 3098 1181 3119; x_wconf 88' lang='lat' dir='ltr'>num</span> <span class='ocrx_word' id='word_1_867' title='bbox 1195 3082 1352 3133; x_wconf 84' lang='lat' dir='ltr'>quisquam</span> <span class='ocrx_word' id='word_1_868' title='bbox 1364 3084 1455 3118; x_wconf 89' lang='lat' dir='ltr'>trium</span> <span class='ocrx_word' id='word_1_869' title='bbox 1470 3084 1601 3118; x_wconf 79' lang='lat' dir='ltr'>istorum</span> <span class='ocrx_word' id='word_1_870' title='bbox 1615 3084 1857 3133; x_wconf 84' lang='lat' dir='ltr'>Theologorum</span> 
     </span>
     <span class='ocr_line' id='line_1_130' title="bbox 1107 3132 1856 3180; baseline 0 -12"><span class='ocrx_word' id='word_1_871' title='bbox 1107 3132 1230 3168; x_wconf 77' lang='lat' dir='ltr'>ascribat</span> <span class='ocrx_word' id='word_1_872' title='bbox 1243 3133 1380 3168; x_wconf 82' lang='lat' dir='ltr'>Patribus</span> <span class='ocrx_word' id='word_1_873' title='bbox 1390 3134 1576 3167; x_wconf 68' lang='lat' dir='ltr'>cleffionem</span> <span class='ocrx_word' id='word_1_874' title='bbox 1588 3146 1623 3167; x_wconf 88' lang='lat' dir='ltr'>ex</span> <span class='ocrx_word' id='word_1_875' title='bbox 1637 3144 1686 3168; x_wconf 84' lang='lat' dir='ltr'>tua</span> <span class='ocrx_word' id='word_1_876' title='bbox 1699 3133 1856 3180; x_wconf 66' lang='lat' dir='ltr'>praescien-</span> 
     </span>
     <span class='ocr_line' id='line_1_131' title="bbox 1106 3180 1855 3230; baseline 0 -12"><span class='ocrx_word' id='word_1_877' title='bbox 1106 3185 1156 3224; x_wconf 78' lang='lat' dir='ltr'>tia,</span> <span class='ocrx_word' id='word_1_878' title='bbox 1171 3183 1280 3220; x_wconf 84' lang='lat' dir='ltr'>scilicet</span> <span class='ocrx_word' id='word_1_879' title='bbox 1293 3182 1363 3218; x_wconf 83' lang='lat' dir='ltr'>fidei</span> <span class='ocrx_word' id='word_1_880' title='bbox 1374 3208 1383 3223; x_wconf 88' lang='lat'><em>‚</em></span> <span class='ocrx_word' id='word_1_881' title='bbox 1400 3196 1547 3230; x_wconf 87' lang='lat' dir='ltr'>operum,</span> <span class='ocrx_word' id='word_1_882' title='bbox 1566 3180 1805 3230; x_wconf 66' lang='lat' dir='ltr'>perseverantiae,</span> <span class='ocrx_word' id='word_1_883' title='bbox 1824 3188 1855 3218; x_wconf 66' lang='grc' dir='ltr'>δε</span> 
     </span>
    </p>

    <p class='ocr_par' dir='ltr' id='par_1_16' title="bbox 1728 3243 1857 3266">
     <span class='ocr_line' id='line_1_132' title="bbox 1728 3243 1857 3266; baseline 0.016 -2"><span class='ocrx_word' id='word_1_884' title='bbox 1728 3243 1857 3266; x_wconf 82' lang='lat' dir='ltr'>merito-</span> 
     </span>
    </p>
   </div>
  </div>
 </body>
</html>
