2048 3343
135 858 170 883 ΖΙ
180 855 205 882 in
208 863 274 892 gen-

134 902 182 922 tem
189 895 264 922 Chal-

134 934 244 964 daeorum.

133 1289 258 1318 Fundatio

134 1333 215 1370 Q'gm'

134 1372 234 1400 Medm·

135 1422 169 1442 (9⁶
178 1412 260 1450 B-‘hy'

135 1454 215 1481 lonici.

132 1994 243 2022 Ninive:

134 2044 170 2066 α
180 2035 266 2072 Affi-

132 2078 192 2104 riaci
206 2080 254 2114 Re-

126 2127 176 2157 gm
190 2126 273 2150 ruma,

135 2363 212 2402 Regni
226 2364 274 2390 Ba-

134 2405 240 2440 bylonscz

125 2446 203 2482 supra
212 2445 273 2471 Me-

134 2485 213 2513 decum
226 2487 266 2512 in-

134 2534 255 2555 crementa.

291 93 370 121 100
680 76 990 114 OPEssls

288 153 410 200 septem
424 161 525 185 annos
543 146 676 184 ferinam
690 150 790 184 vitam
804 149 872 198 egit
884 173 895 189 ,
920 146 1038 196 absque

287 203 382 237 omni
398 213 475 235 cum
494 199 668 233 hominum
689 197 857 247 quoquam
878 209 1040 232 commer-

289 253 350 286 cio.
378 250 497 298 Neque
507 246 558 283 hic
568 248 711 283 constitit
722 250 785 283 Dei
796 248 982 297 Judaeorurn
993 247 1042 281 in-

288 301 390 346 jurias
403 297 778 334 vindicantisiracundia.
804 299 892 331 Licet
909 297 1041 331 enimin

292 350 409 384 auditis
436 347 523 383 hisce
565 346 728 395 suppliciis
763 343 1046 384 Nebuchadnezaris

292 398 391 434 fraeta
404 397 566 446 superbia,
586 401 617 431 &
629 398 809 432 contritum
826 409 882 430 cor
892 397 929 430 ad
941 407 1047 431 veram

292 448 538 495 resipiscentiam
549 447 738 482 conversum
754 471 764 487 ,
787 447 940 480 Divinam
952 442 1047 478 mise-

294 498 465 532 ricordiam
478 493 650 531 obtinuisse
663 497 819 535 videatur,
830 508 904 529 cum
917 494 955 527 ad
966 493 1047 527 sani-

293 558 392 581 tatem
405 548 522 581 mentis
535 546 661 580 rediens
683 551 713 581 &
726 548 802 580 Deo
814 545 889 578 coeli
907 544 1047 589 gloriam

293 597 438 644 praebens
450 622 459 636 ,
475 596 512 630 ad
530 595 686 630 thronum
701 591 1048 641 pristinamquedigni-

295 658 397 680 tatem
415 645 577 680 restitutus
594 657 671 678 mox
690 642 897 689 expiraverit;
915 641 1048 688 ejusque

296 694 383 730 filius
396 691 620 730 Evilmerodach
631 717 640 732 ‚
660 693 756 738 patris
768 688 874 724 forsan
895 692 1048 737 exemplo

297 749 332 779 ἅτ
350 742 567 790 meritiserga
589 740 732 774 leconiam
757 744 788 775 &
804 739 932 786 Judaeos
951 739 1049 774 beni-

294 807 399 842 gnum
411 793 441 828 se
455 792 647 840 praestiterit,
674 789 781 824 noluit
800 800 912 823 tamen
929 790 1050 822 Domi·

296 857 356 877 nus
371 842 598 878 Chaldaeorum
613 842 646 873 in
664 839 786 884 Judaeos
798 838 916 872 delleta
925 836 1024 871 deleri
1036 859 1046 876 ,

295 893 401 926 donec
416 902 488 925 tota
505 886 783 925 Nebuchadnezaris
803 886 970 935 posteritas
981 898 1048 921 cra-

293 941 451 975 dicaretut
460 964 469 979 ‚
489 943 645 987 &jugum
666 937 683 972 ὲ
692 937 880 984 Judaeorum
892 938 983 971 collis
993 935 1050 970 de-

292 988 414 1025 cussum
432 988 659 1024 Chaldaeorum
670 986 850 1022 cervicibus
862 988 1049 1032 imponere-

292 1050 344 1077 tur
354 1066 363 1079 ,
385 1050 558 1086 nunquam
570 1036 801 1072 excutiendum
822 1051 831 1070 :
857 1046 1048 1083 perpetuam

292 1090 379 1123 enim
393 1087 498 1135 postea
512 1087 654 1123 Chaldaei
666 1087 850 1121 servitutem
861 1083 1050 1121 servierunt,

293 1142 327 1173 ὃς
347 1148 413 1172 tam
440 1137 537 1172 duros
565 1136 715 1183 dirosque
739 1136 908 1170 Dominos
925 1135 1048 1181 experti

292 1186 365 1222 sunt
375 1198 616 1234 exterOS,quam
626 1186 709 1233 ipsos
719 1184 799 1220 olim
808 1185 909 1219 exteri
919 1182 1050 1231 perpessi

293 1236 393 1272 essent
403 1254 413 1277 ‚-
425 1237 514 1284 quod
526 1236 615 1271 hunc
625 1236 665 1270 ad
676 1235 815 1269 modum
826 1232 949 1268 fastum
961 1232 1014 1267 est.

344 1287 434 1320 Cum
448 1283 578 1320 Arbaces
589 1285 706 1320 Mediae
717 1289 748 1319 &
761 1280 899 1318 Belochus
911 1282 1050 1329 Babylo-

294 1335 353 1370 niae
374 1333 517 1370 Praefeffi
538 1346 652 1369 contra
672 1332 900 1380 Sardanapalum
918 1330 1048 1377 conspi-

295 1383 417 1423 raffent,
429 1389 460 1419 &
472 1384 545 1431 post
555 1386 657 1419 multa
666 1382 903 1429 adversa-praelia
914 1381 1048 1415 tandem

295 1435 432 1469 vissores
445 1435 671 1469 Monarchiam
692 1430 886 1479 Assyriacam
901 1429 965 1465 una
974 1429 1050 1464 cum

293 1484 485 1531 Sardanapalo
495 1482 721 1531 perdidissent:
733 1478 877 1516 Belochus
889 1492 925 1514 ac
935 1479 1050 1526 posteri

293 1533 464 1580 Babylone
473 1533 650 1581 regnfirunt
661 1556 671 1569 ‚
690 1535 751 1567 effi
759 1532 837 1565 bases
850 1529 958 1564 Medis
969 1530 1050 1564 vici-

291 1581 406 1629 nisque
423 1582 574 1630 gentibus
593 1582 776 1616 libertatem
789 1579 931 1630 permisit
944 1603 953 1619 ,
965 1579 1050 1614 unde

297 1630 419 1666 frustum
434 1629 593 1678 utAssyrii
608 1658 617 1672 ,
634 1631 690 1666 etsi
711 1631 780 1665 nost
802 1629 1031 1664 Monarchiani
1042 1656 1049 1668 ,

290 1681 448 1729 Regnum
461 1691 571 1716 tamen
581 1680 653 1716 satis
663 1691 779 1729 potens
789 1692 867 1714 mox
881 1690 1048 1725 recupera-

289 1733 397 1766 verint
408 1757 416 1771 ,
435 1734 466 1765 &
478 1732 512 1765 in
524 1730 602 1766 urbe
613 1730 732 1765 Nmive
750 1728 965 1764 stabiliverint
975 1753 985 1768 ‚
1000 1725 1050 1762 hic

290 1779 525 1830 Uglatffleleser,
535 1780 738 1824 Salmanaffer,
749 1775 920 1812 senacherib
931 1804 939 1818 ,
958 1780 1049 1825 Esar-

290 1826 407 1863 haddon
419 1829 495 1864 dura
502 1828 720 1865 lsra'e‘litarum
732 1827 987 1876 flagella,multis
996 1840 1050 1861 an-

291 1879 342 1912 nis
354 1878 536 1926 regnarunt.
564 1880 658 1914 Medi
677 1878 834 1913 libertatis
850 1876 969 1923 pertaesi
981 1879 1052 1910 De-

293 1929 352 1973 7'oci
364 1929 405 1962 ab
422 1927 540 1964 Arbace
560 1927 705 1963 oriundo
717 1952 727 1967 ,
744 1938 778 1961 ut
790 1926 863 1974 ipsis
882 1927 1049 1960 velletim—

295 1989 416 2024 pcrare,
433 1976 649 2024 persuaserunt
658 2003 668 2018 ,
682 1977 788 2012 donec
801 1980 947 2019 cyaxares
959 1972 1050 2009 th-

294 2029 362 2061 ortis
375 2025 472 2067 filius,
485 2027 634 2076 «Astyagis
646 2038 732 2074 pater
741 2038 815 2061 cum
829 2023 1052 2072 Nabopolaffaro

295 2074 481 2124 Babylonio
498 2074 654 2111 affinitate
677 2074 861 2112 commeta,
888 2075 960 2109 data
978 2078 1051 2108 Ne-

293 2123 509 2163 huchadnezstri
527 2124 756 2173 Nabopolaffaris
781 2124 852 2159 filio
871 2125 903 2159 in
914 2136 1051 2159 uxorem

294 2171 349 2208 sua
361 2173 427 2208 filia
438 2175 588 2217 Amyatn}
600 2176 786 2219 conjunetis
796 2176 899 2221 copiis
909 2175 1051 2209 Niniven

296 2221 504 2262 obsedissent,
519 2234 554 2256 ac
567 2234 692 2269 captam
704 2221 889 2258 delevissent
899 2221 963 2256 und
974 2235 1048 2256 cum

295 2270 427 2320 Assyriae
440 2284 564 2319 regno:
592 2272 669 2306 sicut
680 2273 767 2319 prius
778 2272 894 2316 junRae
909 2271 1049 2316 Babylo-

295 2323 429 2356 niorum
449 2326 480 2357 δι
500 2320 676 2356 Medorum
698 2322 799 2367 copiae
818 2318 1048 2353 Monarchiani

295 2369 493 2418 Affyriacam
513 2381 703 2407 everterant.
735 2367 906 2405 Destruffll
928 2369 1050 2404 Ninive

295 2422 397 2455 crevit
412 2419 503 2455 valde
517 2433 563 2455 res
571 2420 783 2468 Babylonica,
797 2419 904 2453 donec
914 2416 970 2452 sub
982 2422 1050 2453 Ne-

293 2466 527 2511 bmhadnezare,
538 2468 670 2504 [ιιὺαᾶἓι
681 2469 768 2516 Syria
778 2493 787 2507 ,
799 2467 933 2503 Arabia,
945 2471 976 2501 &
991 2469 1048 2501 AE-

292 2529 413 2567 gypm,
434 2523 467 2552 in
481 2519 706 2554 Monarchiam
726 2516 911 2554 excrescens
925 2517 1047 2551 Medo-

291 2581 361 2604 rum
384 2569 538 2616 Regnum
555 2569 727 2603 inundavit
745 2567 855 2602 saltem
868 2566 1048 2601 obumbra-

291 2620 339 2654 vit
353 2642 362 2655 ‚
378 2617 414 2652 ea
425 2618 615 2664 tempestate
636 2615 728 2654 valde
745 2615 973 2651 labefaftatum
991 2617 1042 2651 ad-

291 2667 385 2703 versis
408 2668 523 2715 praeliis
541 2679 655 2702 contra
681 2666 814 2711 Scythas
842 2665 949 2698 Afiam
978 2667 1044 2712 ple-

292 2729 425 2765 ramque
435 2714 681 2750 transcurrentes
692 2729 699 2748 :
710 2714 756 2749 sed
768 2713 895 2760 Scythis
906 2712 1044 2748 domum

290 2766 502 2801 redeuntibus
517 2768 550 2800 &
561 2762 837 2800 Nebuchadnezare
849 2773 996 2803 mortuo,
1006 2777 1044 2797 ex

287 2814 394 2862 eclipsi
423 2826 594 2862 coeperunt
618 2813 710 2848 Medi
736 2815 851 2848 iterum
871 2824 1043 2859 emergere.

288 2865 427 2914 Astyages
438 2877 554 2899 eorum
568 2865 634 2899 Rex
646 2864 799 2906 (Daniele
809 2863 961 2907 Affiterus)
972 2863 1045 2897 data

288 2914 419 2959 Cambyfi
428 2914 522 2950 Persae
535 2915 568 2948 in
581 2926 715 2948 uxorem
728 2911 793 2947 filia
807 2913 962 2946 fidandane
975 2939 984 2951 ,
1007 2925 1043 2947 ex

288 2962 322 2996 efi
334 2975 486 3010 nepotem
503 2963 617 2998 habuit
637 2967 763 3005 Cyrum,
790 2965 882 3006 cujus
897 2960 1043 3008 auspiciis

288 3009 413 3057 filiique
424 3011 470 3046 sui
480 3012 616 3056 Cyaxaris
629 3009 769 3048 secundi,
783 3013 837 3059 qui
850 3011 986 3046 Daniele
998 3011 1042 3046 est

290 3061 400 3092 Dartm
412 3063 522 3096 Medua
532 3064 633 3098 multa
643 3075 716 3097 cum
728 3062 840 3096 vicinis
853 3061 957 3108 praelia
966 3073 1042 3110 pro-

292 3106 379 3153 sper&
393 3110 495 3152 gessit,

338 3154 464 3207 Astyage
476 3171 606 3195 mortuo
618 3167 763 3209 Cyaxares
778 3172 853 3196 cum
866 3164 938 3206 Cyro
947 3158 1039 3196 ausus

1050 71 1528 113 Htsrothr

1103 145 1151 181 est
1162 159 1230 181 non
1241 157 1370 181 tantum
1380 148 1413 181 in
1423 150 1718 199 Armenos,Lydos
1729 174 1738 189 ‚
1754 154 1784 186 δι
1796 153 1846 187 in·
1873 155 1993 190 Cyaxam

1107 195 1232 231 ferioris
1256 196 1334 232 Afiae
1369 197 1539 245 plerosque
1572 202 1737 248 populos,
1764 213 1852 236 arma
1871 197 1990 233 ‘mc-‘W

1101 258 1233 281 movere
1243 262 1254 289 3
1265 245 1317 280 sed
1329 248 1425 281 etiam
1438 246 1622 289 Babylonium
1633 262 1744 298 aperto
1759 252 1850 285 Mar·
1871 241 1953 302 ”IJJ‘

1098 305 1131 330 te
1148 296 1308 331 invadere.
1333 299 1369 330 In
1389 298 1572 344 praeliorum
1595 311 1661 334 uno
1680 299 1852 343 Babylonius
1869 287 2007 356 ψὲᾱῖζχρ,

1099 343 1167 391 ipse
1184 345 1277 379 caesus
1300 345 1363 386 est;
1392 348 1539 395 quisnam
1571 349 1626 382 ille
1647 347 1744 383 fuerit
1769 352 1853 385 inter
1870 358 2010 394 rispostms

1099 395 1246 427 amstores
1262 406 1332 429 non
1349 398 1506 431 convenit
1519 422 1528 436 ,
1551 397 1663 445 dequo
1677 397 1786 446 postea
1795 398 1852 434 fu-
1869 397 1975 427 eradica-

1098 439 1171 476 suls.
1198 443 1299 478 Multi
1310 443 1584 481 Evtlmerodachum
1593 447 1707 483 caesum
1719 448 1853 483 tradunt
1872 445 1920 468 ’Μ’

1098 503 1187 525 anno
1197 491 1267 539 post
1277 504 1416 529 mortem
1432 497 1529 542 patris
1541 495 1689 535 secundo,
1700 511 1854 546 regnum·

1099 554 1163 588 que
1174 553 1374 589 occupatum
1387 543 1404 577 ὲ,
1417 545 1603 594 Nerigliffino
1614 546 1670 581 suo
1680 549 1853 595 leviro‚qui

1100 591 1241 625 sororem
1252 594 1318 634 ejus
1329 591 1612 630 Nebuchadnezaris
1634 595 1732 630 filiam
1752 596 1853 631 habe-

1102 639 1158 674 bat
1178 653 1310 675 uxorem
1334 651 1342 678 ¹,
1369 641 1456 677 hunc
1474 641 1553 678 vero
1572 644 1662 680 ruisse
1685 656 1856 681 autumant

1105 703 1202 738 quem
1225 692 1258 725 in
1280 692 1390 739 praelio
1419 695 1507 736 Cyrus
1531 695 1663 729 occidit.
1694 697 1858 732 Aufiores

1101 739 1271 786 supradieti
1306 740 1496 792 Nerigliffino
1530 740 1703 779 succeffiffe
1738 747 1857 780 volunt

1102 787 1209 822 filiurn
1231 787 1540 837 Laborofimrchodum‚
1573 791 1857 832 Nehuchadnezaris

1102 848 1140 870 ex
1152 835 1218 871 filia
1230 850 1401 884 nepotem,
1419 854 1518 888 quem
1531 842 1604 890 post
1616 845 1743 891 aliquot
1760 858 1858 879 men-

1102 885 1181 920 slum
1201 887 1373 932 imperium
1393 889 1624 927 Chaldaeorum
1651 893 1783 929 nobiles
1808 893 1856 928 ob

1101 935 1220 970 indolis
1238 937 1427 981 pravitatem
1447 939 1604 975 necfirunt
1620 967 1630 983 ‚
1658 941 1856 992 Balthasarem

1102 982 1338 1019 Evilmerodachi
1360 984 1464 1022 filium
1493 990 1526 1023 in
1548 999 1682 1037 paterno
1707 996 1739 1026 δι
1765 994 1855 1028 avito

1102 1034 1224 1069 throno
1243 1036 1453 1070 collocantes.
1480 1038 1580 1074 Hunc
1598 1041 1694 1074 etiam
1709 1042 1779 1088 post
1791 1043 1854 1076 ali·
1873 1053 1999 1085 chald„-

1101 1096 1182 1131 quot
1192 1096 1296 1119 annos
1315 1084 1403 1132 caprei
1416 1088 1545 1133 pervim
1559 1089 1726 1138 Babylone
1738 1115 1747 1130 ,
1767 1096 1854 1135 Cyrus
1873 1107 1926 1125 rum
1934 1106 1999 1124 am·

1100 1133 1164 1168 vitii
1176 1133 1266 1168 simul
1279 1135 1460 1182 &imperio
1472 1139 1620 1181 privavit.
1647 1142 1692 1173 Ita
1708 1138 1855 1189 stirpitus
1873 1137 1992 1174 naserw'-

1100 1183 1253 1218 eradicata
1265 1183 1308 1217 est
1320 1186 1430 1219 omnis
1449 1184 1731 1225 Nebuchadnezaris
1748 1191 1856 1238 prosa·
1874 1188 1924 1210 Μ·

1103 1234 1170 1280 pia,
1191 1246 1259 1267 non
1273 1231 1401 1268 tantum
1415 1232 1500 1269 filius
1519 1235 1570 1270 sed
1589 1248 1858 1287 uterquenepos‚

1104 1293 1170 1318 tam
1184 1285 1287 1330 quiex
1299 1282 1369 1317 silio
1383 1306 1392 1319 ‚
1408 1297 1504 1331 quam
1522 1288 1623 1333 quiex
1635 1286 1699 1321 filifi
1712 1288 1773 1335 qua
1783 1289 1860 1324 suo-

1104 1345 1175 1366 rum
1189 1331 1403 1380 qualiostium
1418 1335 1569 1370 manibus
1591 1336 1733 1371 violent&
1752 1349 1862 1375 morte

1105 1380 1275 1429 perierunt.
1302 1381 1468 1419 Nobilitas
1481 1386 1579 1419 etiam
1589 1385 1790 1433 Babylonica
1806 1400 1863 1424 to-

1103 1432 1215 1478 tusque
1225 1432 1367 1480 populus
1386 1457 1396 1473 ,
1410 1435 1466 1482 qui
1477 1435 1644 1480 perdendis
1663 1436 1864 1484 Hierosoly-

1105 1482 1166 1514 mis
1188 1493 1323 1528 operam
1358 1481 1445 1516 suam
1474 1482 1623 1519 locarunt
1636 1510 1647 1525 ,
1681 1498 1864 1535 eorumque

1104 1542 1219 1565 omnes
1232 1530 1348 1579 posteri
1361 1532 1478 1580 quibus
1495 1532 1620 1581 gladius
1638 1537 1780 1582 pepercit
1793 1560 1802 1575 ,
1827 1538 1863 1572 in

1104 1580 1250 1615 miseram
1261 1581 1450 1616 servitutem
1468 1609 1477 1622 ,
1494 1584 1601 1630 primo
1614 1584 1734 1625 Perfis,
1750 1584 1860 1631 poste&

1105 1632 1224 1665 Graecis
1235 1655 1245 1671 ‚
1273 1629 1413 1679 denique
1444 1631 1648 1678 sequentium
1675 1631 1861 1670 seculorum

1103 1679 1273 1727 quibusvis
1295 1681 1439 1727 tyrannis
1472 1680 1592 1730 absque
1628 1681 1692 1717 ulla
1712 1696 1859 1732 unquam

1102 1727 1375 1780 manumissione,
1393 1729 1492 1765 dediti
1503 1731 1596 1767 sunt:
1622 1730 1862 1778 utJudaeotum

1103 1779 1228 1826 languis
1238 1777 1468 1828 oppressioque
1488 1780 1618 1817 abunde*
1630 1782 1792 1818 vindicata
1804 1807 1814 1824 ‚
1824 1784 1862 1818 in

1103 1830 1207 1864 oculis
1215 1830 1368 1863 omnium
1382 1832 1533 1877 gentium
1546 1832 1583 1866 ad
1595 1832 1862 1878 Divinaejustitiae

1105 1890 1259 1927 magnam
1271 1877 1399 1914 laudem
1411 1877 1685 1926 conspicerentur.

1151 1929 1244 1963 Licet
1261 1929 1295 1963 in
1318 1926 1549 1964 Chaldaeorum
1570 1927 1766 1966 Monarchiz‘i
1784 1927 1859 1964 sub·
1878 1934 1998 1965 Libertas

1105 1976 1253 2012 vertenda
1263 1978 1427 2025 principes
1437 1988 1540 2025 partes
1550 1979 1619 2022 Cyri
1629 1978 1751 2015 fuerint
1762 2003 1772 2020 ‚
1783 1980 1859 2028 quia
1878 1977 2011 2006 Iudaeorum

1105 2038 1214 2062 tamen
1234 2028 1352 2062 militia
1376 2031 1443 2072 ejus
1468 2029 1577 2062 omnis
1602 2040 1675 2064 tum
1702 2030 1859 2076 temporis
1878 2019 1978 2047 ‘'¹⁶3⁰'‘

1106 2076 1205 2111 fiebat
1228 2075 1374 2124 auspiciis
1401 2077 1549 2111 avunculi
1573 2078 1666 2113 ‘Darii
1691 2078 1784 2113 Medi
1806 2077 1859 2113 seu
1878 2062 1949 2099 Cym

1105 2127 1268 2170 (buxam,
1286 2125 1413 2160 idcirco
1431 2125 1479 2160 issi
1494 2127 1651 2171 quamdiu
1664 2128 1860 2174 vixitimpe-

1105 2178 1155 2210 rio
1167 2175 1371 2221 Babylonico
1381 2173 1496 2221 sponte
1506 2173 1602 2208 cessit.
1628 2176 1766 2210 Mortuo
1779 2176 1857 2211 vero

1104 2223 1201 2258 Medo
1217 2223 1289 2269 post
1307 2223 1491 2262 biennium,
1507 2221 1582 2257 cum
1601 2225 1635 2260 in
1655 2225 1792 2272 Judaicae
1803 2237 1857 2260 ca-

1105 2273 1263 2318 ptivitatis
1280 2283 1366 2306 anno
1381 2270 1612 2319 septuagesimo
1631 2278 1720 2317 Cyrm
1737 2277 1771 2310 in
1788 2275 1857 2310 suas

1104 2333 1219 2355 manus
1237 2320 1395 2369 sceptrum
1408 2321 1609 2357 Monarchiae
1629 2324 1804 2360 Medorum
1820 2337 1858 2360 ac

1103 2369 1269 2405 Persarum
1289 2368 1457 2418 accepisset
1475 2394 1484 2407 ‚
1509 2373 1595 2407 inter
1619 2375 1738 2421 primas
1766 2387 1857 2409 curas

1102 2419 1215 2454 habuit
1226 2422 1351 2469 exequi,
1364 2421 1452 2467 quod
1463 2420 1552 2456 isaias
1565 2422 1727 2469 Propheta
1736 2423 1774 2458 de
1783 2422 1855 2470 ipso

1102 2472 1317 2509 nominatim,
1341 2472 1433 2504 annis
1453 2470 1600 2506 ducentis
1611 2483 1855 2519 antequamna-

1102 2518 1252 2556 sceretur,
1265 2520 1462 2567 praedixerat.
1490 2520 1641 2555 Edictum
1655 2520 1692 2554 de
1705 2521 1854 2556 libertate

1099 2568 1290 2615 Judaeorum
1303 2570 1546 2615 promulgavit,
1572 2573 1607 2604 ὃ(
1626 2568 1710 2617 regi&
1727 2569 1854 2617 prorsus

1101 2617 1322 2652 munificentifi
1339 2618 1461 2662 adjuvit
1478 2617 1609 2663 Judaeos
1621 2630 1759 2660 omnes,
1778 2620 1853 2667 quia

1100 2667 1157 2700 bus
1173 2665 1234 2700 fuit
1250 2668 1374 2701 animus
1387 2666 1484 2701 redire
1494 2667 1632 2702 domum
1646 2681 1654 2702 π
1670 2670 1852 2716 templum-7

1099 2729 1162 2764 que
1173 2719 1203 2750 &
1215 2715 1327 2750 urbem
1337 2715 1530 2751 restauravit.

1138 2768 1260 2800 Verum
1272 2765 1315 2800 est
1328 2764 1634 2814 quodCuthaeorum
1645 2775 1850 2801 caeterorum-

1098 2826 1161 2862 que
1172 2828 1245 2861 erga
1257 2814 1388 2860 Judaeos
1400 2814 1558 2850 hostiliter
1566 2814 1756 2849 affectorum
1772 2816 1852 2848 arti-

1097 2862 1167 2905 bus,
1182 2863 1350 2899 aedificatio
1367 2866 1480 2912 templi
1495 2869 1526 2899 δε
1538 2863 1849 2910 Hierosolymorum

1098 2913 1327 2960 redintegratio
1344 2927 1380 2948 ac
1394 2914 1507 2960 populi
1524 2915 1557 2947 in
1569 2913 1698 2959 plenam
1711 2913 1848 2948 liberta-

1097 2972 1162 2995 tem
1175 2962 1335 2996 restitutio
1349 2964 1504 2997 retardata
1513 2961 1569 2996 est:
1583 2962 1649 3004 Cyri
1660 2972 1768 2997 tamen
1779 2963 1849 2997 edi-

1095 3012 1182 3045 ‹stum
1197 3010 1275 3045 basis
1288 3009 1365 3050 suit,
1382 3013 1433 3045 cui
1444 3010 1498 3044 ista
1508 3013 1622 3044 omnia
1636 3012 1724 3045 Deus
1735 3024 1847 3047 contra

1093 3073 1205 3094 omnes
1216 3061 1366 3094 omnium
1380 3061 1614 3095 malevolorum
1633 3061 1849 3096 machinatio-

1094 3122 1151 3144 nes
1173 3109 1230 3143 suo
1248 3120 1396 3156 tempore
1414 3108 1631 3157 superstruxit.
1669 3110 1736 3158 Ipse
1759 3117 1847 3155 Cyrus

1094 3161 1168 3195 licet
1179 3159 1273 3194 rebus
1289 3159 1418 3194 Persicis
1430 3162 1461 3194 ὅ(
1476 3160 1572 3194 etiam
1585 3159 1725 3196 Medicis
1734 3160 1845 3194 multis

1751 3218 1844 3242 annis
