2048 3343
450 155 527 181 ET

197 212 333 260 thiopica
345 212 423 246 hauc
439 212 607 248 lcetioncm
623 213 805 262 sequuntur,
829 215 861 248 in
875 214 912 248 iis
924 226 957 248 e-

196 263 261 295 nim
272 262 352 308 apud
368 265 517 295 Marcum
531 262 659 297 habetur
672 263 749 297 hora
765 261 854 298 sexta.
885 265 954 297 eA-

196 315 303 358 quinas
317 311 392 345 locis
406 309 489 358 supra
498 312 594 346 citatis
601 336 611 350 ,
636 311 715 345 hanc
722 311 899 344 sententiam
907 308 951 344 af-

195 358 254 394 fert
267 359 378 408 absque
391 361 455 394 ullo
469 359 660 406 displicentiae
671 359 767 406 signo.
796 357 950 407 Theophy-

194 411 287 443 [ψέλια
305 411 335 442 in
351 410 443 456 Joan.
458 421 504 449 19.
525 420 569 453 ¹4·
599 409 706 442 eadem
727 407 808 442 vadit
829 407 877 441 vizi
896 407 951 442 nisi

193 459 281 506 quod
291 455 591 492 erroremtrausferat
605 456 620 490 εὶ
632 467 715 491 textu
723 459 835 490 Marci
841 457 949 491 adtex-

193 519 259 542 tum
276 510 407 546 Ioannis,
423 507 500 553 apud
509 519 601 553 quem
609 506 949 554 genuinamlefflonem

192 558 253 591 vult
266 557 345 590 hora
357 557 446 590 tertia
460 568 523 589 non
537 554 627 591 sexta.
644 554 810 589 Theodorus
821 558 904 604 Beza
916 556 949 589 in

193 608 346 639 Marcum
360 616 449 639 vocat
468 604 545 639 hanc
561 603 746 639 solutionem
761 605 924 640 violentam
937 629 947 644 ,

192 655 393 689 nihilominus
407 667 473 689 eam
488 654 593 688 haberi
606 655 680 688 dicit
690 678 699 693 ‚
723 664 785 688 tam
797 654 829 687 in
843 658 946 687 Came-

192 708 270 738 rarn'
294 706 385 752 quam
412 703 464 737 suo
489 703 687 737 vetustissimo
712 701 916 749 manuscripto
933 726 942 739 ‚

192 767 322 801 eamque
347 755 476 789 Po'e‘tam
492 755 649 801 Ἇζοηηιηη
665 749 763 799 sequi,
791 751 857 785 imo
869 751 945 786 vero

190 804 222 837 in
231 804 323 849 Joan.
340 817 386 844 19.
401 815 448 848 ¹4·
481 801 542 848 ipse
558 802 726 835 leetionem
739 800 817 835 hanc
830 802 944 835 reChm

190 851 328 887 affirmat.
354 855 382 885 G
384 851 506 884 erardus
519 852 549 884 in
563 850 723 884 harmoniz'i
732 849 871 897 paslionis
880 863 944 897 cap.

189 914 229 937 11.
242 902 362 936 adducit
369 903 502 934 ‘Petrum
517 901 780 934 *stlexandrinum
789 898 943 933 affirman-

189 963 254 985 tem
272 954 388 984 lommis
407 950 608 996 Evangelium
627 948 716 995 ipsius
734 961 824 982 manu
840 961 942 982 exara-

187 1012 268 1035 tum,
296 1001 382 1047 quod
395 1000 425 1032 in
444 998 579 1033 Ecclesia
599 997 747 1045 Ephefinz'i
766 996 822 1032 suis
836 997 943 1031 diebus

187 1049 386 1083 asservabatur
396 1073 404 1087 ,
419 1050 518 1096 legere
532 1047 608 1081 hora
620 1048 719 1085 tertia,
729 1059 792 1080 non
806 1045 896 1082 sexta.

235 1099 388 1133 Sententia
400 1098 463 1132 haec
473 1097 625 1136 ficaetcris,
640 1095 824 1134 utarbitror,
837 1096 939 1129 omni-

591 142 1222 186 CHRONOLocch

187 1148 244 1182 bus
258 1160 318 1182 tam
338 1146 508 1182 Pontificiis
523 1146 614 1193 quim
635 1145 876 1180 Protestantibus
893 1156 941 1177 re-

163 1216 165 1218 ·
185 1198 303 1241 jieitur‚
329 1209 362 1231 ut
384 1209 449 1242 quae
463 1197 553 1228 nimis
567 1197 655 1228 latam
675 1204 795 1241 portam
810 1205 938 1227 temera-

187 1247 238 1280 riis
252 1247 380 1294 ingeniis
391 1246 500 1292 pandat
513 1245 687 1291 corrigendi
695 1245 794 1277 Sacras
802 1242 940 1288 Scriptu-

186 1308 244 1329 ras·
282 1298 455 1330 Hreronrmz'
473 1295 504 1326 in
523 1292 655 1327 psalmos
674 1293 887 1326 commentarii
904 1304 940 1324 ex

185 1347 236 1378 Pii
248 1346 346 1392 quinti
361 1339 504 1377 sententia
517 1343 532 1377 ἶι
547 1345 694 1375 Mariano
708 1342 851 1373 Vtfflort'no
867 1339 941 1374 ficut

185 1392 290 1441 ipsein
305 1391 483 1440 praefatione
497 1403 611 1429 narrat,
637 1391 743 1434 rejee'ti
757 1389 822 1423 sunt
836 1391 867 1423 in
881 1402 941 1423 vo-

183 1444 288 1476 lumen
308 1443 448 1476 ultimum
469 1452 501 1474 ut
519 1441 605 1474 dubii
625 1439 645 1473 si
665 1452 729 1473 non
750 1438 940 1486 supposititii.

185 1494 386 1525 veihamma
400 1489 508 1523 fatetur
518 1490 547 1522 in
559 1490 698 1536 plurimis
711 1488 727 1522 a
740 1487 858 1522 falsariis
869 1501 938 1522 cor-

183 1553 299 1587 ruptos.
333 1540 430 1574 Certe
442 1542 638 1586 Hteroaymus
653 1539 684 1571 in
698 1538 939 1571 Commentariis

184 1591 222 1624 ad
240 1589 421 1623 Atitthaeum
435 1591 625 1623 &Mas-cum
639 1587 713 1620 nihil
725 1586 818 1620 habet
832 1586 941 1621 simile.

184 1637 336 1675 Profecto
353 1639 561 1686 Magn-(bium
574 1638 625 1684 qui
639 1637 730 1670 toties
745 1642 775 1671 &
788 1647 849 1670 tam
863 1648 940 1683 pro-

184 1689 243 1723 lixe
258 1687 458 1736 quaestionem
477 1687 554 1721 hanc
568 1687 729 1733 pertraftat
741 1698 806 1719 non
819 1698 940 1732 praeter-

186 1737 261 1772 iisset
273 1741 505 1784 Hteronymrtm,
523 1735 621 1783 siquid
635 1737 692 1770 tale
705 1736 735 1768 in
749 1737 814 1780 ejus
826 1733 940 1782 scriptis

184 1786 309 1835 legisset.
337 1787 437 1834 Qod
448 1789 531 1819 Petri
544 1785 745 1818 Alexandrini
756 1785 886 1819 nomine
897 1785 936 1818 ci-

184 1847 264 1871 tatur
278 1861 289 1876 ,
313 1849 397 1870 mera
410 1836 530 1869 videtur
544 1833 664 1876 fabula;
691 1835 759 1882 quis
780 1834 863 1873 enim
876 1836 938 1878 ejus

185 1885 294 1921 diebus
307 1884 428 1933 Joannis
440 1884 664 1931 autographum
678 1882 803 1918 extitisse
816 1884 937 1918 credat?

245 1935 346 1984 Qod
361 1935 397 1969 ad
412 1948 477 1968 rem
492 1933 585 1980 ipsam
597 1935 704 1968 attinet
718 1957 727 1972 ,
752 1932 773 1966 fi
787 1945 856 1967 vera
869 1932 939 1967 esset

1279 148 1312 186 L
1341 163 1355 186 1
1388 152 1420 188 Β.
1466 151 1518 189 11.
1707 154 1754 203 87

993 227 1049 261 pus
1062 217 1251 252 ordinarium
1269 219 1464 255 comedendi.
1496 223 1603 269 Scopae
1621 221 1667 256 hae
1681 221 1748 258 finnt

991 264 1158 301 admodum
1171 266 1333 306 diffolutae,
1360 271 1573 316 &argumenta
1584 269 1746 307 futiliffima‘

991 311 1122 348 refutatu
1135 315 1257 362 indigna
1269 339 1279 355 ,
1306 315 1359 349 etsi
1372 319 1518 351 Cornelius
1530 319 1549 351 a*
1562 321 1689 369 Lapide,
1709 334 1742 355 a-

990 360 1083 407 liique
1096 364 1333 398 Pontificiorum
1340 389 1351 404 ‚
1372 363 1436 399 haec
1449 376 1482 399 ut
1493 367 1616 413 pulchra
1629 369 1742 416 myste-

989 409 1033 442 ria
1046 410 1277 457 amplectantur.

1040 458 1148 493 Tertia
1160 457 1305 494 sententia
1317 461 1361 495 est
1372 463 1487 496 loannis
1498 464 1666 507 Pxfiamris,
1685 467 1738 514 qui
1754 473 1864 501 laterna*

987 509 1125 541 loannem
1137 509 1200 543 vult
1208 509 1390 556 loquimore
1399 512 1629 553 Romanorum,
1643 518 1736 548 Mar·
1753 512 1879 548 Pzscarom

987 568 1057 589 cum
1069 558 1142 593 vero
1153 559 1564 607 moreJudaeorum‚Judae0s
1571 574 1671 597 autem
1680 577 1735 598 nu-
1749 552 1888 628 {5752me

986 605 1110 640 metasse
1117 606 1207 641 horas
1220 607 1280 641 diei
1287 607 1448 642 artificialis
1455 609 1493 643 ab
1501 621 1571 644 ortu
1579 611 1659 652 solis,
1668 613 1736 647 Ro-

986 667 1095 689 manos
1108 655 1124 689 a
1136 656 1236 690 media
1248 657 1359 697 nocte,
1373 655 1482 692 sextam
1496 670 1596 693 autem
1610 659 1626 694 Ξι
1638 662 1739 696 media

986 705 1081 738 noete
1095 705 1256 753 contigisse
1269 706 1299 739 in
1312 707 1399 740 tertia
1411 707 1449 741 ab
1462 719 1532 741 ortu
1546 707 1628 748 solis,
1641 711 1693 758 qui
1706 711 1738 744 in

978 753 1084 799 Judaea
1102 764 1167 788 tum
1186 754 1344 789 oriebatur
1361 755 1440 790 hora
1458 757 1562 804 quarta
1575 760 1734 794 matutina.

985 803 1062 836 Haec
1070 804 1234 847 ‘Ptfiatoris
1246 802 1390 838 sententia
1404 817 1468 839 non
1480 807 1586 852 placet,
1595 807 1646 842 etfi
1659 810 1737 843 mul-

983 852 1006 885 ti
1020 852 1076 886 viri
1095 853 1258 886 doetiffimi
1272 853 1362 900 paulo
1377 855 1462 890 aliter
1478 867 1568 903 atque
1581 857 1666 892 aliter
1683 871 1736 892 ex-

982 901 1122 946 plicatam
1145 902 1319 948 approbent
1336 916 1344 937 :
1373 903 1519 939 nimirum
1541 905 1575 938 de
1592 909 1680 940 ‘Dim
1703 908 1736 941 in

980 951 1079 983 Marc.
1090 962 1130 996 ¹5·
1139 963 1184 996 25.
1202 955 1412 986 Annotatores
1423 953 1540 1001 Belgici
1551 955 1583 988 in
1590 957 1733 1002 Joanj19.

980 1001 1018 1038 x>-
1028 1011 1076 1044 ¹4·
1103 1004 1312 1034 Annotatores
1326 1001 1487 1048 Anglicani
1499 1003 1598 1038 ultimi
1612 1006 1644 1038 in
1656 1007 1734 1040 Luc.

981 1059 1090 1093 2544·
1114 1048 1256 1093 Erasmus
1269 1051 1301 1083 in
1314 1050 1426 1084 Matth.
1439 1063 1487 1097 27.
1495 1064 1546 1098 45.
1565 1057 1596 1087 δι
1609 1054 1668 1088 alii.
1698 1058 1733 1088 ln

979 1108 1017 1129 ea
1029 1095 1092 1131 haec
1104 1098 1207 1145 culpo.
1240 1098 1360 1132 Primo.
1385 1099 1515 1143 Ptscator
1526 1098 1668 1149 supponit
1680 1115 1734 1136 or„-

979 1157 1044 1178 tum
1061 1144 1155 1181 solem
1170 1149 1200 1180 in
1215 1148 1320 1194 Judaea
1338 1158 1479 1194 tempore
1494 1147 1641 1184 Paschatis
1653 1151 1735 1187 hora

978 1197 1085 1241 quarta
1104 1196 1251 1230 matutina
1264 1220 1274 1235 ,
1300 1195 1363 1230 hoc
1380 1196 1424 1230 est
1440 1196 1597 1234 manifeste
1612 1198 1735 1235 falsum:

978 1256 1048 1277 nam
1062 1245 1093 1277 in
1106 1245 1317 1292 aequinodstio,
1339 1247 1424 1292 quod
1438 1247 1469 1280 in
1477 1247 1582 1294 Judaea
1595 1262 1664 1282 cum
1679 1253 1734 1284 Pa-

978 1291 1076 1327 schate
1096 1294 1290 1328 coincidebat
1303 1318 1313 1333 ‚
1342 1293 1386 1328 lol
1404 1309 1560 1344 nunquam
1579 1298 1736 1334 oriebatur

978 1353 1045 1376 ante
1058 1342 1167 1376 horam
1180 1341 1289 1376 sextam
1303 1347 1492 1379 matutinam.

1038 1391 1191 1426 Secundo.
1224 1391 1390 1438 Suppofito
1407 1394 1514 1428 Solem
1535 1404 1638 1429 ortum
1655 1396 1734 1432 horz‘i

978 1444 1094 1487 quarta,
1109 1445 1209 1476 &tam
1222 1441 1321 1475 multo
1328 1454 1416 1476 mane
1429 1443 1588 1478 Christum
1600 1446 1677 1491 apud
1684 1449 1734 1480 Pt-

978 1492 1072 1523 latum
1088 1489 1267 1529 accusatum,
1281 1494 1312 1525 &
1326 1490 1395 1537 post
1407 1491 1533 1526 duarum
1545 1492 1690 1528 horarum
1703 1509 1735 1530 a-

978 1540 1129 1579 ctionem,
1141 1539 1218 1574 horti
1230 1538 1341 1574 scilicet
1349 1537 1428 1576 sexta
1441 1539 1489 1575 seu
1501 1543 1589 1578 tertia
1603 1543 1672 1590 post
1679 1556 1733 1578 or-

978 1600 1042 1622 tum
1057 1588 1141 1628 solis,
1167 1601 1199 1623 ut
1210 1589 1303 1623 habet
1311 1590 1483 1627 emarcus,
1494 1592 1733 1628 condemnatum

978 1642 1008 1672 &
1024 1638 1202 1673 crucifixum
1217 1663 1227 1678 ‚
1248 1637 1421 1685 sequeretur
1433 1639 1592 1674 Christum
1606 1654 1672 1675 non
1686 1640 1732 1677 sex

976 1687 1094 1722 tantum
1106 1687 1192 1722 horis
1199 1687 1408 1735 pependiffein
1416 1700 1515 1728 cruce,
1524 1687 1574 1723 sed
1586 1691 1659 1734 totis
1672 1703 1732 1726 no-

977 1750 1046 1771 vem
1057 1762 1066 1776 ,
1092 1738 1178 1784 quod
1191 1749 1255 1771 non
1267 1736 1386 1772 tantum
1399 1738 1462 1771 aliis
1476 1738 1623 1773 omnibus
1637 1740 1732 1775 Chri-

977 1784 1078 1820 stianis
1092 1787 1282 1826 contradicit,
1296 1786 1405 1833 sedipsi
1414 1787 1504 1821 etiam
1516 1788 1668 1831 Pzfiatori,
1677 1791 1730 1837 qui

977 1836 1013 1870 ad
1025 1838 1123 1870 Marc.
1133 1848 1173 1881 15.
1185 1848 1229 1882 25.
1251 1835 1411 1870 Christum
1418 1834 1548 1872 affirmat
1559 1835 1732 1874 sextantum

977 1885 1062 1919 horis
1076 1886 1159 1920 cruci
1171 1884 1303 1919 affixum.

1022 1934 1146 1970 Tertio.
1227 1935 1256 1968 ui
1274 1935 1433 1982 corrigunt
1451 1935 1627 1979 Piscatorem
1639 1937 1670 1971 in
1682 1948 1732 1980 19.

185 1996 253 2030 quae
267 1985 375 2018 dicitur
386 1987 562 2029 Hzeronymi
575 1996 683 2022 mens,
707 1983 869 2031 legendum
883 1980 936 2016 sci-
972 1984 1119 2030 Joannis,
1150 1988 1182 2019 &
1205 1986 1234 2019 C
1261 1983 1366 2018 ristum
1391 1983 1504 2031 passum
1523 1985 1631 2020 volunt
1652 1985 1732 2022 hora

185 2033 257 2067 licet
271 2035 302 2067 in
313 2036 426 2067 Marco
438 2032 517 2067 hora
527 2030 620 2072 sexta,
641 2032 758 2066 nullum
773 2044 942 2067 remaneret
977 2033 1064 2067 tertifi
1077 2033 1125 2067 seu
1137 2034 1222 2067 nonfa
1233 2034 1383 2068 matutina
1399 2057 1409 2072 ,
1442 2034 1482 2066 ita
1497 2044 1529 2067 ut
1542 2031 1588 2068 sex
1600 2034 1686 2068 horis
1699 2036 1730 2069 in

184 2082 329 2121 dubium,
357 2087 388 2117 &
401 2082 457 2116 hfic
471 2082 604 2115 leetione
617 2083 719 2116 omnis
732 2081 941 2129 Evangelista-

184 2143 253 2165 rum
275 2131 437 2168 ὡσινῖωφκηὶι
456 2132 634 2170 tolleretur,
661 2129 710 2166 sed
725 2133 867 2165 omnium
880 2141 941 2165 tam

977 2095 1066 2116 cruce
1085 2083 1278 2130 pependerit,
1306 2094 1372 2115 non
1395 2079 1512 2116 solvunt
1530 2082 1658 2117 dubium
1671 2096 1731 2130 prae

978 2131 1134 2168 manibus,
1155 2131 1321 2179 quomodo
1340 2133 1454 2164 loannis
1475 2131 1551 2165 hora
1570 2131 1647 2166 sexta
1660 2134 1732 2167 Ro-

184 2178 397 2227 imprefforum
408 2181 501 2226 quam
514 2178 787 2226 manuscriptorum
801 2182 943 2216 &staret
978 2193 1082 2220 mana,
1096 2193 1129 2216 ut
1141 2182 1259 2220 volunt,
1273 2180 1426 2214 coincidat
1437 2193 1507 2215 cum
1523 2183 1633 2215 Marci
1644 2183 1732 2216 tertia

185 2229 401 2276 exemplarium
416 2228 491 2262 fides
506 2229 689 2269 contradicit
706 2229 778 2263 huic
791 2228 861 2263 sacri
874 2241 940 2263 tex—

185 2278 234 2311 tfis
247 2279 428 2316 mutationi,
447 2290 504 2311 nec
520 2290 585 2311 rem
597 2288 710 2311 tantam
724 2278 936 2324 AEthiopicus‚

185 2327 239 2373 qui
253 2338 347 2373 nuper
357 2326 471 2372 prodiit
479 2349 489 2363 ,
502 2326 660 2371 interpres,
671 2325 719 2358 sua
728 2327 816 2359 unius
830 2327 939 2360 aueto-

186 2376 273 2408 ritate
288 2375 364 2408 valet
377 2372 536 2412 sustinere,
560 2386 660 2419 neque
675 2376 775 2417 major
787 2373 830 2407 est
845 2374 939 2406 Theo-

183 2424 310 2473 phylac‘ffi
318 2421 439 2469 ejusque
448 2421 619 2469 sequacium
629 2433 735 2456 contra
744 2422 819 2456 alios
828 2435 939 2456 omnes

185 2467 327 2507 suffitores
341 2487 348 2507 :
376 2471 442 2504 ime>
456 2484 528 2505 vero
541 2472 611 2505 licet
627 2484 737 2505 eorum
750 2482 848 2505 textus
861 2471 939 2517 apud

186 2526 323 2555 loannem
347 2522 524 2568 largiremur
543 2521 775 2554 correffionem
789 2545 799 2560 ,
825 2533 938 2568 nequa-

187 2584 279 2619 quam
293 2572 364 2606 inde
378 2570 508 2604 dubium
521 2568 695 2609 solveretur,
710 2569 759 2604 sed
772 2570 875 2617 potius
888 2583 936 2603 au-

187 2631 319 2668 geretur,
333 2633 404 2654 cum
418 2622 530 2652 Marco
544 2623 660 2653 loannes
675 2622 851 2666 jungeretur
863 2631 941 2653 con-

187 2681 231 2703 tra
244 2669 426 2703 Assztthaetaem
438 2673 469 2704 δέ
481 2672 614 2705 Lucam,
635 2669 682 2702 his
694 2668 772 2702 hora
783 2667 872 2708 sexta,
886 2668 943 2701 illis

189 2720 278 2754 tertifi
301 2718 479 2753 crucifixum
509 2720 689 2752 Dominum
711 2716 942 2752 affirmantibus.

27 2782 171 2823 713„lesp
192 2770 321 2804 Omitto
336 2767 423 2815 quod
437 2768 593 2802 correeho
613 2767 676 2802 haec
695 2768 711 2801 ὲ
732 2767 945 2815 Theophylaffo

26 2825 59 2850 6¹1·
65 2833 126 2859 argu
133 2838 140 2842 -

27 2871 145 2890 mentntto

28 2903 96 2930 Iaxa-

193 2819 314 2853 recitata
326 2817 379 2864 ipsi
395 2827 559 2864 repugnet,
574 2829 642 2849 nam
656 2817 680 2849 is
694 2817 725 2849 in
738 2818 829 2849 Matr.
839 2829 884 2860 27.
893 2827 945 2861 45.

193 2867 356 2903 Christum
369 2867 432 2900 vult
445 2866 567 2900 affixum
578 2866 659 2898 cruci
672 2865 750 2898 hora
762 2862 842 2899 sexta
854 2865 946 2897 meri-

194 2916 293 2954 diana,
310 2915 407 2950 fateor
415 2916 459 2950 ob
473 2915 625 2949 infirmam
634 2912 770 2949 &falsam
783 2914 946 2952 rationem,

193 2966 279 3013 quod
292 2963 403 2999 scilicet
416 2966 520 2999 ezidem
534 2964 610 2998 horst
623 2968 654 2999 δε
667 2964 715 2997 die
727 2963 818 2997 elcCti
830 2962 948 2997 Christi

194 3027 282 3048 cruce
296 3014 464 3048 redimendi
477 3013 585 3053 essent,
603 3013 715 3061 quibus
728 3014 833 3046 Adam
846 3013 877 3045 in
891 3014 946 3045 Pa-

194 3061 291 3098 radiso
313 3064 456 3109 peccavit.
501 3064 626 3096 eAdam
643 3075 744 3097 autem
765 3063 795 3095 in
811 3058 948 3094 Paradiso

194 3113 328 3160 peccavit
341 3112 389 3145 die
403 3109 485 3145 sexto
498 3111 702 3145 hebdomadis
712 3137 720 3151 ‚
747 3111 858 3144 eodem
871 3107 948 3142 scili-

196 3174 244 3196 cet
258 3174 322 3208 quo
335 3172 450 3194 creatus
464 3158 536 3199 fuit,
555 3161 647 3207 idque
659 3162 689 3194 in
704 3157 767 3204 esus
781 3159 841 3193 diei
855 3158 949 3192 meri-

140 3239 154 3249 ,
195 3213 262 3252 die3
280 3211 350 3258 quia
364 3210 506 3244 meridies
521 3213 552 3244 &
565 3209 641 3243 hora
655 3210 714 3243 diei
728 3207 806 3244 sexta
816 3207 859 3242 est
871 3219 948 3242 tcm-

972 2231 1098 2276 Judaica
1111 2255 1120 2269 ‚
1145 2230 1209 2265 haec
1223 2231 1308 2264 enim
1321 2230 1472 2263 Romanis
1485 2243 1565 2263 nona
1578 2243 1642 2264 non
1655 2230 1732 2264 sexta

976 2277 1047 2315 fuit,
1070 2279 1126 2311 nifi
1138 2278 1300 2312 secundum
1311 2278 1465 2321 Ptftatoris
1478 2278 1664 2325 superiorem
1679 2293 1731 2314 ex-

976 2325 1163 2372 positionem
1176 2325 1340 2360 neceffario
1353 2327 1559 2371 rejiciendam.

1071 2377 1166 2410 uarro.
1191 2375 1414 2408 Emendatores
1433 2374 1584 2409 sententiae
1598 2375 1730 2410 Piscato-

976 2423 1064 2455 rianae
1075 2442 1084 2454 ι
1093 2421 1209 2456 fficient
1216 2424 1330 2455 loannis
1342 2421 1452 2456 sextam
1461 2425 1637 2458 antecedere
1645 2427 1731 2458 Mar-

977 2472 1005 2505 ci
1017 2471 1230 2505 tertiamhoris
1243 2472 1368 2518 integris
1382 2471 1490 2511 tribus,
1499 2474 1585 2520 quod
1599 2484 1679 2506 tanta
1688 2473 1731 2507 est

977 2519 1137 2554 difficultas
1150 2544 1160 2559 ,
1186 2520 1241 2554 acsi
1254 2521 1354 2554 Marci
1367 2522 1489 2555 tertiam
1503 2523 1632 2556 totidem
1645 2521 1731 2555 horis

977 2567 1161 2616 sequeretur.

1029 2619 1163 2667 Qinto.
1176 2619 1298 2653 Omnes
1311 2619 1342 2652 in
1353 2617 1409 2652 hac
1421 2617 1564 2653 sententia
1573 2619 1731 2654 Christum

980 2668 1086 2702 volunt
1104 2666 1275 2714 pependisse
1288 2669 1320 2701 in
1335 2680 1423 2701 cruce
1436 2667 1520 2702 horis
1535 2667 1598 2707 sex,
1617 2669 1632 2703 a
1645 2671 1733 2703 tertia

981 2718 1017 2751 ad
1030 2729 1157 2756 nonam,
1170 2716 1232 2750 hoc
1244 2727 1345 2751 autem
1359 2716 1411 2750 etsi
1421 2718 1543 2764 quidam
1557 2731 1591 2751 ex
1604 2719 1735 2766 antiquis

982 2765 1134 2800 affirment
1148 2790 1157 2805 ,
1182 2777 1275 2813 prout
1287 2779 1340 2800 eos
1354 2767 1424 2800 citat
1442 2770 1558 2801 suarez
1572 2767 1602 2799 in
1615 2770 1735 2802 tertiam
1763 2800 1767 2805 ,

982 2816 1118 2849 Thomae
1136 2814 1238 2862 quaest.
1249 2828 1298 2861 50.
1313 2827 1367 2849 art.
1382 2821 1409 2849 6.
1434 2816 1569 2862 plerique
1583 2827 1686 2850 tamen
1699 2830 1737 2850 0-

984 2877 1069 2897 mnes
1083 2867 1185 2898 Patres
1196 2888 1204 2903 ,
1218 2869 1248 2898 δε
1262 2866 1445 2899 recentiores
1459 2876 1520 2898 tam
1533 2865 1737 2900 Protestantes

984 2912 1077 2961 quam
1095 2912 1252 2947 Pontificii
1271 2924 1330 2947 tres
1349 2925 1466 2948 tantum
1484 2913 1574 2947 horas
1593 2915 1737 2962 assignant

984 2960 1112 2997 Christo
1121 2963 1152 2995 in
1162 2975 1250 2996 cruce
1258 2963 1295 2996 ab
1303 2963 1378 2996 hora
1392 2961 1469 2996 sexta
1484 2964 1513 2996 in
1526 2976 1654 3004 nonam,
1664 2977 1736 3011 pro-

984 3023 1017 3045 ut
1029 3013 1144 3044 loannis
1157 3012 1244 3045 locus
1256 3025 1316 3058 prae
1325 3012 1461 3045 manibus
1476 3024 1520 3053 19.
1529 3015 1617 3059 iniq..
1633 3025 1736 3047 extor-

984 3073 1078 3108 quere
1091 3060 1209 3093 videtur
1222 3075 1232 3100 ;
1255 3074 1324 3094 nam
1338 3061 1413 3094 hora
1428 3061 1508 3108 quali
1524 3060 1600 3095 sexta
1613 3064 1735 3096 ‘Ptlatns

985 3109 1124 3142 nondum
1136 3110 1243 3143 tulerat
1256 3108 1448 3149 sententiam,
1465 3122 1540 3156 ergo
1553 3122 1669 3145 certum
1683 3125 1736 3146 an-

986 3170 1016 3192 te
1041 3170 1107 3191 eam
1134 3157 1244 3192 horam
1274 3157 1433 3192 christum
1457 3172 1523 3192 non
1547 3158 1736 3194 crucifixum.

986 3206 1132 3242 Praeterea
1149 3207 1282 3241 tenebrae
1296 3220 1362 3254 quae
1376 3220 1440 3242 non
1453 3206 1517 3243 sunt
1535 3209 1656 3243 obortae
1668 3221 1735 3242 ante

1625 3258 1733 3291 horam
