2048 3343
256 127 307 164 74
646 107 941 146 OPER1s

256 181 358 219 xci-cit.
375 193 412 224 ¹3·
433 178 498 227 quo
522 176 658 212 referunt
683 178 786 212 ultimi
807 181 1021 212 Annotatores

259 231 439 279 Anglicani,
453 228 506 262 etsi
519 227 573 275 ipsi
590 229 743 275 priorem,
766 241 830 262 non
842 228 921 262 hanc
936 225 1020 274 sequi

260 283 416 316 videantur
429 278 601 317 Deodasus,
629 282 660 313 δι
682 279 812 327 Capellus
825 279 856 311 in
871 278 1022 326 Spicilegio

261 332 320 366 hfic
333 330 445 364 vadunt
457 329 514 363 via.
541 331 618 362 Item
632 341 667 362 ex
680 326 857 364 Pontificiis
870 327 959 361 multi
972 339 1020 360 re-

262 381 435 415 centiorum
445 402 452 416 ,
473 380 618 411 Barom'us
628 401 637 416 ,
654 377 758 421 ἐβίω,
773 377 788 411 ὲ
803 376 932 426 Lapide‚
946 381 977 410 &
991 389 1022 410 a—

262 431 305 468 lii,
314 440 346 462 ut
359 426 424 461 satis
437 425 613 474 frequenter
624 440 660 461 ex
671 426 843 461 Pontificiis
857 425 1022 460 doeriffimi

263 478 321 513 suis
334 477 471 513 desertis,
483 476 626 516 nostros,
646 477 717 511 licet
724 476 907 511 dissimulato
917 475 1019 509 nomi-

998 105 1444 146 H1sToR101

1055 178 1224 226 xemplaria
1244 178 1355 213 Graeca
1368 202 1378 218 ‚
1410 177 1504 211 etiam
1526 177 1623 225 ipsum
1643 184 1820 216 Vaticanum

1055 230 1216 264 Flaminii,
1243 232 1275 263 &
1289 226 1556 262 ‹Alexandrinum
1568 230 1747 276 Londinens}
1757 257 1766 272 ,
1783 245 1821 266 an

1056 279 1088 312 in
1112 279 1243 313 vocibus
1267 277 1405 317 duabus,
1432 274 1566 312 secundo
1583 302 1592 317 ‚
1619 280 1741 325 primo,
1772 282 1820 316 id-

1057 341 1118 375 que
1130 328 1298 367 distmffis,
1318 340 1372 374 per
1384 339 1449 360 non
1462 325 1672 367 necessarium,
1689 340 1722 362 ut
1738 331 1820 364 vide-

1056 389 1122 417 tur,
1136 390 1283 416 commas,
1297 387 1391 423 prout
1403 377 1512 411 Latina
1531 389 1636 411 recens
1650 379 1768 413 Romae
1785 392 1820 413 e-

1057 427 1135 460 ditio
1155 425 1215 459 fert
1230 449 1239 464 ,
1272 439 1379 472 parum
1400 426 1438 459 ad
1457 439 1521 460 rem
1541 425 1633 473 ipsam
1650 426 1732 461 facit.

1104 478 1138 508 In
1152 474 1354 520 explicatione
1368 476 1412 508 rei
1427 478 1585 519 Cajetanns
1592 476 1756 524 profitetur
1763 490 1818 513 ve-

1830 502 1926 535 Magna

263 542 320 568 nc,
340 526 422 575 sequi
436 525 544 560 solent.

96 593 198 621 Baronii
207 593 248 619 in-
311 577 431 612 Merito
445 576 495 609 hlc
507 579 672 609 Baroninm
686 571 871 619 Cattstzbonus
883 582 962 605 taxat
975 571 1022 604 in-

94 634 240 669 constantia.
265 626 442 662 constantiae
456 630 486 661 &
499 626 709 660 fluetuationis
722 647 732 662 ‚
756 621 843 669 quod
857 620 1022 668 postquam

1057 536 1120 557 ram
1135 522 1359 564 difficultatem,
1366 522 1551 569 Caufhbonus
1564 538 1600 559 ex
1613 525 1726 573 Joanne
1740 530 1817 560 Citri
1830 539 1910 565 wid}
1920 539 1986 574 estin
2012 518 2015 519 ⁷

1057 573 1193 622 Eptfiopo
1214 573 1285 607 citat
1305 574 1453 607 Graecum
1467 574 1668 620 proverbium
1680 577 1717 610 de
1730 577 1817 611 inex·
1829 579 1955 616 quastione

1057 623 1191 671 plicabili
1206 622 1285 670 apud
1305 623 1431 670 Judaeos
1457 622 1657 659 sabbatorum
1681 623 1817 660 secundo
1829 618 1967 655 “⁷ff‘'²⁴'‘as·

265 689 336 711 cum
350 677 436 710 laude
449 688 558 709 omnes
571 675 689 721 priores
702 673 882 716 interpretes
895 671 926 704 in
936 669 1023 717 supe-

266 728 348 761 riore
362 726 508 771 sententia
519 722 677 771 posuisset,
697 725 728 755 &
742 720 890 769 losephum
903 719 1022 768 prosuo

266 788 355 810 more
369 773 430 808 falsi
439 771 619 810 damnasset,
636 770 722 818 quod
735 770 886 804 Herodem
898 771 1022 804 tertium

266 823 399 859 struxisse
413 824 562 869 templum
575 821 707 855 secundo
721 819 909 853 Zorobabelis
920 817 1024 854 fundi-

266 885 314 908 tus
327 872 484 906 destrueto
497 871 618 910 doceat,
633 869 836 904 nihilominus
851 867 912 917 ipse
925 869 1022 903 lauda-

266 934 316 957 tos
329 935 439 956 omnes
453 923 636 968 interpretes
650 918 803 959 deserens,
821 920 995 954 damnatam
1009 918 1024 953 a

268 971 296 1006 se
309 971 418 1021 losephi
435 970 613 1005 sententiam
635 970 846 1016 ampleffitur,
872 980 905 1004 ut
921 981 1025 1005 veram

268 1022 344 1056 nodi
358 1035 418 1069 prae
432 1021 573 1054 manibus
586 1019 783 1064 solutionem.

1056 674 1230 720 primorum
1244 670 1429 707 obscuritate
1439 695 1446 708 ,
1463 673 1613 717 Ianfisnius
1619 685 1733 709 tantam
1741 676 1772 709 in
1780 676 1817 709 iis

1057 721 1268 757 difficultatem
1281 723 1383 769 ponit,
1398 733 1432 757 ut
1444 721 1575 757 affirmet
1587 724 1665 758 nihil
1682 725 1757 759 certi
1770 725 1820 758 in-

1057 773 1151 806 veniri
1165 771 1266 818 posse,
1286 770 1408 819 Jesuitae
1432 772 1617 817 Rhemenfts
1635 774 1740 808 locum
1755 785 1820 808 tam

1058 819 1215 855 difficilem
1234 823 1455 867 pronunciant,
1477 833 1510 855 ut
1521 821 1576 856 soli
1591 823 1796 858 Protestantes
1810 847 1820 860 ‚

1058 871 1112 918 qui
1125 871 1290 917 quicquam
1307 868 1423 904 nescire
1436 871 1654 918 dedignantur,
1675 875 1739 918 ejus
1753 874 1820 908 elu-

1058 922 1246 955 cidationem
1265 919 1390 967 aggredi
1408 917 1465 954 fint
1478 920 1548 955 ausi.
1585 924 1645 957 Sed
1657 923 1720 957 istis
1733 923 1819 958 retffte

1058 971 1172 1018 regerit
1194 968 1445 1017 (iirtvvrtghtus,
1471 970 1572 1004 nullos
1589 972 1622 1005 in
1641 971 1731 1017 hujus
1756 973 1820 1007 loci

1059 1021 1262 1067 explicatione
1275 1019 1469 1059 audaciores,
1489 1020 1582 1067 quam
1597 1034 1633 1055 ex
1646 1019 1820 1069 ipsaftJesui-

99 1074 220 1109 Rejicimr
319 1072 376 1105 Est
400 1070 498 1105 adhuc
522 1069 600 1104 sexta
619 1069 782 1109 sententia,
806 1081 899 1116 quam
913 1070 1027 1103 eArias

99 1114 229 1182 sgr-355?-
270 1122 486 1159 Montanus,
495 1118 610 1167 Jesuita
623 1119 764 1155 Sanches,
781 1120 929 1152 Cornelius
939 1119 954 1153 ai
963 1121 1027 1153 La-

93 1193 230 1230 stmamm·
265 1171 333 1227 pr'de
348 1175 379 1206 &
389 1171 438 1204 alii
449 1170 599 1217 probant,
625 1170 771 1203 nimirum
785 1181 883 1202 annos
899 1167 1027 1216 quadra-

1059 1082 1158 1105 tarum
1175 1068 1318 1103 societate
1330 1081 1384 1115 per
1396 1070 1511 1103 multos
1524 1071 1662 1104 inveniri.

1107 1121 1309 1166 Hieronymus
1321 1120 1352 1152 in
1366 1118 1495 1166 epistola
1507 1120 1543 1153 ad
1555 1121 1758 1170 Nepotianum
1770 1133 1820 1154 re-

1061 1167 1130 1206 fert,
1145 1169 1219 1202 ‹lum
1233 1167 1294 1215 ipse
1306 1170 1423 1212 juvenis
1431 1182 1502 1203 cum
1512 1173 1651 1217 Gregorio
1661 1173 1823 1220 Qazian-

267 1232 350 1269 ginta
369 1219 426 1260 sex,
436 1232 500 1255 non
513 1219 752 1266 componendos
767 1231 803 1252 cx
815 1219 899 1251 annis
915 1217 1028 1264 quibus

266 1274 471 1316 interruptum
488 1281 566 1315 opus
578 1268 723 1304 cessabat,
750 1267 800 1301 sed
818 1280 854 1301 ex
871 1268 907 1301 iis
929 1266 1028 1300 solum

267 1320 320 1366 qui
331 1319 402 1353 vere
413 1321 443 1351 in
453 1318 601 1352 strueturfi
611 1316 676 1351 finit
686 1316 843 1362 insumpti,
852 1328 959 1349 verum
969 1316 1029 1349 hos

266 1370 309 1402 illi
321 1379 472 1402 conantur
483 1368 620 1401 invenire
637 1366 859 1413 conjungendo
869 1376 1010 1412 tempora
1019 1389 1027 1401 ‚

267 1431 335 1466 quae
357 1419 387 1450 in
407 1421 490 1466 Cyri,
512 1420 608 1450 Darzi
617 1441 626 1456 ‚
651 1416 922 1455 Maccahaeorum,
949 1417 1029 1449 Oniae

266 1467 428 1502 Pontificis
441 1491 450 1505 ‚
468 1467 615 1506 Hermu,
635 1470 665 1501 δι
677 1467 809 1500 aliorum
827 1465 935 1499 diebus
951 1465 1029 1498 circa

267 1517 375 1562 templi
388 1516 637 1550 instaurationem
649 1513 795 1549 transaffli
808 1513 884 1548 sunt.
913 1515 1028 1549 Calcu-

267 1567 313 1600 lus
326 1566 377 1599 hic
392 1578 490 1600 novus
502 1579 567 1600 non
582 1566 680 1613 placet
694 1589 703 1604 ‚
730 1574 933 1611 praeterquam
947 1565 1030 1598 enim

267 1615 354 1663 quod
366 1627 404 1649 ne
418 1614 457 1649 sic
469 1616 595 1662 quidem
609 1615 807 1662 quadraginta
819 1612 866 1647 sex
878 1627 1030 1649 annorum

268 1665 385 1700 summa
398 1678 434 1698 ex
447 1664 532 1712 supra
544 1666 634 1699 dietis
647 1664 822 1699 minoribus
835 1663 1027 1698 demonstre-

269 1726 336 1756 tur3
356 1715 614 1755 affaldonatffi
635 1713 778 1758 wad,
802 1717 833 1748 &
846 1713 912 1747 aliis
929 1712 1031 1747 socio-

270 1778 338 1799 rum
352 1765 418 1799 non
438 1766 598 1802 immerite>
613 1764 730 1802 videtur
742 1764 807 1799 haec
820 1761 968 1799 sententia
980 1776 1031 1798 ex-

270 1815 357 1863 plodi
369 1825 402 1850 ut
414 1812 551 1850 absurda0

410 1923 747 1959 ‚QtrffisTlo
789 1923 863 1950 ΧΠ.

510 1988 525 1999 ,c

319 1985 413 2036 Qd
431 1996 452 2017 tt
466 1987 589 2019 Edeg’assm
605 1984 916 2029 Betfiv-rgo‘fssg'wfyvficundo
925 1986 989 2033 pri·

516 2046 602 2067 mum
615 2036 691 2067 Luc.
703 2038 733 2067 6.
748 2045 759 2066 1
773 2037 785 2067 ?

1060 1232 1135 1254 „zeno
1160 1229 1193 1252 ut
1211 1217 1264 1251 suo
1279 1218 1434 1265 Magistro
1447 1224 1675 1255 conversaretur
1688 1245 1698 1261 ,
1726 1232 1824 1254 inter-

1061 1267 1192 1315 rOgfiffQ
1205 1268 1279 1314 qu¹d
1292 1267 1363 1301 Cffct
1375 1266 1531 1302 ssbbsstum
1545 1270 1746 1312 ἓόδπξέπξωπνς
1762 1270 1822 1304 sed

1060 1318 1158 1352 virum
1173 1317 1258 1350 illum
1276 1318 1445 1351 maximum
1464 1323 1496 1354 ὃ(
1515 1331 1551 1352 cx
1570 1319 1718 1352 omnibus
1731 1320 1823 1354 Grae-

1061 1368 1104 1401 cis
1118 1367 1257 1401 Patribus
1272 1365 1478 1413 Theologum
1492 1365 1760 1413 profundissimum
1773 1370 1823 1402 ni-

1060 1416 1102 1451 hil
1117 1416 1282 1450 habentem
1296 1416 1383 1463 quod
1396 1415 1474 1450 serio
1488 1415 1700 1462 responderet,
1715 1417 1820 1465 lepido

1059 1469 1135 1512 joco
1148 1464 1354 1514 quaestionem
1366 1463 1448 1498 suam
1462 1464 1586 1499 elusisse.

1108 1520 1321 1550 Annotatores
1334 1514 1497 1561 Anglicani
1510 1514 1628 1552 ultimi,
1646 1517 1755 1549 &ante
1767 1527 1822 1549 eos

1062 1577 1143 1599 notae
1156 1564 1291 1611 Belgicae
1303 1563 1397 1598 varias
1408 1575 1590 1611 proponunt
1603 1562 1764 1598 sententias
1776 1565 1826 1598 ni-

1061 1616 1104 1649 hil
1119 1614 1172 1662 ipsi
1186 1613 1441 1653 determinantes,
1465 1627 1532 1661 quae
1545 1613 1580 1648 sit
1598 1613 1824 1661 amplefistnda.

1064 1664 1210 1709 Erasmus
1225 1667 1256 1698 &
1270 1663 1501 1699 waldomarus
1515 1663 1701 1711 profitentur
1721 1662 1827 1711 displi-

1064 1728 1131 1750 cere
1143 1714 1199 1748 fibi
1218 1712 1367 1761 quicquid
1385 1714 1433 1748 vel
1458 1714 1538 1761 apud
1556 1713 1701 1762 antiquos
1715 1714 1762 1748 vel
1775 1726 1826 1747 re-

1064 1765 1216 1799 centiores
1229 1765 1286 1798 hac
1301 1764 1339 1798 de
1353 1776 1385 1798 re
1398 1763 1551 1811 legerunt:
1569 1774 1689 1798 certum
1702 1762 1746 1798 est
1758 1775 1826 1797 ma-

1065 1828 1155 1864 gnam
1169 1814 1219 1849 hic
1239 1812 1295 1848 esse
1310 1813 1527 1848 sententiarum
1547 1815 1741 1853 varietatem,
1770 1811 1824 1847 etsi

1065 1866 1164 1899 nolim
1178 1877 1248 1899 cum
1266 1867 1354 1897 Luca
1368 1865 1508 1912 Brugenfi
1516 1876 1584 1898 eam
1596 1875 1709 1898 vocare
1722 1861 1825 1896 infini-

1066 1926 1138 1952 tam,
1154 1928 1211 1949 nec
1224 1912 1374 1949 affirmare
1387 1926 1458 1947 cum
1473 1917 1573 1961 (jrotio
1581 1923 1630 1947 tot
1639 1911 1695 1946 esse
1703 1909 1824 1946 senten-

1067 1966 1121 1999 tias
1137 1976 1216 2013 quot
1228 1964 1338 2011 capita,
1352 1964 1436 1999 certe
1449 1974 1497 1997 tot
1509 1976 1573 1997 non
1586 1961 1652 1998 sunt
1665 1962 1739 2009 quin
1753 1960 1825 2007 pos-

1068 2015 1124 2049 sint
1149 2015 1187 2049 ad
1205 2026 1313 2062 paucas
1333 2012 1435 2047 claffes
1459 2014 1597 2047 revocari
1611 2037 1621 2052 ,
1654 2012 1693 2046 de
1712 2010 1825 2058 quibus

1067 2065 1142 2114 quid
1155 2064 1315 2099 sentiamus
1328 2062 1464 2097 breviter
1478 2062 1708 2109 explicabimus.

105 2122 259 2158 Impudenria
368 2117 645 2153 Uaestionemhanc
653 2117 1035 2164 pauciInterpretumtran-
1096 2115 1190 2150 Primi
1203 2112 1274 2162 post
1288 2111 1632 2157 Ambrqfium&Bedam
1645 2120 1738 2156 quem
1751 2108 1824 2141 citat
1833 2142 1849 2165 S
1868 2138 1898 2165 bb

106 2160 234 2212 estrncgare
371 2168 469 2201 siliunt
482 2181 490 2207 ;
502 2170 638 2213 Lyranus
652 2166 779 2213 quidem
793 2171 890 2214 &pro
901 2166 955 2202 suo
963 2181 1036 2202 mo·
1066 2163 1160 2212 glossa
1177 2163 1329 2198 ordinaria
1348 2162 1384 2195 ad
1402 2161 1516 2195 sensum
1532 2159 1693 2206 mysticum
1712 2154 1821 2191 consu·
1832 2149 1969 2205 thJ-lm

99 2200 255 2267 {Zsstfium
276 2230 309 2252 re
321 2218 456 2260 Heinfizu
469 2228 534 2248 non
544 2226 673 2262 tangunt
685 2239 695 2254 ,
721 2228 757 2248 an
770 2217 842 2262 quia
854 2218 946 2250 nimis
960 2215 1032 2251 faci·
1065 2216 1154 2259 giunt
1161 2224 1352 2259 exponentes
1360 2211 1515 2245 sabbatum
1524 2207 1745 2246 stangan-emssude
1757 2204 1819 2240 sab-
1832 2228 1880 2244 mm
1895 2219 1989 2258 cstmy-

107 2254 204 2313 01⁷?de-
276 2267 338 2300 lem
353 2279 362 2306 3
387 2277 424 2298 an
438 2264 512 2297 vero
532 2265 603 2310 quia
617 2264 708 2295 nimis
721 2263 880 2296 difficilem
897 2265 1034 2296 arbitrati
1065 2262 1140 2293 bato
1148 2260 1438 2308 Evangelicmquod
1449 2258 1559 2293 dicitur
1567 2254 1919 2303 secundum,quiast1⁴cum
1929 2279 1936 2290 ,
1959 2267 1988 2285 ut

275 2315 343 2354 sint,
356 2315 423 2361 quis
436 2311 508 2346 scit?
530 2326 601 2346 cum
613 2310 667 2358 ipsi
680 2310 761 2344 suatn
774 2321 911 2344 mentem
925 2312 1033 2345 celent.
1063 2308 1213 2354 posterius
1231 2307 1323 2341 fuerit
1335 2309 1433 2354 legali,
1447 2311 1477 2341 ὃ(
1490 2316 1592 2339 tamen
1606 2305 1740 2352 primum
1753 2306 1823 2352 quia
1832 2298 1988 2374 ZfffimAm·

274 2363 417 2408 Erasmus
432 2361 502 2395 salse
515 2361 644 2399 deridet,
660 2363 691 2394 &
704 2359 829 2398 merito,
843 2359 1032 2393 monachum

273 2413 427 2461 quendam
441 2409 527 2445 sacrae
539 2409 728 2456 Theologiae
741 2406 947 2443 Professorem
955 2433 965 2448 ,
979 2409 1032 2457 qui

274 2463 397 2510 publice
410 2473 481 2496 cum
496 2461 608 2507 magna
620 2457 783 2505 sponsione
803 2460 927 2507 negavit
941 2459 1031 2493 ullam

1063 2357 1152 2405 legali
1168 2357 1306 2404 dignius,
1325 2356 1535 2404 principalius,
1565 2359 1595 2388 &
1609 2354 1708 2388 multo
1720 2355 1823 2388 excel-

1062 2407 1183 2440 lentius.
1209 2407 1364 2440 Sententia
1372 2406 1435 2441 haec
1449 2404 1612 2452 approbari
1625 2417 1689 2438 non
1702 2403 1825 2451 potest;

1063 2456 1134 2504 quia
1149 2458 1240 2490 Lucae
1254 2462 1315 2490 6.1.
1344 2456 1418 2490 dum
1433 2453 1574 2491 Christus
1588 2466 1641 2500 per
1649 2452 1705 2488 sata
1715 2454 1825 2487 ambu-

274 2511 389 2547 sabbati
401 2510 628 2557 secundoprimi
638 2509 668 2542 in
681 2519 753 2542 toto
762 2508 932 2556 Evangelio
944 2521 1030 2543 men-

275 2563 396 2596 tionem
414 2559 526 2595 faetam
540 2584 549 2599 ‚
576 2559 670 2592 audax
689 2558 739 2591 ille
753 2558 924 2592 monachus
937 2558 958 2593 si
971 2558 1030 2592 ho-

277 2612 326 2646 die
347 2613 460 2646 viveret
474 2635 483 2649 ,
510 2608 606 2643 crassae
623 2607 678 2642 suae
690 2608 869 2654 ignorantiae
883 2619 1031 2655 patronos

1064 2507 1153 2542 latet,
1172 2503 1331 2540 sabbatum
1343 2505 1563 2554 Evangelicum
1576 2516 1641 2537 non
1653 2514 1715 2537 erat
1729 2504 1760 2536 in
1775 2515 1824 2536 re-

1063 2568 1131 2590 rum
1145 2557 1267 2596 natura,
1292 2568 1362 2588 nam
1376 2555 1547 2590 institutum
1559 2553 1591 2587 id
1603 2565 1669 2586 non
1684 2550 1741 2587 fuit
1754 2564 1824 2586 ante

1063 2604 1182 2640 Christi
1194 2603 1461 2640 resurreetionem.

277 2674 408 2709 magnos
428 2657 571 2708 potuisset
588 2658 759 2705 producere
779 2669 817 2689 ex
837 2657 922 2691 libris
935 2670 1032 2704 nuper

279 2712 386 2751 editis,
406 2722 472 2744 non
484 2706 602 2742 tantum
617 2710 818 2753 Interpretem
833 2708 960 2755 Syrum,
983 2706 1031 2740 sed

279 2761 369 2794 etiam
394 2759 561 2794 Arabicum
575 2781 584 2796 ,
616 2754 768 2790 Persicum
782 2779 791 2794 ‚
822 2767 856 2788 ac
874 2755 1031 2803 AEthiopi-

1111 2654 1265 2689 Secundo.
1294 2654 1359 2688 Alii
1375 2654 1445 2701 post
1458 2652 1646 2691 Lmherum,
1667 2656 1699 2687 δι
1712 2655 1822 2700 Stapu-
1831 2668 1883 2691 Mc
1892 2665 1968 2690 naz-i-

1062 2704 1164 2747 lenftm
1172 2701 1328 2737 sabbatum
1343 2704 1525 2744 δαοπξέπςωην
1538 2703 1710 2745 intelligunt
1717 2702 1755 2737 de
1762 2713 1818 2734 no-
1831 2704 1967 2731 lanu-‘mut

1063 2753 1182 2788 vilunio
1201 2764 1250 2787 aut
1269 2754 1330 2787 alio
1343 2752 1479 2800 quodam
1498 2749 1578 2785 festo
1597 2742 1682 2798 qdod
1696 2749 1820 2785 sabbato
1833 2744 1965 2771 Lntlacrm.

280 2822 350 2843 cum
365 2835 374 2849 ,
400 2810 453 2857 qui
468 2819 578 2841 omnes
597 2806 629 2840 in
642 2802 699 2838 suis
713 2803 902 2839 versionibus
917 2818 1032 2840 vocem

280 2857 463 2898 δώπςόπςωπν
478 2857 706 2904 suppresserunt.
733 2854 834 2903 Qod
847 2854 940 2889 habet
953 2859 1032 2888 Cau-

272 2905 398 2949 fizbomu
422 2906 559 2942 Arabena
582 2903 733 2939 retinuisse
759 2905 894 2950 priorem
917 2916 1034 2951 partem

280 2956 364 2989 vocis
382 2955 561 3003 composita:
584 2954 732 2989 vertendo
752 2952 909 2986 sabbatum
928 2952 1033 2997 secun-

281 3004 352 3037 dum
369 3029 378 3043 ,
405 3018 468 3038 non
483 3005 617 3038 omnino
628 3014 750 3051 apparet
764 3003 795 3036 in
809 3001 918 3036 nostro
932 3015 1033 3037 exem-

281 3052 354 3098 plari
366 3054 729 3100 Londinensi,utcunque
743 3053 774 3085 in
787 3053 1033 3087 omnibusGrae-

282 3102 325 3134 cis
344 3105 374 3135 δι
393 3104 508 3136 Latinis
534 3103 694 3137 codicibus
720 3113 782 3136 tam
801 3101 1009 3149 manuscriptis
1022 3126 1033 3142 ,

283 3150 375 3197 qutim
394 3152 538 3197 impressis
560 3150 696 3199 expresse
717 3152 827 3199 legitur
850 3151 1033 3191 Bduwgo'qryasw

283 3209 385 3234 utrum
399 3201 430 3234 in
445 3202 504 3235 una
519 3213 611 3240 voce,
637 3202 742 3248 prouti
754 3201 867 3235 habent
880 3199 986 3234 omnia
1000 3211 1032 3232 e-

1064 2802 1223 2836 ordinario
1249 2807 1280 2838 &
1303 2801 1547 2836 hebdomadario
1561 2799 1631 2834 esset
1651 2798 1777 2834 inferius
1790 2803 1821 2833 ἃ

1065 2850 1166 2886 minus
1182 2850 1323 2887 solenne:
1338 2862 1370 2885 ut
1385 2852 1467 2885 enim
1481 2848 1637 2884 sabbatum
1650 2848 1823 2883 hebdoma-

1066 2901 1131 2935 dale
1143 2913 1205 2934 erat
1220 2906 1311 2937 σιτοῖπν
1324 2899 1472 2938 absolute,
1481 2904 1589 2934 &cum
1602 2898 1750 2932 omnibus
1759 2898 1823 2931 aliis

1066 2948 1149 2983 festis
1162 2960 1374 2995 comparatum
1389 2949 1450 2983 dici
1463 2948 1564 2994 potuit
1578 2948 1767 2989 menis-gam,
1783 2948 1823 2980 ita

1065 2999 1121 3032 alia
1133 2996 1288 3044 festa,quae
1299 2999 1403 3031 omnia
1411 2997 1588 3030 dicebantur
1598 2995 1715 3029 sabbata
1725 2994 1823 3043 respe-

1066 3049 1119 3082 ἃιι
1137 3046 1250 3082 sabbati
1263 3047 1352 3093 primi
1365 3050 1396 3080 δε
1409 3045 1653 3085 hebdomadarii,
1667 3045 1751 3080 τεᾶὲ
1764 3058 1822 3093 po-

1066 3108 1190 3132 tuerunt
1203 3097 1261 3131 dici
1274 3094 1405 3129 secundo
1419 3096 1516 3142 prima
1531 3109 1538 3128 ε
1553 3095 1739 3129 Sententiam
1746 3094 1822 3128 hanc

1065 3148 1136 3182 licet
1149 3145 1237 3193 ipsius
1251 3145 1378 3178 Lutherz'
1392 3145 1504 3179 merito
1518 3146 1614 3189 rejicit
1629 3144 1821 3181 Chemm'titts,

1066 3210 1105 3232 eo
1119 3195 1205 3245 quod
1219 3194 1376 3230 sabbatum
1391 3195 1407 3230 a]
1423 3192 1511 3231 Luc-<1⁴
1523 3204 1728 3228 memoratum
1742 3192 1822 3226 nihi-

1791 3240 1825 3273 lo·
