2048 3343
299 99 376 135 306
641 85 1480 124 OPERtsHlsT0R1C1

132 171 256 207 stabulum
297 163 414 209 bylone
447 161 633 197 accersitum
670 157 867 194 Pontificem
908 156 1050 193 dixerat,
1064 165 1067 182 ³
1139 154 1226 191 crim
1249 156 1287 190 ad
1313 158 1444 191 Affinm
1459 157 1534 192 effet
1552 159 1727 194 debellatus
1739 164 1844 194 Anto-

139 212 246 238 Herodes
296 211 474 246 Alexandra
484 209 609 245 Hircani
619 207 683 243 filia
695 213 728 243 &
745 208 927 243 Mariamnes
938 217 1040 240 mater
1090 205 1165 246 nim,
1177 206 1310 240 Herodes
1327 204 1474 241 avictore
1488 207 1587 252 Caesare
1598 209 1655 242 fibi
1671 210 1762 243 valde
1775 222 1844 243 me-

138 251 264 298 ‘¹⁴⁷“'s“b'
295 260 399 295 filium
417 264 507 295 suum
526 256 722 301 Aristobulum
740 261 863 292 I-Itrcam
884 266 1039 302 nepotem
1091 256 1214 291 tuebar,
1233 256 1269 290 ad
1282 269 1355 290 eum
1367 267 1477 290 tamen
1496 258 1531 290 in
1550 256 1707 291 Rhodum
1721 271 1843 305 prope-

138 302 219 331 mergi.
295 309 492 344 Pontis-{catu
502 307 1040 356 spoliatumindignata‚cleopatram
1090 307 1172 339 ravit
1182 329 1192 345 ,
1205 309 1236 340 &
1247 303 1307 339 suis
1319 305 1546 353 largitionibus
1557 308 1669 352 Caefizris
1687 307 1842 341 domesti-

293 358 355 393 suis
365 358 464 393 literis
476 368 589 393 contra
602 357 747 391 Herodem
758 356 944 390 concitavit:
955 352 1041 387 frau-
1087 366 1144 387 cos
1154 355 1198 388 ita
1208 355 1310 389 coluit
1320 378 1328 391 ,
1347 367 1382 389 ut
1394 368 1461 389 non
1473 353 1602 389 tantum
1615 367 1730 402 pacem
1743 355 1796 390 sed
1808 362 1841 391 ὃς

292 408 365 441 dem
378 408 461 443 hanc
473 406 653 442 Alexandra
664 405 794 439 Herodes
801 402 974 451 expiscatus
985 402 1040 441 est,
1090 404 1278 441 amicitiam,
1288 404 1460 452 Regnique
1470 403 1599 449 Judaici
1608 403 1748 439 confirm
1754 407 1840 439 atio-

289 467 382 491 metu
392 469 502 492 tamen
516 456 688 490 Antonii&
701 454 850 502 Cleopatrae
861 452 1039 487 diffimula-
1089 462 1164 484 nem
1180 453 1413 498 impetraverit.
1447 455 1604 501 Dumque
1628 456 1661 488 in
1680 453 1839 488 Rhodum

289 508 349 546 vit,
360 508 390 540 δι’
402 506 489 555 quasi
499 507 591 540 uxori
604 516 700 553 atquc
711 507 779 547 ejus
790 505 884 538 matri
897 500 1039 536 Alexan—
1090 500 1149 533 iret
1161 500 1200 535 de
1211 501 1270 534 suo
1281 502 1384 536 reditu
1397 503 1564 539 dubitans,
1580 500 1701 538 Sohemo
1711 505 1841 538 amico-

289 554 342 589 drae
352 556 535 604 ffirtano'que
546 556 627 601 patri
639 552 869 600 gratificaturus
883 547 1038 583 «Ananelo
1088 560 1161 583 rum
1173 550 1326 597 primario
1340 553 1374 586 in
1394 552 1552 586 mandatis
1571 552 1658 587 dedit
1672 576 1682 589 ‚
1701 552 1723 587 si
1734 552 1838 600 ipsum

289 603 436 651 deposito
461 602 657 651 Austobulum
677 600 871 637 Pontificatu
891 598 1038 633 donavit.
1087 600 1170 645 Caesar
1186 597 1336 640 necasset,
1360 614 1399 634 ne
1419 600 1598 635 Alexandra
1618 606 1649 635 &
1666 604 1838 636 Mariamme

287 653 365 687 Erat
378 664 448 688 tum
471 652 656 689 adolescens
678 660 836 684 annorum
856 645 1039 694 septemde-
1087 649 1171 682 ultra
1187 649 1311 683 viveret
1323 674 1333 689 ,
1361 649 1549 684 mandatum
1563 650 1627 685 hoc
1637 648 1697 684 suis
1713 650 1840 686 blandi-

289 703 357 736 cim
373 702 475 750 specie
486 701 556 738 vere
569 702 656 747 regia
665 722 674 735 ‚
694 703 726 732 &
737 695 843 731 multo
860 695 1038 743 pulcherri-
1087 698 1140 731 tiis
1151 696 1168 731 ὲ
1179 694 1301 732 Sohemo
1314 699 1486 734 Mariamne
1496 698 1630 735 rescivit.
1657 701 1747 733 Cum
1760 713 1840 749 ergo

289 758 360 786 ma:
387 752 465 786 dum
477 750 558 785 sacra
570 748 685 783 faceret
697 749 730 781 in
741 746 879 792 templo,
891 746 1033 792 populus
1086 746 1222 782 rediisset
1233 746 1384 789 Herodes,
1402 751 1519 783 tetrico
1532 747 1588 783 suo
1600 750 1691 783 vultu
1704 747 1774 783 satis
1791 753 1843 785 in-

288 803 354 845 ejus
367 799 471 834 forma
481 804 512 834 &
523 810 638 846 genere
652 795 873 830 inflammatus
886 795 926 828 ab
936 795 1037 828 accla—
1087 795 1206 831 dicavit
1217 821 1227 837 ,
1252 797 1441 845 cognoviffe
1455 797 1486 833 se
1496 799 1702 833 trunculenta
1718 797 1842 834 Sohemo

286 848 485 882 mationibus
504 848 614 881 nimiis
637 858 705 880 non
724 845 833 892 potuit
850 854 1036 890 temperare.
1086 844 1160 878 data
1181 846 1316 891 imperia
1338 860 1347 879 ι
1374 847 1605 882 excandescens
1631 848 1767 882 Herodes
1793 848 1839 882 ob

284 898 361 931 Hoc
370 898 482 944 populi
494 896 651 935 studium,
670 908 710 929 ne
722 897 755 928 in
767 891 1036 940 suamaliquando
1086 894 1258 940 vulgatum
1279 895 1436 928 secretum
1463 894 1619 931 Sohemum
1643 899 1767 932 necavit
1779 921 1788 934 ‚
1806 902 1840 932 δε

284 947 461 993 perniciem
480 956 684 992 erumperet,
709 942 840 977 Herodes
854 955 921 976 non
932 940 1035 977 ferens
1086 942 1165 976 dum
1187 945 1270 977 inter
1287 955 1432 977 amorem
1453 948 1485 978 δε
1512 945 1627 978 odium
1652 948 1838 981 Mariamnes

285 994 521 1030 adolescentem
531 1007 641 1029 necare
652 993 805 1027 decrevit,
822 991 875 1026 sed
887 992 969 1025 clam
982 1005 1036 1038 per
1085 990 1251 1026 flu&uaret
1266 1018 1275 1033 ,
1300 992 1414 1027 Salome
1433 994 1628 1028 calumniam
1642 995 1840 1042 -interposuit

285 1044 411 1078 infidias
424 1057 511 1079 metu
522 1043 695 1090 Cleopatra.-
715 1043 884 1076 invitatum
894 1053 972 1088 ergo
983 1045 1037 1084 ju—
1085 1040 1124 1074 de
1142 1041 1327 1075 Mariamnes
1344 1041 1517 1077 veneficio.
1545 1043 1678 1077 Herodes
1694 1044 1841 1079 adhibita

286 1106 403 1128 venem
414 1095 447 1128 in
459 1095 578 1142 regiam
588 1093 638 1126 die
649 1091 729 1126 festo
742 1088 968 1125 humanissime
980 1090 1040 1124 ha·
1085 1088 1147 1124 fide
1161 1091 1341 1125 Mariamnes
1360 1090 1554 1127 Eunuchum
1575 1095 1751 1127 tormentis
1763 1092 1841 1127 sub-

286 1143 377 1183 buit‚
403 1147 435 1177 &
458 1142 474 1177 a
497 1143 634 1190 prandio
653 1152 797 1175 natatum
817 1142 851 1173 in
871 1139 989 1186 piscina
1006 1141 1039 1173 in
1086 1141 1182 1183 jecit:
1201 1139 1252 1174 hic
1264 1152 1506 1175 tormentorum
1520 1142 1642 1177 doloris
1656 1144 1841 1189 impatiens,

288 1192 362 1226 aestu
375 1193 434 1226 diei
446 1194 586 1227 invitans
602 1191 723 1224 curavit
743 1202 798 1236 per
808 1191 932 1222 amicos
950 1187 1039 1235 quasi
1085 1189 1243 1236 quicquid
1259 1191 1461 1236 quaerebatur
1481 1190 1571 1226 fasiiis
1590 1192 1644 1226 est.
1673 1194 1840 1226 Damnata

287 1242 489 1275 colludentes
503 1237 742 1275 adolescentem
755 1240 844 1286 aquis
857 1236 1038 1284 praefocare.
1085 1240 1266 1278 Manamne,
1277 1242 1350 1274 licet
1361 1240 1631 1277 innocentissima,
1644 1240 1739 1275 dueta
1748 1241 1791 1276 est
1801 1242 1840 1276 ad

286 1291 449 1337 Magnum
472 1293 540 1334 ejus
558 1301 646 1323 mors
666 1290 789 1321 lucffmm
812 1289 893 1320 inter
909 1286 1037 1333 Judaeos
1086 1285 1290 1333 supplicium.
1318 1290 1425 1324 Mater
1446 1290 1641 1325 eAlexandra
1660 1301 1693 1323 ut
1708 1291 1739 1324 se
1751 1290 1839 1338 quafi

285 1341 410 1373 movit:
438 1337 569 1371 Herodes
584 1350 658 1372 cum
672 1338 783 1383 primis
804 1345 973 1369 mortuum
984 1335 1040 1368 de-
1086 1336 1103 1369 ιὶ
1116 1334 1313 1371 conscientia
1325 1336 1446 1372 sceleris
1458 1338 1528 1373 filice
1541 1350 1702 1386 purgaret,
1715 1341 1747 1372 in
1759 1343 1840 1373 Ma·-

285 1387 387 1422 flevit.
415 1387 608 1422 «Alexandra
623 1412 632 1426 ,
653 1384 708 1420 etsi
721 1384 788 1419 satis
800 1383 918 1418 fraudis
933 1394 1017 1418 certa
1029 1410 1037 1422 ‚
1087 1386 1218 1419 riamnen
1231 1387 1360 1434 publice
1373 1388 1568 1422 debacchata
1578 1389 1620 1422 est
1632 1413 1641 1428 ‚
1667 1388 1753 1435 quasi
1765 1401 1840 1422 cru-

287 1436 493 1471 disfimulavit
514 1448 621 1470 tamen
641 1435 746 1469 donec
768 1435 902 1468 ultionis
920 1431 948 1468 se
962 1445 1041 1480 prae-
1084 1434 1242 1470 delissimae
1278 1438 1393 1470 mortis
1429 1436 1704 1471 merentiffimam.
1742 1439 1838 1472 Hanc

288 1486 377 1520 beret
389 1485 526 1519 occafio.
562 1485 615 1519 Ad
637 1483 814 1530 Cleopatram
833 1483 957 1517 secretis
971 1483 1039 1528 epi·
1085 1482 1267 1518 Alexandra
1286 1484 1472 1532 hypocrism
1491 1499 1606 1519 omnes
1629 1485 1838 1520 detestaban-

246 1545 249 1547 ’
285 1534 376 1569 stolis
396 1544 506 1568 totum
532 1533 655 1569 Herodu
676 1532 802 1567 facinus
829 1531 947 1579 scripsit
969 1544 977 1565 :
1004 1544 1040 1565 ea
1084 1543 1155 1572 tur;
1173 1533 1342 1566 Mariamne
1352 1534 1445 1567 nullo
1456 1545 1594 1568 matrem
1607 1534 1708 1569 verbo
1719 1535 1838 1580 digna-

284 1583 457 1619 Antoniam
474 1584 679 1618 extimulavit
691 1581 729 1616 ad
739 1581 887 1615 Herodem
907 1581 1039 1628 perden-
1084 1592 1128 1622 ta,
1143 1594 1262 1629 magno
1274 1585 1307 1616 δε
1321 1584 1457 1629 patienti
1469 1585 1580 1617 animo
1591 1594 1732 1617 mortem
1745 1585 1838 1618 tulit:

286 1633 379 1668 dum.
406 1632 538 1667 Herodes
546 1633 582 1667 ad
594 1629 719 1667 causam
732 1629 771 1666 de
783 1628 941 1669 Aristobuli
953 1643 1039 1664 mor·
1085 1643 1121 1665 ut
1129 1633 1284 1678 expiravit
1295 1657 1306 1673 ‚
1329 1636 1398 1677 ejus
1420 1645 1531 1668 amore
1549 1636 1583 1667 &
1602 1631 1693 1667 furiis
1705 1632 1839 1667 Herodes

287 1693 320 1717 te
337 1681 507 1717 dicendam
527 1682 567 1717 ab
588 1681 739 1717 «Antonio
760 1691 896 1716 vocatus
911 1706 919 1720 ,
937 1679 1041 1715 Mari-
1084 1683 1262 1729 exagitatus
1274 1705 1285 1721 ‚
1302 1684 1334 1716 in
1347 1684 1567 1730 periculosum
1589 1682 1744 1717 morbum
1757 1683 1840 1717 inci-

288 1744 401 1766 amnem
420 1730 535 1779 lofhpho
564 1743 676 1779 patruo
703 1730 742 1765 ad
777 1729 868 1764 suum
899 1729 1039 1764 reditum
1084 1732 1150 1765 dit:
1168 1730 1346 1766 Alexandra
1357 1732 1589 1768 moribundum
1600 1733 1760 1779 accipiens
1770 1733 1840 1779 agit

289 1781 466 1820 commisit,
479 1784 513 1816 in
526 1781 647 1816 secreto
660 1779 815 1815 mandans
824 1780 981 1826 ut‚siquid
993 1778 1041 1813 se·
1086 1793 1159 1815 cum
1179 1780 1366 1817 custodibus
1381 1794 1415 1816 ut
1429 1781 1733 1829 Hierosolymorum
1749 1794 1836 1816 arces

291 1843 346 1864 cus
360 1833 568 1879 contingeret
578 1856 585 1867 ‚
597 1844 666 1865 eam
681 1840 819 1869 necaret,
833 1830 940 1863 noluit
952 1830 1040 1863 enim
1086 1830 1142 1864 sibi
1151 1830 1356 1866 tradiderent:
1375 1831 1410 1867 id
1422 1843 1457 1867 ut
1467 1830 1591 1867 rescivit
1600 1831 1835 1867 Herodes‚c0n-

291 1878 416 1914 summa
434 1884 501 1924 ejus
522 1880 758 1926 pulchritudine
784 1878 853 1926 post
887 1880 916 1913 se
938 1891 1043 1926 quen·
1085 1877 1287 1924 festimjuffit
1298 1894 1366 1915 eam
1379 1883 1496 1915 necari.

291 1941 390 1974 quam
403 1928 485 1962 frui:
505 1929 582 1962 dum
594 1927 773 1975 saepiuscule
785 1940 858 1962 cum
870 1929 1042 1962 Mariamne
1135 1929 1288 1964 Habebat
1303 1944 1339 1965 ex
1361 1930 1510 1965 undecim
1529 1929 1686 1964 uxoribus
1704 1928 1836 1962 Herodes
1851 1926 1977 1973 ,Antip-¹

293 1974 424 2022 Iosephus
439 1977 602 2011 sermones
620 1977 784 2016 misceret,
809 1982 840 2012 &
861 1990 928 2012 non
939 1975 1041 2024 posset
1085 1979 1206 2013 multos
1217 1977 1375 2020 filios‚sed
1384 1977 1835 2016 Alexandrum&Ar1liobulum
1852 1974 1889 1993 ’ω’
1898 1975 1986 2034 negans

290 2026 476 2072 persuadere
489 2025 558 2060 vere
571 2025 657 2060 illam
669 2025 709 2060 ab
729 2026 848 2060 Herode
860 2028 978 2066 amari,
1006 2028 1040 2060 in
1084 2041 1167 2074 quos
1176 2041 1215 2063 ex
1228 2029 1402 2064 Mariamme
1409 2039 1576 2077 genuerat,
1588 2029 1716 2076 egregia
1726 2027 1832 2062 forma
1843 2007 1980 2076 ῙΈΖᾎΣ

290 2074 494 2119 certissimam
509 2077 642 2109 maximi
658 2077 776 2109 amoris
788 2076 1042 2111 demonstratio-
1085 2076 1304 2113 adolescentes
1316 2091 1377 2125 prae
1388 2080 1507 2114 caeteris
1518 2077 1667 2112 amabat:
1697 2077 1756 2111 hos
1769 2101 1778 2116 ‚
1795 2087 1830 2110 ut
1850 2087 1935 2119 dm&

290 2137 365 2158 nem
378 2123 532 2158 secretum
555 2122 684 2171 loſs-phur
702 2127 961 2161 communicavit
972 2149 981 2163 ,
1005 2136 1041 2158 ut
1085 2127 1184 2161 literis
1195 2131 1229 2161 &
1244 2127 1389 2162 moribus
1398 2130 1634 2162 excolerentur,
1649 2124 1687 2158 ad
1696 2127 1829 2171 Caefizrem
1847 2132 1959 2164 Austo-

292 2173 362 2219 post
380 2173 503 2207 Herodis
531 2184 673 2207 mortem
702 2174 872 2208 Mariamne
906 2187 976 2209 non
993 2176 1041 2210 vi·
1084 2176 1263 2210 educandos
1274 2177 1415 2210 Romam
1429 2174 1526 2210 mifit.
1546 2174 1716 2219 Antipater,
1728 2186 1827 2220 quem
1846 2168 1972 2215 tulupam

209 2262 214 2267 Δ
296 2232 392 2255 vetet.
1085 2236 1122 2256 ex
1130 2224 1243 2256 Doride
1251 2236 1350 2257 uxore
1361 2226 1464 2269 prima
1473 2221 1772 2270 genuit‚praviffimi
1784 2225 1832 2258 vir
1847 2209 1982 2246 'nfid'“‘“'·

138 2263 241 2288 Mama-
345 2268 478 2303 Herodes
490 2269 582 2302 novis
597 2267 695 2301 donis
713 2272 743 2302 δι
755 2268 918 2302 blanditiis
937 2271 1040 2301 Anto·
1085 2271 1210 2316 ingenii
1227 2294 1235 2306 ‚
1269 2284 1309 2304 ne
1331 2273 1518 2306 Mariamnes
1539 2270 1598 2305 filii
1616 2284 1751 2319 regnum
1772 2272 1831 2307 fibi

136 2306 264 2370 ἷξῒὲῗ
292 2317 371 2351 nium
393 2319 528 2364 placavit
545 2341 555 2356 ,
580 2321 611 2351 &
633 2318 666 2350 in
685 2316 736 2351 sufi
760 2315 903 2351 amicitiai
927 2328 1041 2350 contra
1082 2320 1305 2364 praeripetent‚
1321 2333 1436 2367 magna
1448 2332 1513 2354 arte
1533 2331 1647 2354 contra
1658 2331 1833 2369 utrumque

138 2384 232 2410 lamnia
291 2379 405 2400 omnes
425 2365 580 2411 Cleopatra
605 2376 686 2400 artes
713 2365 929 2400 confirmavit.
966 2367 1039 2399 Do-
1081 2367 1317 2402 adolescentem
1333 2382 1383 2403 eas
1403 2370 1580 2403 calumnias
1592 2369 1726 2406 struxit,
1747 2370 1832 2404 utab

133 2426 247 2461 perdunt.
291 2428 383 2449 mum
395 2414 534 2449 reversus
547 2413 564 2447 τὶ
574 2414 678 2449 sorore
688 2414 799 2448 Solome
808 2440 816 2455 ‚
828 2416 878 2448 cui
891 2415 1038 2449 muliebri
1081 2417 1117 2449 iis
1129 2416 1259 2451 tandem
1272 2420 1368 2464 patris
1378 2420 1523 2453 animum
1534 2420 1691 2453 averterit.
1716 2422 1753 2453 In
1765 2418 1830 2454 hoc

287 2464 503 2513 imprudentia
515 2464 680 2498 Mariamme
694 2462 863 2511 superbior
879 2464 1037 2512 ignobili-
1078 2462 1193 2500 scelere
1206 2466 1325 2501 sociam
1339 2467 1452 2502 habuit
1463 2470 1596 2502 amitam
1608 2467 1830 2514 Salo'men,quae

287 2525 386 2548 tatem
396 2515 524 2561 generis
533 2513 705 2557 objecerat,
716 2524 831 2547 contra
842 2513 1036 2547 Mariamnen
1078 2513 1200 2549 suarum
1210 2517 1244 2549 in
1254 2517 1446 2551 Mariamnen
1454 2516 1686 2551 calumniarum
1699 2518 1829 2552 conscia

287 2563 373 2611 quasi
401 2576 476 2597 curn
510 2558 618 2610 Iostpho
646 2572 760 2609 patruo
786 2561 1034 2609 perfamiliarem
1078 2564 1242 2598 metuebat
1253 2565 1292 2599 ab
1302 2570 1370 2611 ejus
1382 2565 1468 2605 filiis,
1488 2565 1509 2599 fi
1524 2565 1653 2614 quando
1667 2564 1829 2612 pervenis-

286 2623 473 2647 commotus
487 2610 549 2645 fnit
563 2611 636 2652 ‚sed
653 2612 1035 2646 Mariamnesinnocentiii
1077 2612 1144 2647 sent
1166 2614 1203 2648 ad
1225 2615 1403 2662 Regnum:
1440 2615 1567 2649 sociatis
1590 2628 1665 2663 ergo
1687 2616 1829 2651 consiliis

287 2662 472 2709 comperta,
489 2673 563 2694 cum
575 2662 609 2694 ea
627 2663 659 2694 in
672 2661 835 2707 pristinam
851 2663 984 2709 gratiam
1002 2666 1034 2696 δε
1077 2663 1238 2709 Antipater
1258 2669 1289 2698 &
1308 2664 1419 2697 Salome
1429 2663 1603 2699 effecerunt
1615 2689 1624 2704 ,
1644 2675 1679 2698 ut
1698 2664 1828 2698 Herodes

290 2723 431 2745 amorem
451 2710 555 2744 rediit.
596 2712 687 2744 Dum
709 2709 786 2744 vero
806 2714 898 2744 omni
917 2723 1035 2745 conatu
1077 2711 1236 2759 persuasus
1246 2713 1285 2747 de
1296 2713 1419 2748 structis
1431 2712 1826 2760 fibiajuvenibusinsidiis,

293 2772 404 2793 verum
427 2759 518 2793 suum
540 2771 684 2792 amorem
703 2758 886 2805 persuadere
905 2761 1035 2797 nititur,
1077 2772 1253 2809 utrumque
1265 2763 1481 2804 damnaverit,
1505 2764 1713 2798 &damnatos
1726 2774 1825 2796 neca-

292 2808 348 2842 iste
362 2807 491 2847 scilicet,
502 2806 665 2854 inquitilla
678 2832 686 2847 ‚
702 2821 840 2855 magnus
858 2821 932 2843 tuus
945 2808 1036 2844 estin
1077 2813 1171 2850 verit.
1196 2812 1354 2861 Antipater
1363 2811 1437 2847 cum
1449 2811 1638 2859 propensum
1651 2812 1744 2856 patris
1756 2812 1827 2845 ani-

291 2870 343 2891 me
353 2871 453 2893 amor,
464 2855 576 2904 Ioftpho
588 2858 841 2892 meiinnocentis
851 2872 963 2893 necem
976 2860 1036 2893 im·
1077 2873 1166 2895 mum
1180 2862 1213 2894 in
1227 2873 1414 2896 necatorum
1432 2861 1564 2896 fratrum
1582 2859 1701 2892 liberos
1720 2862 1825 2894 anim-

291 2905 416 2952 perfiffe.
444 2906 572 2941 Herodes
583 2907 827 2952 evulgationem
842 2908 948 2941 secreti
967 2922 1036 2943 cer-
1076 2910 1250 2943 advertiffet
1268 2936 1277 2948 ‚
1304 2913 1379 2944 licet
1399 2909 1415 2943 a
1434 2922 1521 2956 patre
1545 2909 1616 2941 Rex
1638 2910 1701 2954 ipse
1721 2910 1824 2944 dietus

291 2965 360 2987 tum
374 2956 468 3000 stupri
480 2966 708 3003 argumentum
721 2958 944 3002 interpretatus
955 2982 962 2993 ,
981 2960 1031 2990 Io-
1076 2955 1150 2990 esset
1163 2979 1173 2992 ‚
1189 2969 1296 2992 tamen
1318 2960 1355 2992 de
1366 2960 1460 3005 patris
1482 2957 1657 2991 constantia
1673 2958 1823 2993 dubitans

287 3001 401 3047 sepham
420 3005 521 3038 statim
533 3004 610 3039 fecit
622 3006 780 3039 necari‚in
793 3006 971 3040 Mariamnes
983 3017 1032 3039 ta—
1077 3010 1144 3050 ejus
1156 3018 1283 3041 veneno
1300 3008 1432 3041 necandi
1445 3019 1566 3040 certum
1580 3006 1748 3042 consilium
1767 3021 1823 3042 ca-

292 3063 366 3084 men
376 3065 485 3087 amore
498 3054 715 3100 perseveravit,
725 3055 802 3089 licet
814 3056 920 3102 magni
932 3056 1032 3089 animi
1078 3057 1126 3102 pit
1139 3080 1148 3095 ,
1166 3055 1254 3103 quod
1266 3052 1338 3089 cum
1351 3056 1388 3089 ad
1402 3057 1527 3090 Herodts
1539 3070 1625 3090 aures
1636 3057 1819 3097 emanfiffet‚

292 3101 406 3133 mulier
423 3103 520 3135 altum
534 3103 611 3149 saepe
624 3105 709 3138 illius
722 3104 902 3152 despestum
915 3103 960 3138 ob
971 3103 1034 3139 fra—

291 3149 348 3182 tris
360 3150 474 3183 caedcm
485 3163 545 3196 prae
556 3151 582 3185 se
593 3151 698 3189 ferret.

1077 3106 1172 3139 etiam
1186 3104 1270 3139 hunc
1281 3104 1434 3152 supplicio
1447 3105 1553 3140 affecit
1566 3120 1573 3139 τ
1586 3105 1654 3140 imo
1666 3106 1822 3153 verosup-

1078 3155 1248 3200 pliciorum
1261 3156 1294 3189 in
1305 3153 1378 3190 suos
1390 3153 1567 3204 frequenti&
1576 3154 1735 3195 effetatus
1751 3167 1822 3188 cru-

1763 3205 1821 3239 de-
