2048 3343
201 281 349 311 Ladenffum

194 312 319 360 perverst-
362 319 496 354 stionem
513 320 781 356 concluderemus,
820 318 876 352 nisi
896 319 1117 354 Montacutti

364 115 413 147 42
725 93 1126 135 OpssnrsH

363 185 428 206 non
442 171 553 219 liquet,
580 170 634 218 qui
652 171 770 220 Kepleri
789 170 862 205 illud
880 168 1024 217 scriptum
1038 181 1118 203 non-

362 222 436 256 dum
448 219 670 268 conspeximus.

416 273 644 318 Argumentum
659 270 720 304 hoc
733 270 773 304 ita
785 267 977 304 transiremus
990 271 1021 302 &
1035 281 1116 315 quae-

360 368 537 416 perversitas
551 370 706 416 paululum
724 382 782 403 nos
796 379 1010 403 remoraretur.
1045 371 1116 401 Ma-

360 432 418 466 gna
431 419 508 453 illius
522 418 722 467 Euangelistae
735 419 796 453 loci
816 419 853 453 de
872 423 1013 461 imyexff
1032 414 1115 469 0⁷⁶}-

358 471 408 502 mi.
426 467 584 503 difficultas
596 493 607 508 ‚
638 469 746 502 multas
772 470 974 515 Interpretum
998 467 1114 511 exposi-

356 519 458 552 tiones
473 519 607 565 peperit,
626 518 700 552 dum
713 516 838 566 quisque
852 530 909 563 pro
921 516 999 550 virili
1014 516 1114 547 lucem

357 568 492 601 tenebris
506 565 618 601 inferre
637 566 747 614 satagit.
779 569 862 599 Inter
875 567 950 598 alios
965 564 1021 597 viri
1037 575 1112 610 prae-

356 615 526 651 stantisi'imi
541 619 684 651 Calvinus
699 622 730 651 ὃς
752 618 835 661 Βεζα
857 612 918 647 suas
933 612 1062 647 afferunt
1075 625 1112 645 o-

355 677 459 713 peras,
473 666 517 700 ob
531 679 604 713 quas
616 679 679 699 non
693 664 744 711 ipsi
757 663 891 703 tantum,
902 662 955 699 sed
962 674 1027 697 tota
1036 665 1108 696 Pro-

354 714 529 749 testantium
543 714 655 748 natio&
674 711 847 748 Pontificiis
867 711 1035 746 miserrime
1056 711 1110 745 fla-

353 765 494 812 gellatur.
520 764 762 799 Mamaeanas
774 760 842 797 hic,
871 772 904 796 nt
916 762 989 795 alibi
1003 760 1110 808 persae-

352 813 392 860 pe
404 836 414 851 ‚
446 812 511 859 quo
525 813 555 845 in
572 811 747 846 pontificias
761 821 858 857 partes
872 812 965 844 animi
979 808 1019 844 sui
1036 810 1109 844 affe-

351 862 437 895 ecum
451 861 597 900 declaret,
625 872 688 894 tam
703 871 796 894 atram
810 859 904 894 bilem
918 860 1009 908 quizm
1026 863 1105 894 Pon-

350 909 518 944 tificiorum
532 910 691 958 quisquam
700 911 730 944 in
743 920 909 957 utrumque
922 924 992 944 cum
1007 907 1106 954 (kivi-

348 972 422 993 nmm
435 971 501 994 tum
513 963 629 995 Bezam
643 960 766 994 evomit.
794 963 880 994 Beza
893 960 923 993 in
937 959 1034 1007 prim&
1047 972 1105 992 no-

349 1020 448 1043 tarum
464 1008 580 1043 suarum
595 1010 730 1043 editione
744 1010 954 1053 conjecturam
969 1008 1108 1046 modest&

351 1060 547 1106 proponebat
556 1060 592 1094 de
604 1057 687 1094 versu
700 1059 754 1092 illo
769 1062 854 1092 Lucae
867 1059 882 1092 εἰ
899 1059 1028 1092 librariis
1037 1072 1106 1092 cor-

352 1120 456 1156 rupto,
464 1110 510 1143 vel
523 1109 560 1142 de
574 1109 653 1142 illius
666 1121 701 1142 ex
715 1109 853 1155 margine
867 1109 898 1141 in
911 1119 1028 1142 textum
1043 1109 1104 1142 illa-

350 1156 403 1205 psu
414 1182 421 1194 ‚
434 1159 487 1205 qui
499 1159 610 1192 iterum
623 1159 653 1191 in
667 1159 837 1205 marginem
851 1157 912 1191 sine
927 1159 989 1192 ullo
1004 1156 1106 1192 sensfis

348 1208 537 1242 detrimento
546 1221 581 1242 ex
590 1217 673 1241 textu
687 1206 784 1254 posset
794 1207 948 1241 recedere:
962 1207 1022 1254 ipse
1032 1221 1105 1241 mox

348 1257 381 1290 in
400 1255 530 1292 secunda
544 1259 616 1292 curii
635 1257 847 1301 conjecturam
866 1255 943 1290 hanc
971 1258 1105 1291 correxit

347 1311 380 1342 &
398 1308 530 1341 omnino
549 1307 704 1353 expunxit.
740 1303 853 1353 Jesuita
870 1307 1039 1345 Salmeron,
1072 1311 1103 1340 &

345 1355 417 1402 post
425 1369 495 1390 eum
509 1357 675 1389 Cardinalts
683 1358 834 1388 ‘Baro-mm
848 1354 978 1403 insignes
991 1354 1102 1390 scilicet

345 1406 465 1451 patroni
479 1403 679 1451 perfectionis
693 1405 913 1451 Scripturarum
923 1402 1099 1451 perfect-iffi-

343 1465 401 1487 rnae
413 1455 510 1500 plenis
525 1455 761 1488 maledictorum
774 1453 911 1501 plaustris
930 1456 961 1487 in
975 1457 1098 1504 Βεζαης,

342 1505 373 1537 &
387 1515 498 1536 omnes
521 1505 577 1548 (ut
589 1516 645 1536 nos
659 1515 769 1538 vocare
788 1501 910 1547 solent)
932 1515 1097 1538 novatores

341 1551 540 1592 invehuntur,
563 1551 644 1600 quasi
659 1552 869 1586 audaciffimos
888 1554 997 1587 Divini
1011 1553 1095 1588 verbi

338 1611 546 1649 corruptores.
576 1603 704 1635 Utinam
718 1601 748 1634 in
764 1603 988 1648 Scripturarum
1002 1604 1093 1638 Divi-

336 1662 442 1685 narum
461 1649 677 1698 perfecftiffima
701 1652 875 1698 integritate
897 1653 1011 1687 tuenda
1031 1652 1093 1687 vel-

337 1699 400 1735 lent
414 1699 531 1748 semper
548 1700 707 1735 Pontificii
726 1699 889 1735 nobiscnm
903 1703 981 1736 vires
997 1700 1093 1737 socia*

335 1761 370 1784 re
384 1775 394 1790 ,
428 1749 514 1785 fieret
538 1749 600 1785 hoc
627 1751 791 1785 multarum
815 1749 1093 1786 controversiarum

335 1801 623 1847 componendarum
650 1802 810 1849 egregium
843 1799 1091 1838 fundamentum:

335 1859 492 1896 utcunque
510 1862 581 1883 cum
603 1851 788 1894 Ccmfitbomts
807 1863 865 1898 pro
878 1850 1020 1886 modesta
1034 1851 1092 1886 hac

334 1901 366 1932 &
380 1898 472 1932 etiam
486 1899 649 1932 retraetata
667 1903 750 1933 Bezae
769 1902 951 1944 conjectura
970 1901 1091 1936 abunde

331 1946 546 1994 respondisset,
561 1952 591 1983 ὃ(
606 1951 806 1983 Monmcutio
820 1950 895 1983 nihil
909 1950 966 1984 hac
979 1964 1015 1984 ex
1023 1963 1091 1997 par-

331 2007 362 2031 te
375 1996 508 2037 restaret,
523 1997 608 2044 quod
621 1998 652 2030 in
666 1998 757 2033 Beni
770 2000 998 2039 criminaretur,
1026 2014 1091 2034 non

331 2048 432 2093 potuit
446 2056 546 2080 tamen
565 2060 681 2094 ungues
695 2048 867 2088 abstinere,
887 2051 961 2096 quin
977 2051 1059 2084 ulcus
1074 2051 1089 2085 εἰ

329 2095 503 2130 Pontificiis
515 2096 668 2130 inflictum
682 2098 768 2132 altius
783 2096 948 2139 fodicaret3
977 2100 1085 2147 Origi-

328 2156 403 2177 num
417 2156 501 2191 parte
515 2146 618 2190 priore
637 2158 703 2193 pag.
719 2159 742 2192 5.
768 2146 807 2180 sic
819 2149 917 2182 virum
932 2150 1024 2195 gratis
1042 2151 1083 2183 la-

327 2205 442 2227 cerans.
467 2193 585 2226 Errfiffe
599 2195 727 2239 potuisse
740 2198 856 2229 Bezam
869 2199 935 2242 quis
952 2209 1082 2242 negave-

326 2242 385 2275 rit?
410 2244 444 2275 In
463 2242 565 2275 multis
585 2243 675 2275 etiam
695 2254 748 2288 per
765 2243 828 2275 illas
850 2245 1082 2276 Annotationes

324 2294 356 2325 &
363 2290 532 2336 postremas
545 2291 661 2324 illarum
670 2291 822 2325 editiones
831 2292 961 2337 graviter
968 2295 997 2325 ὃ(
1007 2305 1080 2337 pue-

323 2340 423 2373 riliter
436 2338 543 2373 errasse
562 2338 708 2385 agnosco.
739 2341 825 2373 Bene
837 2340 930 2373 habet
943 2341 1029 2386 quod
1042 2353 1080 2374 ne

320 2401 416 2423 unum
430 2389 556 2437 quidem
571 2401 606 2421 ex
620 2389 678 2422 illis
690 2388 792 2422 multis
807 2389 946 2436 gravibus
960 2394 992 2423 &
1005 2403 1080 2436 pue-

322 2438 430 2472 rilibus
450 2437 606 2472 erroribus
619 2438 650 2471 in
663 2439 798 2472 medinm
819 2437 902 2472 ausus
916 2438 950 2472 sit
963 2441 1084 2484 produ-x

321 2501 390 2522 cere
403 2499 506 2521 cautus
520 2490 550 2521 δι
564 2484 650 2521 famae
665 2486 720 2520 suae
730 2489 896 2534 providens
910 2487 1030 2523 censor.

1154 106 1526 135 15TOR1c1

1153 168 1312 208 dvmgnrlxv,
1339 172 1372 203 &
1390 169 1499 203 veteris
1519 181 1620 204 rerum
1639 173 1797 208 memoriae
1817 174 1909 222 igno-

1152 218 1292 250 rantiam:
1305 230 1370 252 non
1384 217 1428 252 est
1440 229 1558 253 tantum
1566 220 1642 254 mala
1656 219 1705 255 sed
1714 224 1844 270 &impia
1857 238 1910 271 per

1152 265 1342 314 consequens
1355 268 1418 302 haec
1432 268 1592 316 expositio.
1626 271 1814 306 Maledicum
1828 287 1863 307 os
1878 275 1909 307 in

1152 317 1250 350 virum
1269 317 1372 351 multo
1392 320 1559 352 maximum
1582 324 1614 355 <Sc
1633 322 1882 356 contumeliofius
1898 348 1908 362 ,

1152 365 1245 411 quem
1258 379 1294 399 ex
1302 368 1412 414 agyrtis
1421 368 1591 403 Pontificiis
1602 370 1905 406 maledicentissimus.

1150 418 1193 447 lta
1204 414 1284 449 virus
1297 413 1382 450 sunm
1397 419 1588 452 Aterrimum
1604 420 1634 452 in
1648 417 1908 454 Reformatorum

1150 463 1303 510 principes
1316 477 1462 501 evomere
1480 480 1577 514 nuper
1593 468 1731 503 solebant
1750 469 1907 504 Ladenscs

1149 513 1322 560 Anglicani.

1194 563 1236 595 Et
1247 562 1321 597 vero
1336 576 1403 610 quae
1421 565 1544 598 tandem
1557 565 1621 600 haec
1640 565 1684 600 est
1702 567 1827 602 Calvini
1843 579 1905 601 tam

1146 611 1286 651 ridicula,
1307 613 1424 660 inepta,
1444 613 1591 648 &insulsa
1605 617 1796 663 ignorantia:
1822 617 1904 651 certe

1146 661 1232 707 quod
1245 662 1314 697 viris
1324 661 1366 696 sui
1379 660 1466 698 seculi
1480 663 1726 710 praestantiffimis
1739 689 1746 702 ‚
1758 665 1831 700 dum
1840 678 1904 700 ina-

1143 711 1262 755 joribus
1281 716 1312 746 &
1332 713 1515 747 melioribus
1532 713 1638 748 studiis
1659 713 1898 755 destinerentur,

1143 759 1179 793 ad
1194 760 1366 795 Historiam
1380 766 1411 796 δέ
1424 763 1666 811 Chronologica
1684 777 1748 797 non
1767 776 1831 798 tam
1849 778 1902 799 va-

1143 810 1220 844 cfirit
1233 810 1325 857 quzim
1340 811 1421 850 aliis,
1454 814 1553 858 quiin
1571 813 1748 858 hujusmodi
1766 814 1900 848 minori-

1144 858 1199 891 bus
1213 870 1296 893 erant
1303 861 1374 898 toti,
1387 873 1451 894 non
1465 862 1557 895 debet
1569 863 1600 896 in
1614 863 1821 910 opprobrium
1829 877 1898 897 ver-

1142 908 1180 941 ti:
1195 919 1397 956 praeterquam
1411 910 1497 957 quod
1510 911 1545 944 ad
1557 911 1710 947 intricatas
1722 912 1759 947 de
1772 924 1897 960 tempo-

1141 957 1225 991 ribus
1244 958 1428 1005 quaestiones
1442 959 1662 1006 expediendas,
1687 963 1782 996 multa
1800 963 1896 997 hodie

1141 1007 1334 1042 adminucula
1348 1007 1566 1056 suppeditarim
1580 1011 1729 1045 Herculei
1741 1013 1894 1046 variorum

1140 1056 1260 1091 labores
1280 1071 1347 1106 quae
1368 1059 1515 1105 superiori
1534 1058 1636 1094 seculo
1659 1060 1791 1096 deerant.
1825 1062 1893 1096 Nec

1140 1116 1242 1150 tamen
1254 1108 1286 1140 in
1301 1108 1423 1142 Calvini
1437 1121 1496 1155 prae
1509 1109 1653 1144 manibus
1665 1113 1893 1145 commentario

1139 1157 1304 1204 quicquam
1313 1157 1450 1205 estquod
1457 1170 1518 1192 tarn
1528 1160 1650 1207 nigrum
1658 1160 1760 1195 Theta
1770 1162 1891 1198 meruit,

1137 1217 1207 1238 nam
1221 1207 1307 1253 quod
1321 1218 1351 1241 ut
1365 1209 1502 1255 ineptum
1516 1210 1594 1243 ridet
1607 1210 1637 1243 in
1653 1211 1785 1244 Calvino
1797 1214 1891 1244 Baro-

1137 1257 1220 1295 nius,
1250 1259 1281 1290 δι
1295 1257 1365 1302 post
1379 1270 1451 1291 eum
1467 1260 1699 1300 Montacutius,
1722 1259 1783 1308 ipse
1795 1263 1891 1293 Baro-

1135 1306 1202 1338 m'm
1215 1306 1425 1353 amplectitur,
1444 1318 1477 1341 ut
1490 1321 1601 1355 negare
1613 1321 1678 1343 non
1692 1311 1782 1344 audet
1795 1312 1892 1344 Mon-

1135 1357 1265 1389 tacutius
1286 1369 1354 1404 pag.
1368 1363 1410 1392 16.
1435 1355 1548 1391 scilicet
1566 1358 1713 1393 indictam
1735 1359 1751 1393 εἰ
1770 1363 1889 1405 Cyrenio

1134 1402 1374 1452 descriptionem
1399 1419 1464 1440 non
1484 1406 1537 1440 nifi
1558 1406 1627 1452 post
1651 1409 1770 1456 aliquot
1790 1420 1889 1444 annos

1132 1451 1310 1498 perfeetum.
1329 1456 1469 1493 Deinde,
1483 1455 1570 1501 quod
1583 1456 1698 1490 causam
1712 1459 1887 1503 interruptae

1130 1510 1282 1547 dmygycprk
1300 1506 1428 1548 conjicit
1441 1505 1587 1538 Calvinus
1601 1505 1633 1537 in
1648 1506 1745 1546 bella,
1757 1508 1888 1555 quaeJu-

1129 1551 1211 1584 daeos
1224 1552 1259 1585 ad
1273 1553 1398 1600 aliquod
1406 1564 1527 1599 tempus
1542 1552 1612 1600 post
1625 1562 1782 1599 dmyqyapba‘
1795 1554 1888 1589 desti-

1130 1612 1356 1641 nuernnt,num
1370 1603 1401 1636 in
1415 1603 1480 1637 hoc
1490 1612 1552 1636 tam
1565 1600 1668 1636 insuffla
1682 1602 1726 1637 est
1738 1604 1886 1650 ignoran-

1128 1650 1189 1684 tia?
1203 1654 1350 1699 Suppone
1359 1651 1596 1700 descriptionem
1606 1653 1733 1698 Cyrenii
1745 1655 1885 1697 junctam

1128 1712 1199 1734 cum
1213 1701 1412 1749 impositione
1425 1703 1554 1739 tributi,
1575 1701 1661 1749 quod
1674 1703 1799 1749 quidem
1812 1706 1884 1751 opi-

1127 1751 1187 1784 nati
1201 1749 1267 1785 sunt
1279 1765 1350 1787 cum
1358 1753 1493 1789 Calvino
1506 1753 1594 1787 multi
1602 1752 1658 1787 viri
1671 1752 1884 1789 doetiffimt&

1128 1801 1158 1834 in
1176 1800 1330 1837 historicis
1354 1803 1523 1850 peritissimi
1531 1827 1541 1842 ,
1566 1813 1627 1836 tam
1652 1803 1768 1849 antiqui
1788 1803 1882 1851 quaim

1127 1852 1330 1892 recentiores,
1358 1853 1499 1897 fnftbms
1510 1876 1519 1888 ,
1544 1850 1667 1887 Stridas,
1693 1852 1793 1890 Beda,
1820 1850 1881 1899 ipse

1127 1903 1295 1942 TBarom'ns,
1321 1903 1470 1939 Baradas,
1497 1899 1696 1947 [hemnitiub
1721 1902 1876 1944 Piscator,

1127 1954 1157 1984 δι
1171 1951 1231 1991 alii,
1241 1952 1353 1999 quibus
1367 1959 1508 1999 ,ἔνωμα-ΞΜ
1521 1963 1628 1985 notam
1641 1951 1803 1996 imponere
1815 1963 1880 1984 non

1125 2000 1269 2042 audebat,
1292 2003 1362 2036 licet
1381 2001 1541 2035 audaculus
1560 2001 1625 2034 satis
1639 1999 1743 2032 noster
1756 2000 1880 2047 censor,

1123 2050 1318 2098 hocinquam
1329 2052 1416 2086 dato,
1431 2063 1526 2084 nemo
1541 2048 1878 2095 dubitabitdescriptio-

1122 2112 1193 2133 nem
1207 2100 1322 2148 (jrrem'i
1334 2112 1456 2147 megnas
1471 2100 1612 2146 inJudaefi
1621 2103 1651 2131 δέ
1660 2108 1796 2130 cruentas
1811 2099 1878 2131 diu-

1120 2150 1281 2196 turnasque
1293 2150 1396 2183 turbas
1411 2148 1559 2182 excitfifl'e.
1580 2149 1634 2180 De
1647 2146 1834 2180 turbonibus
1842 2159 1874 2180 e-

1119 2197 1183 2229 nim
1200 2197 1282 2242 Judss?
1303 2200 1417 2230 Galtlaea
1436 2200 1467 2229 δι
1484 2194 1608 2228 Thessala*
1624 2193 1748 2228 testatur
1761 2199 1875 2229 Gama-

1115 2244 1166 2274 [iel
1175 2245 1249 2277 Aet.
1266 2257 1292 2288 ς.
1321 2248 1352 2278 &
1367 2243 1496 2291 Iosephus
1517 2244 1583 2277 fuse
1597 2245 1737 2277 diuturna
1750 2243 1874 2278 seditio-

1116 2289 1221 2325 sorum
1244 2305 1326 2326 arma
1350 2293 1395 2326 ob
1419 2293 1569 2325 tributum
1599 2292 1663 2325 hoc
1693 2292 1872 2340 impolitum

1113 2350 1219 2373 narrat.

1161 2389 1331 2424 Veritatem
1355 2389 1542 2424 Calvinianae
1557 2391 1717 2435 opinionis
1736 2390 1786 2426 hic
1805 2405 1869 2426 non

1113 2435 1259 2479 defendo,
1276 2439 1349 2473 imo
1359 2452 1434 2474 vero
1442 2441 1520 2474 varia
1534 2442 1564 2474 in
1578 2439 1735 2475 historiam
1745 2446 1777 2476 &
1789 2452 1870 2482 tem7

1112 2500 1200 2534 pora,
1230 2500 1263 2523 ut
1275 2490 1412 2526 videtur,
1442 2498 1613 2536 mgdfflwm
1627 2490 1657 2523 in
1678 2490 1731 2522 illo
1746 2490 1867 2525 Calvini

1110 2540 1337 2573 commentario
1359 2540 1443 2586 (quae
1461 2549 1563 2572 tamen
1580 2539 1769 2572 Montacutii
1793 2552 1866 2574 acu-

1109 2600 1181 2621 men
1194 2600 1258 2622 non
1271 2587 1460 2630 observavit)
1470 2586 1634 2622 &currente
1641 2590 1750 2636 quovis
1759 2588 1864 2623 Chro-

1108 2638 1230 2684 nologo
1244 2636 1366 2684 poffunt
1379 2635 1530 2683 conspici:
1558 2638 1589 2672 id
1602 2649 1703 2672 autern
1717 2637 1762 2672 est
1774 2638 1860 2686 quod

1106 2687 1282 2725 contendo,
1308 2686 1383 2721 nihil
1396 2689 1428 2722 in
1442 2686 1504 2720 istis
1518 2689 1714 2732 paroramatis
1727 2699 1787 2721 tam
1805 2687 1859 2720 ab·

1107 2733 1227 2769 surdum
1253 2749 1412 2783 apparere,
1447 2736 1533 2782 quod
1552 2750 1668 2785 magnae
1690 2738 1856 2770 Baronii&

1103 2787 1229 2829 majoris
1250 2788 1437 2821 Montacutii
1455 2784 1620 2820 insolentiae
1635 2785 1725 2819 ullarn
1738 2782 1855 2819 causam

1100 2835 1275 2882 praebuerit.

1146 2885 1194 2916 Ex
1207 2884 1297 2918 dietis
1311 2895 1432 2930 apparet
1444 2895 1556 2918 annum
1568 2893 1741 2916 currentem
1757 2883 1851 2917 Chri-
1869 2903 1936 2927 AEra
1945 2901 2007 2927 vul.

1097 2930 1134 2964 sti
1147 2944 1212 2965 non
1224 2932 1282 2966 esse
1295 2934 1486 2968 millesimum
1500 2930 1745 2966 sexcentesimum
1759 2934 1849 2980 quin-
1863 2942 1933 2974 garis
1947 2947 2014 2977 oper.

1098 2981 1303 3029 quagefimum
1312 2979 1487 3028 septimum,
1507 2980 1555 3015 sed
1567 2979 1729 3015 secundum
1738 2995 1849 3017 omnes
1865 2978 1966 3017 ffiffflfi‘·

1097 3030 1161 3066 fere
1173 3035 1234 3077 jam
1249 3031 1349 3065 dictos
1360 3055 1370 3070 ,
1409 3031 1499 3065 etiam
1516 3031 1567 3078 qui
1581 3031 1772 3077 paucissimos
1793 3032 1847 3066 ad-

1096 3083 1186 3121 dunt,
1213 3079 1406 3115 millefimum
1424 3078 1672 3115 sexcentesimum
1696 3082 1845 3128 quinqua-

1094 3131 1242 3179 gesimum
1260 3143 1395 3170 nonum,
1413 3133 1585 3164 ‘petavium
1599 3130 1689 3171 vero,
1712 3129 1843 3179 Spanhe-

1092 3185 1203 3219 mium,
1223 3182 1396 3228 Keplerum,
1412 3184 1443 3215 &
1456 3180 1547 3221 alios,
1571 3192 1642 3214 cum
1655 3179 1770 3261 quibua.
1780 3191 1841 3212 no-

1772 3239 1838 3262 rum

156 2539 307 2576 Defenditur
366 2538 513 2570 Calvinus
526 2547 633 2583 ptaeter
646 2537 739 2570 varias
754 2536 966 2572 difficultatum
980 2538 1016 2572 ad
1029 2538 1076 2571 di-

156 2582 228 2606 Rem
245 2581 279 2613 (θ’
320 2586 404 2620 etum
417 2589 502 2620 Lucae
515 2586 619 2619 locum
633 2585 816 2625 solutiones,
836 2587 914 2620 hanc
927 2589 1017 2622 etiam
1030 2585 1076 2621 af-

154 2619 284 2686 Ξῖίῒζὶω
320 2633 400 2676 fert3
427 2635 492 2669 fieri
512 2634 660 2681 potuisse,
680 2645 712 2668 ut
725 2634 916 2682 descriptio&
934 2638 1074 2683 Cyrenio

154 2701 289 2728 Momacu-
319 2683 455 2719 nascente
469 2683 719 2719 Christoindieta
732 2689 761 2717 &
775 2685 896 2730 incepta
908 2686 953 2718 ob
962 2698 1072 2719 cruen-

319 2744 361 2767 tas
375 2734 482 2781 populi
495 2744 622 2781 propter
634 2732 757 2767 censum
770 2734 980 2768 tumultuantis
993 2733 1070 2768 sedi-

319 2784 419 2817 tiones
435 2785 618 2829 interrupta,
636 2795 700 2816 non
714 2783 766 2816 nisi
780 2783 849 2829 post
863 2784 1070 2817 eArchelaum

318 2833 483 2880 relegatum
496 2831 630 2880 perfecta
642 2831 686 2871 fit,
700 2830 794 2865 ludaei
806 2846 859 2879 per
872 2834 1066 2881 Cyreniumin

317 2883 509 2916 Provinciam
529 2882 662 2916 redaffiffi.
697 2884 730 2915 In
745 2880 929 2916 solutionem
943 2883 1020 2917 hanc
1033 2894 1066 2917 ut

317 2931 450 2977 ineptam
459 2936 488 2966 δ(
497 2932 552 2966 ridi
559 2931 656 2965 culam
663 2934 808 2964 Barom'us
816 2929 955 2979 insurgit:
969 2935 1064 2966 Mon-

317 2981 445 3013 tacutius
459 2980 534 3015 vero
555 2992 588 3014 ut
607 2981 675 3015 alifis
689 2981 766 3027 saepe
778 3006 787 3020 ,
811 2982 923 3015 melior
942 2985 1065 3015 Barom'i

316 3027 407 3074 quzim
416 3031 575 3073 Caufhbom'
582 3029 798 3078 hyperaspistes
807 3032 939 3065 Calvino
946 3030 1063 3065 insultat

314 3074 380 3121 ipso
389 3078 541 3111 Cardinali
554 3079 887 3127 insolentiusmbisuprti
894 3094 990 3129 pag?
1001 3085 1061 3116 Im-

314 3124 569 3173 perite‚inquit,&
579 3129 703 3163 ridicule
711 3128 871 3178 respondet
879 3135 910 3166 &
920 3132 1063 3166 conciliat

311 3174 381 3208 loca
387 3174 534 3211 Calvinus
543 3188 549 3209 :
558 3178 664 3223 prodit
672 3191 705 3212 ea
713 3180 745 3213 in
757 3180 885 3214 auetore
893 3182 1058 3216 immanem

151 2739 225 2766 tium.
