2048 3343
449 108 512 139 ΕΤ
569 101 1232 139 CHRoNoLoctct

198 175 270 212 tum
283 185 377 210 natos
389 173 479 209 fuisse
489 176 522 208 in
535 175 678 223 AEgypto
693 199 704 215 ,
718 173 771 208 sed
785 174 882 207 etiarn
898 171 943 206 ibi

1295 102 1412 142 L113.
1443 104 1473 142 Ι.
1691 113 1743 150 39

1043 174 1152 222 Qod
1173 175 1204 207 in
1229 174 1295 209 hoc
1307 178 1406 210 etiam
1428 175 1534 224 capite
1547 176 1588 214 de
1601 190 1741 215 numero

192 236 289 261 natos
300 225 372 271 post
390 224 575 260 descensum
589 221 848 269 lacobi,exptesst‘:
864 233 943 255 con·
993 223 1136 258 filiorum
1166 223 1276 268 Ifta'e'lis
1301 226 1544 273 multiplicante
1570 228 1612 262 ad
1639 230 1743 276 Regis

191 285 239 309 tta
252 274 345 319 Mosen
361 277 505 320 (ἑστι-μ.
519 283 607 316 v.50.
625 272 716 306 idem
731 275 769 305 de
781 271 853 305 filiis
865 274 941 306 Pha-

189 335 263 361 νει,
283 330 396 364 Ezron,
418 327 451 358 δε
467 324 568 358 nanu!
580 332 688 354 narrat
701 345 711 360 ‚
728 321 785 367 qui
799 319 854 354 etii
866 333 939 354 cum

189 370 293 411 Iacobo
306 370 502 408 descendisse
514 372 664 405 dicantur
684 368 700 404 ὲ
718 368 791 414 Mose
801 371 832 402 in
843 373 940 417 Aigy-

193 433 288 469 ptum
304 448 314 462 ,
343 421 602 456 affirmattamen
617 422 718 468 Vossz'us
729 419 785 453 diu
799 417 869 466 post
881 431 939 451 na-

192 482 247 504 tos
259 471 290 503 in
302 474 446 518 AEgypto
461 481 550 503 :non
561 467 689 503 dubitat
702 469 788 504 idem
801 466 939 502 affirma-

189 532 222 555 re
231 519 274 552 de
287 520 402 553 decem
421 517 497 553 filiis
508 520 669 563 Benjamini
690 543 700 558 ‚
728 530 814 564 quos
825 529 942 550 omnes

190 568 389 603 nominatim
410 581 486 602 cum
504 569 606 602 Iacobo
622 566 819 602 descendiffe
836 569 868 600 in
888 567 942 600 AE-

192 627 328 666 gyptum
341 615 481 652 affirmat
492 618 591 664 Moses,
605 617 659 651 ied
675 619 776 663 Vossius
787 628 856 650 non
868 617 938 650 vult

195 667 280 702 ullos
296 680 366 703 tum
386 669 557 712 Benjamino
575 665 665 702 fuisse
685 668 807 700 liberos
827 687 835 701 ,
867 663 942 698 cum

194 718 311 763 viginti
327 729 391 751 tres
411 715 540 750 tantum
553 729 658 750 annos
670 725 782 763 ageret
803 737 812 753 ,
837 725 944 760 neque

194 779 331 800 uxorem
346 765 465 801 duxiffe
475 789 484 803 ,
504 763 562 798 nisi
573 766 643 812 post
653 761 841 800 descensum
854 764 946 795 annis

196 815 433 863 septemdecim
467 815 567 847 aetaris
599 814 657 848 suae
683 810 945 860 quadragesimo.

194 866 308 899 Nlitor
327 865 483 911 equidem
505 862 587 910 qnid
600 865 670 897 viro
690 873 810 909 magno
823 863 947 895 venerit

196 915 231 947 in
251 926 416 955 mentem,
439 924 474 947 ut
491 924 542 946 tot
554 916 588 946 &
600 923 668 945 tam
687 922 809 958 apertas
820 921 948 944 contra—

197 963 362 998 dictiones
372 963 672 1008 conttaScriptutas
682 962 713 994 in
723 970 824 994 unum
837 960 945 991 locum

198 1011 414 1060 congeii'erit.
449 1010 617 1044 Lubentet
642 1009 694 1042 hic
710 1005 870 1042 excusabo
893 1019 946 1054 pa-

198 1073 282 1096 trem
296 1085 305 1097 ‚
320 1060 383 1095 siin
395 1060 424 1094 se
435 1059 520 1093 filins
532 1060 644 1104 Ifitacus
655 1057 785 1102 culpam
798 1056 944 1103 recipiat,

197 1123 277 1144 nam
292 1111 398 1157 operis
418 1107 580 1153 posthumi
597 1105 779 1151 sphalmata
797 1116 865 1137 non
879 1115 945 1138 tam

199 1160 377 1194 cciebratus
394 1157 510 1190 auctor
527 1155 623 1201 quam
643 1153 945 1202 editordebetptae-

200 1208 292 1242 stare.

993 274 1126 321 AEgypti
1139 283 1262 306 metum
1278 295 1287 309 ‚
1305 286 1345 307 ue
1356 285 1430 307 cum
1444 275 1591 311 hostibus
1601 277 1698 325 ipsius
1708 277 1740 311 se

988 325 1173 369 jungerent,
1186 321 1365 368 respondet
1377 326 1486 370 Vossius
1496 336 1568 358 tum
1581 328 1742 375 temporis

990 373 1021 404 in
1044 373 1188 419 AEgypto
1206 368 1297 405 fuisse
1308 382 1376 405 non
1388 369 1515 404 tanturn
1529 386 1632 408 unum
1651 403 1659 416 ‚
1685 375 1744 412 scd

991 420 1114 454 multos
1139 421 1271 467 Reges,
1289 424 1323 454 δε
1338 421 1434 467 Mosen
1453 420 1499 453 ibi
1519 420 1610 468 ioqui
1623 426 1743 461 denno

990 468 1121 504 tantum
1149 481 1187 502 ex
1214 471 1325 504 multis
1352 472 1386 503 in
1417 471 1561 518 AEgypto
1584 474 1744 516 Dymstfi,

991 521 1185 564 conjectura
1212 518 1256 552 est
1286 530 1353 553 non
1380 519 1507 552 tantum
1534 518 1599 556 sinc
1625 520 1745 557 funda-
1790 528 1794 532 ”

993 578 1121 609 mento,
1131 566 1184 602 sed
1195 568 1296 601 etiarn
1310 578 1428 602 contra
1439 578 1543 602 totam
1556 571 1637 616 Mofis
1648 572 1746 605 histo-

994 619 1096 651 riam:
1126 619 1250 651 Annon
1263 616 1364 652 fames
1376 628 1481 651 totam
1494 621 1625 667 AEgypti
1637 622 1747 669 regio-

994 679 1069 699 nem
1091 664 1206 700 invafit
1230 675 1240 700 ἓ
1275 668 1399 701 Annon
1427 666 1543 701 horrea
1560 679 1619 715 per
1637 680 1747 703 totam

996 716 1174 762 AEgyptum
1194 714 1358 751 collocata
1378 715 1451 751 sunt
1478 719 1491 750 ?
1527 717 1648 752 Annon
1676 729 1748 752 tota

997 766 1158 813 AEgyptus
1171 761 1321 800 Pharaoni
1332 765 1374 800 est
1388 763 1548 813 acquisita
1560 792 1568 805 ,
1591 771 1624 802 δε
1641 765 1749 803 sacer-

996 813 1091 846 dotes
1104 814 1346 861 totiusAEgypti
1374 813 1390 850 ἒι
1409 817 1631 851 taxationibus
1651 815 1748 852 liberi

996 862 1127 896 fuerunt
1144 866 1157 896 ?
1183 864 1269 896 certe
1285 865 1446 910 Dynastiae
1464 867 1678 911 particulares
1691 867 1748 900 diu

995 922 1071 944 ante
1091 913 1248 945 Pharaonis
1271 915 1305 945 δε
1323 915 1404 959 Mofis
1420 924 1574 961 tempora
1591 917 1625 949 in
1642 925 1746 951 unum

996 971 1134 1006 regnum
1146 957 1298 993 coaluiffe
1310 961 1474 996 videntur.

1180 1055 1488 1095 QuAEs‘rro
1530 1059 1568 1087 v.

1042 1129 1193 1178 Qomodo
1217 1129 1408 1175 tleftenderint
1423 1129 1453 1165 in
1471 1134 1646 1180 eAEgyptum
1667 1146 1704 1170 ex

1190 1178 1272 1206 Iatolai
1279 1177 1385 1216 famili&
1402 1189 1446 1215 70.
1459 1190 1493 1210 <7-
1506 1191 1554 1218 75.

246 1252 356 1301 Qod
369 1252 407 1286 de
420 1251 494 1287 filiis
507 1255 623 1290 Pbarez
639 1252 737 1288 habet
755 1255 858 1299 Vossius
870 1276 878 1288 ‚
895 1252 946 1288 fa-

193 1316 268 1338 teor
283 1315 357 1337 cum
372 1303 404 1335 in
425 1314 465 1336 eo
479 1301 568 1350 sequi
585 1305 725 1338 Pererium
745 1305 778 1336 in
798 1306 946 1349 Gen46.

192 1357 275 1400 quin
297 1357 331 1387 &
352 1350 556 1386 doetiffimus
571 1355 682 1387 Rivetus
701 1351 824 1387 ibidem
843 1355 875 1386 in
895 1364 948 1387 ea-

192 1405 269 1437 dem
281 1402 326 1435 est
341 1401 514 1436 sententia:
529 1401 686 1436 omnibus
698 1404 821 1447 praeivit
832 1403 945 1449 August.

189 1452 232 1486 'de
248 1453 391 1487 Civittite
409 1451 469 1484 Dei
484 1456 595 1495 1640.
609 1450 671 1484 Sed
682 1449 834 1498 profedto
848 1453 946 1485 nimis

1071 1250 1181 1286 Uinto
1194 1252 1349 1298 quaeritur
1361 1277 1371 1292 ‚
1392 1251 1454 1299 qui*
1465 1254 1552 1300 Moses
1563 1252 1678 1288 Genes.
1689 1257 1747 1297 46.
1767 1257 1896 1296 Qom0d02

1075 1312 1165 1347 v.27.
1180 1306 1213 1336 &
1226 1299 1521 1349 alibiseptuaginta
1542 1302 1700 1337 Israelitas
1715 1302 1746 1336 in
1766 1297 1852 1335 inAEg
1870 1317 1886 1324 -

995 1352 1173 1397 AEgyptum
1188 1350 1386 1386 descendifle
1400 1350 1527 1394 scribat,
1542 1364 1617 1387 cum
1629 1355 1749 1399 Stepba-
1762 1342 1886 1416 qussdff‘

995 1411 1043 1432 nus
1065 1401 1183 1438 Αᾶὶοπ,
1198 1414 1232 1447 7.
1253 1414 1284 1435 v.
1298 1413 1352 1446 14.
1378 1398 1586 1449 septuaginta
1603 1404 1749 1449 quinque
1779 1392 1820 1407 ‘m
1838 1389 1902 1410 ΨΜ

996 1453 1185 1484 memoret?
1218 1449 1319 1498 Resp.
1337 1449 1591 1486 sacrosanctum
1606 1453 1669 1486 Dei
1679 1462 1751 1485 vet-
1767 1431 1907 1499 {3250-

191 1502 270 1536 dura
280 1501 324 1536 est
339 1501 481 1548 Augustini
496 1499 695 1548 hypothesis,
710 1500 881 1548 ingressum
897 1508 946 1535 la-

190 1552 252 1585 cobi
272 1552 306 1584 in
326 1553 506 1598 AEgyptum
525 1549 776 1586 extendendum
795 1551 835 1586 ad
855 1563 946 1584 mor-

191 1611 260 1633 tem
281 1600 382 1646 usque
400 1601 506 1647 lofephi
518 1625 528 1640 ,
546 1613 587 1634 eo
600 1598 692 1647 quod
710 1600 835 1647 loftphus
844 1599 946 1635 Iacobo

193 1647 361 1683 descensus
372 1653 402 1683 in
412 1653 589 1696 AEgyptum
604 1650 693 1684 causa
704 1648 767 1683 fuit
780 1675 789 1689 ,
809 1650 873 1684 hoc
890 1663 945 1697 pa-

194 1700 250 1732 ἂο
272 1697 470 1732 descendisse
489 1710 564 1732 cum
588 1700 688 1733 Iacobo
711 1700 745 1731 in
766 1701 945 1748 AEgyptum

193 1748 260 1782 dici
273 1746 405 1794 poisunt
418 1772 428 1785 ,
447 1759 513 1780 non
532 1747 663 1782 tantum
683 1751 799 1782 animae
817 1749 946 1795 septua-

197 1798 312 1844 ginta,
334 1796 389 1831 sed
402 1795 580 1844 septuagies
592 1798 682 1832 mille
704 1813 715 1840 ς
739 1798 845 1845 piures
858 1800 946 1832 enirn

197 1857 272 1880 ante
281 1849 382 1894 lostphi
394 1856 537 1880 mortem
555 1846 675 1882 dlacobo
688 1846 888 1883 descendisse
901 1849 945 1883 vi-

199 1894 330 1929 dentur.

239 1944 276 1976 In
293 1943 358 1978 hoc
381 1954 476 1991 grave
495 1943 755 1979 incommodum
775 1953 845 1994 Aug.
865 1947 947 1980 inci-

191 1990 306 2032 dit,eo
317 1991 411 2040 quod
423 1994 528 2026 Gtaeci
539 1994 727 2042 interpretis
741 1995 945 2031 manifestum

193 2053 338 2077 errorem
353 2042 492 2076 voluerit
505 2043 587 2076 tueri
599 2043 746 2090 expresse
759 2042 948 2079 contraH'e-

193 2089 337 2125 braicam
355 2092 527 2126 veritatem
540 2115 549 2127 ‚
569 2095 604 2126 ὃς
621 2093 759 2126 latinum
779 2096 878 2128 etiam
893 2097 945 2127 in-

193 2152 386 2187 terpretem.
419 2143 551 2174 Graecus
566 2142 725 2188 interpres
736 2154 803 2176 non
816 2142 944 2177 tantum

191 2190 423 2225 descendentes
435 2193 515 2223 'cum
535 2192 635 2225 Iacobo
654 2191 733 2225 facit
745 2191 947 2240 septuaginta

193 2239 340 2286 quinque
352 2265 363 2282 ‚
380 2240 468 2286 quod
486 2238 664 2286 profitetur
679 2242 776 2275 etiam
790 2245 947 2288 Stephanus

193 2290 312 2323 Adher.
326 2303 360 2336 7.
392 2293 427 2324 &
448 2291 541 2322 variis
567 2291 673 2324 modis
693 2291 863 2326 conciliari
886 2303 947 2338 po-

198 2336 258 2371 test
271 2362 280 2375 ‚
295 2350 330 2372 ut
348 2338 423 2373 alibi
443 2338 586 2373 diximus
605 2364 615 2380 ‚
641 2339 696 2374 sed
710 2341 809 2373 etiam
822 2342 854 2374 in
866 2353 946 2374 enu-

198 2389 385 2420 meratione
397 2386 610 2433 personarum
623 2391 747 2429 Macbir‚
759 2392 947 2430 Galaad‚su-

198 2436 259 2467 tela
269 2458 277 2473 ,
291 2437 325 2468 δε
336 2438 419 2468 alios
433 2438 534 2483 losephi
547 2449 688 2484 nepotes
700 2463 708 2478 ,
721 2450 757 2471 ac
770 2451 945 2486 pronepo-

200 2493 425 2566 :iesnieimotat
439 2508 448 2520 ‚
461 2486 557 2531 quod
573 2486 736 2532 Augustinus
747 2500 816 2522 non
830 2487 946 2524 debuit

226 2533 296 2566 esen
323 2543 387 2565 erc.

250 2580 362 2628 Qod
375 2580 416 2614 ad
436 2578 524 2615 filios
542 2583 657 2618 Pharez
669 2606 678 2621 ,
702 2581 758 2616 etsi
770 2582 946 2618 difficultas

199 2628 238 2664 fit
251 2630 342 2664 valde
354 2632 459 2679 gravis
475 2629 646 2665 ostendere
665 2633 843 2676 quomodo
857 2634 949 2669 iudas,

199 2681 255 2727 qui
271 2682 363 2713 annis
383 2691 511 2713 tantum
532 2681 793 2727 quatuorlosepho
803 2681 951 2716 fnitma-

199 2732 251 2774 jor
270 2740 346 2762 ante
368 2727 553 2763 descensum
568 2732 601 2763 in
615 2731 793 2777 AEgyptum
807 2757 817 2771 ‚
832 2730 948 2764 habere

200 2778 346 2825 potuerit
372 2789 574 2824 pronepotes
598 2803 607 2818 ,
652 2790 760 2812 tamen
793 2783 825 2813 in
860 2783 949 2815 Paraei

203 2827 438 2874 Chronoiogia
458 2825 535 2859 nihil
550 2828 627 2860 inest
640 2828 787 2868 absurdi,
806 2842 866 2863 nec
876 2842 950 2876 gra-

201 2878 248 2910 vis
261 2877 468 2910 incommodi
483 2901 491 2915 ‚
516 2875 838 2918 scilicet‚1udasn,1:‘r,
852 2886 948 2917 Onon,

203 2928 237 2958 ὃ(
258 2928 375 2960 Pbarez.
397 2924 591 2960 contraxisse
611 2925 758 2973 singulos
780 2928 949 2961 matrimo-

203 2974 291 3008 nium
304 2988 392 3008 anno
405 2974 461 3009 suo
471 2976 723 3022 decimoquarto
744 2991 752 3011 ε
778 2977 858 3011 istud
879 2989 947 3010 non

204 3020 302 3055 debet
318 3027 428 3071 negari
448 3023 487 3058 ab
505 3025 554 3059 his
580 3027 636 3071 qui
662 3037 779 3073 petunt
804 3025 860 3060 fibi
881 3028 948 3060 dari

204 3069 313 3104 multo
332 3085 434 3116 majus
455 3075 653 3121 postulatum
674 3100 682 3111 ‚
707 3074 849 3116 scilicet,
872 3079 948 3115 Levi,

205 3115 326 3159 Cahad,
339 3126 371 3155 ὃς
385 3132 503 3157 Amram
513 3149 521 3165 ,
535 3123 680 3171 fingulos
691 3125 762 3174 post
771 3125 861 3162 suum
873 3139 946 3161 cen-

205 3167 356 3205 tesimum
366 3171 509 3218 genuisse
520 3172 653 3211 liberos.

996 1496 1076 1531 bum
1090 1498 1247 1545 captiosas
1260 1511 1376 1534 manus
1387 1501 1589 1548 respuere,&
1602 1502 1753 1536 Critico-

994 1558 1067 1580 rum
1083 1550 1221 1595 argutias
1242 1547 1420 1585 abhorrere
1445 1564 1453 1585 :
1480 1551 1597 1586 sudant
1613 1551 1750 1597 quidem

996 1606 1064 1630 tam
1086 1599 1214 1644 antiqui
1228 1596 1326 1645 quam
1340 1601 1544 1635 recentiores
1555 1602 1750 1647 interpretes

994 1646 1027 1679 in
1040 1646 1228 1692 hujusmodi
1239 1648 1336 1682 nodis
1348 1647 1558 1683 dissolvendis
1568 1667 1577 1690 ς
1589 1661 1654 1683 non
1665 1646 1750 1682 sem-

995 1709 1051 1744 per
1065 1708 1178 1731 tamen
1194 1721 1204 1737 ,
1229 1695 1304 1731 cum
1320 1699 1433 1731 omnia
1445 1701 1558 1732 conati
1577 1698 1673 1738 sunt,
1696 1695 1749 1731 vel

995 1747 1068 1781 aliis
1079 1748 1131 1781 vel
1143 1745 1202 1780 fibi
1212 1750 1323 1783 valent
1335 1745 1528 1783 satisfacere.
1555 1746 1658 1782 Certe
1675 1758 1750 1793 quae

996 1796 1036 1829 ad
1048 1794 1136 1829 hunc
1150 1796 1391 1843 expediendum
1414 1797 1544 1831 nodum
1563 1796 1605 1830 ab
1620 1797 1752 1844 Augusti-

995 1857 1048 1885 no,
1062 1848 1231 1894 Hieronymo
1245 1849 1280 1880 &
1293 1846 1362 1881 aliis
1382 1845 1463 1880 olim
1476 1870 1485 1884 ‚
1503 1846 1554 1880 vel
1572 1845 1590 1880 ὲ
1612 1848 1749 1886 calvino,

995 1902 1089 1935 Beza,
1100 1901 1237 1935 Mercew,
1252 1898 1387 1942 capello,
1402 1902 1555 1931 Mentzero
1566 1920 1577 1936 ,
1590 1897 1681 1934 lunio,
1695 1897 1748 1929 Ri-

995 1953 1058 1978 veto
1079 1947 1114 1978 &
1140 1943 1273 1978 Pelicano
1287 1955 1391 1992 nuper
1410 1960 1423 1989 3
1448 1944 1499 1979 vel
1518 1946 1618 1979 etiam
1632 1947 1748 1981 Lorino,

997 1995 1126 2035 pererio,
1145 1991 1164 2028 ιὶ
1183 1995 1305 2040 Lapide‚
1325 1992 1457 2042 aliisque
1475 1993 1654 2028 Pontificiis
1666 1990 1750 2026 affe-

995 2053 1123 2083 runtur,
1136 2045 1248 2089 paucis
1260 2043 1403 2078 cordatis
1413 2043 1599 2091 placebunt.
1617 2043 1751 2076 Admit-

996 2093 1095 2125 timus
1129 2090 1224 2126 facile
1252 2093 1465 2141 Septuaginta
1489 2094 1687 2139 Interpretes
1715 2093 1749 2124 in

997 2151 1190 2189 tempotum
1210 2154 1246 2176 ac
1258 2154 1473 2175 numerorum
1489 2141 1670 2175 rationibus
1682 2137 1750 2174 fre-

995 2201 1136 2236 quenter
1157 2192 1253 2225 nimis
1264 2192 1297 2223 in
1309 2190 1425 2225 craffos
1436 2202 1564 2224 errores
1574 2189 1749 2236 collapsos,

993 2240 1070 2273 licet
1081 2252 1196 2274 eorum
1211 2239 1263 2274 hic
1274 2252 1364 2274 error
1381 2252 1452 2274 non
1464 2242 1497 2273 in
1510 2239 1602 2274 litera
1611 2250 1667 2274 aut
1686 2251 1749 2272 nu-

996 2290 1076 2323 meti
1089 2287 1165 2323 nota
1176 2289 1301 2329 existat,
1314 2301 1388 2323 nam
1403 2300 1439 2323 ut
1455 2290 1642 2337 quinarium
1654 2287 1747 2322 suum

994 2336 1085 2385 supra
1101 2340 1181 2385 Mofis
1192 2338 1472 2386 septuagenarium
1486 2341 1654 2385 expleant,
1679 2338 1750 2383 hsc-

989 2385 1040 2434 pht
1052 2400 1191 2435 nepotes
1201 2389 1240 2422 de
1252 2389 1370 2435 quibus
1384 2390 1467 2434 Mofts
1475 2389 1622 2428 reticuit,
1635 2387 1748 2420 nomi-

994 2437 1090 2471 nibus
1113 2435 1266 2484 expreffis
1291 2438 1459 2471 adducunt
1474 2436 1566 2482 supra
1586 2439 1748 2483 quinque,

996 2498 1067 2519 non
1079 2498 1186 2520 tamen
1201 2485 1259 2520 nisi
1277 2487 1414 2520 maxima
1426 2487 1595 2520 consttiCti
1611 2482 1746 2518 neccffi-

996 2546 1064 2568 tate
1082 2548 1158 2569 cum
1182 2536 1292 2568 multis
1308 2536 1534 2569 admittemus,
1550 2532 1601 2566 vel
1622 2534 1747 2578 Stepha-

995 2596 1064 2617 7111711
1083 2585 1132 2617 Vei
1149 2590 1255 2616 Lucam
1278 2596 1373 2618 LXX.
1388 2587 1602 2628 Interpretuss]
1615 2580 1655 2614 ab
1669 2583 1745 2614 He-

997 2632 1102 2665 braica
1116 2633 1251 2664 veritate
1264 2632 1480 2664 deviationem
1495 2630 1658 2676 sequutOS.
1672 2631 1744 2664 Ne·-

995 2691 1059 2726 que
1078 2681 1175 2713 etiam
1197 2692 1274 2712 curn
1294 2680 1360 2713 aliis
1383 2681 1540 2714 audemus
1557 2690 1678 2712 textum
1691 2677 1743 2713 hic

998 2730 1090 2763 Novi
1102 2729 1305 2763 Testamenti
1317 2728 1581 2777 corrigere,quasi
1593 2728 1746 2762 librario-

999 2791 1069 2813 tum
1082 2779 1208 2812 incuria
1221 2781 1371 2812 vitiatum
1395 2804 1405 2819 ,
1426 2778 1570 2827 legendo
1584 2790 1644 2826 pro
1657 2781 1745 2812 πέντε

998 2831 1121 2874 quinque
1134 2852 1144 2867 ,
1164 2831 1215 2862 vel
1243 2827 1350 2864 πάντες
1379 2840 1470 2862 omnes
1501 2840 1576 2860 cum
1603 2829 1746 2863 Theodoro

1000 2876 1080 2912 Beati
1100 2901 1109 2914 ,
1124 2877 1173 2910 vel
1199 2876 1314 2914 miv-mg
1337 2877 1449 2912 omnino
1472 2889 1546 2910 cum
1566 2878 1664 2912 Iacobo
1680 2884 1746 2912 Ca-

995 2930 1067 2976 pello
1087 2941 1098 2961 .-
1126 2926 1400 2973 quandoquidem
1415 2926 1745 2973 manuscriptiomnes

998 2978 1130 3011 codices
1143 2977 1253 3009 Graeci
1263 2981 1294 3010 δι
1308 2976 1495 3010 verfionum
1508 2974 1744 3023 antiquissimae,

998 3028 1095 3061 etiam
1110 3027 1200 3070 Syria
1212 3028 1246 3059 δε
1259 3024 1397 3059 Arabica
1412 3051 1421 3065 ,
1437 3030 1467 3059 δε.
1479 3025 1647 3059 modetnae
1669 3023 1744 3058 vul-

999 3088 1089 3124 gares
1110 3087 1228 3108 omnes
1255 3075 1296 3108 ab
1316 3073 1476 3123 imprcffis
1509 3087 1579 3109 non
1606 3075 1744 3108 varient.

1002 3127 1170 3160 Malumus
1192 3123 1271 3170 ergo
1295 3123 1665 3171 respondereconciiiari
1683 3135 1746 3156 nu·-

1001 3187 1128 3210 merum
1149 3182 1223 3210 Luca
1244 3177 1404 3219 majorem
1426 3174 1745 3216 cumminoreMofis,

1643 3233 1746 3257 inter-
