2048 3343
446 134 524 160 nr
588 120 1214 163 Cuxouoroc1c1
1271 122 1505 164 L1n.11.

191 193 254 228 hoc
267 192 406 228 affirmat.
430 193 550 228 Verum
568 193 697 242 Iofiphus
714 192 946 240 Antiquitatum

192 240 325 278 secundo
334 267 342 279 ‚
362 244 460 291 capite
473 244 567 278 tertio
579 268 590 284 ‚
615 244 680 278 vult
691 254 801 277 omnes
816 241 946 276 Patriar-

193 294 266 329 elias
290 304 397 342 praeter
422 292 574 341 Josephum
599 291 733 338 sepultos
755 290 892 326 Hebrone
912 290 945 322 in

191 343 330 392 speluncfi
342 341 584 390 Miachpelach.
609 344 739 374 Lorinus
750 343 788 377 (ῤ’
799 340 946 371 ‘Percrius

191 393 364 428 existimant
385 390 539 439 Josephum
557 389 608 423 hic
626 386 848 436 praeferendum
866 389 944 422 Hie-

190 456 306 492 ronymo
315 455 323 476 ε
331 440 412 476 εει-τέ
425 440 532 474 diebus
540 441 714 487 Hieronymi
724 435 879 484 sepulchra
888 439 945 472 Pa-

191 492 388 527 triarcharum
406 489 532 524 extitisse
550 502 616 523 non
635 488 773 524 videntur
787 511 797 528 ,
822 499 893 521 nam
912 487 945 520 in

192 539 486 589 paucioribusquam
499 539 546 573 bis
554 539 636 573 mille
648 538 731 571 annis
741 561 750 576 ,
764 535 826 570 offa
837 536 944 570 huma-

191 605 245 628 na,
259 596 291 627 &
304 603 413 625 omnes
427 587 624 635 sepulchrales
638 587 733 621 loculi
746 584 946 622 dissolvuntur

192 641 224 675 in
236 641 410 688 pulverem:
429 643 460 673 &
472 638 547 672 vero
561 638 654 672 multa
668 649 735 683 quse
747 637 946 684 Hieronymus

193 690 279 725 affert
297 691 328 724 in
347 688 515 736 Epitaphio
532 689 626 720 Paule
639 686 808 733 intelligere
821 694 948 731 oportet

193 753 265 774 cum
284 752 380 787 grano
400 736 474 772 salis,
516 734 794 772 Verumenimvero
818 736 947 767 Lorinm

193 796 225 827 &
237 790 257 823 d
270 788 381 838 Lapide
393 784 557 834 praeferunt
569 786 620 820 hic
638 786 855 830 Hieronymum
873 783 948 826 Iofi’-

190 841 260 891 pho.
291 840 367 872 Sunt
379 837 434 883 qui
449 847 613 883 utrumque
630 836 829 881 conjungant,
844 831 948 867 existi-

193 898 311 926 mantes
324 885 509 923 Patriarchas
521 897 630 919 omnes
644 896 714 918 cum
734 882 845 931 Iofipho
858 880 947 916 fratre

193 937 297 988 primo
311 936 441 984 sepultos
455 937 485 969 in
498 934 615 968 sichem
628 958 636 970 ‚
663 932 768 980 postea
781 931 854 966 vero
871 931 887 966 a
900 933 948 963 Si-

194 989 328 1024 chemitis
339 986 495 1020 translatos
508 982 684 1019 Habronem.
714 982 810 1017 Ratio
825 979 948 1014 transla-

195 1040 289 1073 tionis
302 1037 385 1070 allata
401 1035 416 1070 εὶ
429 1034 583 1069 Ludovico
594 1034 628 1067 de
640 1035 736 1068 Dim,
751 1030 838 1078 quod
847 1030 947 1064 Siche-

195 1092 271 1122 mitae,
285 1098 317 1121 ut
330 1086 419 1119 amici
431 1084 583 1123 Israelitis,
598 1082 734 1116 filiorum
748 1080 846 1113 lacoln·
857 1077 946 1114 ossa&

196 1136 224 1173 se
245 1135 448 1171 transtulerint
467 1135 496 1167 in
517 1132 685 1180 speluncam
705 1130 942 1167 Hebronicam,

196 1186 334 1222 meriton
345 1188 456 1218 Lormo
469 1180 704 1228 rejicitur,quod
715 1179 947 1212 sichemitarum

196 1237 228 1271 in
242 1239 405 1269 Simeonem
423 1237 455 1268 δε
473 1236 553 1267 Lem·
564 1232 673 1266 odium
699 1230 714 1273 (
729 1228 749 1261 si
762 1227 861 1262 modo
876 1225 946 1274 post

196 1286 280 1320 urbis
293 1283 428 1318 sichem
442 1286 615 1321 mansella„
627 1280 679 1314 ulli
696 1276 856 1310 sichemita
869 1277 946 1311 exti-

194 1336 308 1381 terint)
324 1334 362 1367 ab
377 1331 445 1379 ipsis
460 1328 639 1376 expreffisset
653 1339 763 1362 eorum
771 1327 879 1361 ossium
886 1338 945 1373 po-

191 1384 251 1422 tius
258 1383 563 1427 comburium,quam
574 1379 663 1412 ullam
675 1375 836 1411 honestam
849 1376 947 1423 sepul-

190 1446 311 1471 turam:
336 1436 368 1467 &
386 1442 489 1465 tamen
507 1431 635 1461 Lorinus
654 1438 723 1461 ante
735 1424 945 1474 disputationis

189 1485 246 1520 suae
259 1480 417 1516 clausulam
430 1479 470 1514 eo
484 1478 624 1516 inclinat,
644 1487 677 1511 ut
688 1475 866 1510 Patriarchae
880 1475 943 1523 pri-

191 1535 247 1569 mi)
255 1531 403 1569 &chemin
412 1526 522 1577 posted
531 1528 684 1561 Hebrone
692 1525 782 1572 positi
789 1524 945 1572 fint,quod

1694 140 1743 176 97

979 201 1028 228 tus
1041 192 1099 230 fuit
1113 195 1145 229 in
1157 194 1291 234 Sichem,
1304 207 1397 243 prout
1408 198 1559 233 docemur
1568 196 1670 246 Josiiae
1683 210 1736 246 24.

978 254 1024 286 32.
1037 243 1259 290 Syuecdochen
1271 243 1349 280 hanc
1363 248 1559 294 ampleffitur
1573 251 1736 290 Calvinus,

980 294 1012 325 &
1023 294 1126 328 multis
1135 294 1283 341 exemplis
1295 293 1420 330 illustrat
1427 299 1573 337 Lorinus,
1588 298 1736 332 nimirum

980 343 1123 376 Matthaei
1136 342 1285 391 vigesimo
1297 341 1382 378 sexto
1390 368 1400 383 ‚
1412 346 1525 380 οέὶεινο
1536 372 1545 387 ,
1564 347 1737 382 murmurii-

979 400 1050 429 runt
1063 390 1216 438 discipuli,
1236 393 1350 439 plurale
1362 392 1426 427 hoc
1439 394 1617 444 intelligitur
1624 397 1660 431 de
1671 409 1735 430 uno

980 437 1121 487 singulari
1132 438 1210 473 Judd
1222 441 1374 483 Istas-iate,
1393 444 1447 490 qui
1460 442 1539 478 solus
1554 445 1735 493 indignaba-

979 498 1029 522 tur
1040 489 1085 524 ob
1098 487 1259 537 profusum
1277 503 1466 539 unguentum
1475 517 1484 532 ,
1504 504 1597 540 prout
1609 495 1736 541 exponit

980 538 1312 580 IoannesduodecimO,
1326 540 1509 583 undecim03
1524 542 1636 578 deinde
1645 547 1736 577 Mat-

980 589 1043 622 thaei
1055 588 1203 637 vigesimo
1210 586 1342 636 septimo
1350 614 1358 626 ‚
1372 591 1604 638 quadragesimo
1612 603 1739 640 quarto,

981 636 1113 672 latrones
1125 638 1268 673 dicuntur
1278 639 1448 688 obloquuti
1461 640 1589 676 Christo
1597 643 1628 676 in
1636 655 1736 677 cruce:

982 699 1087 721 verum
1105 687 1169 723 hoc
1184 700 1251 722 non
1265 686 1323 723 fuit
1339 689 1394 723 nisi
1410 689 1449 724 de
1467 702 1531 724 uno
1547 691 1664 726 latrone
1677 692 1738 726 im-

982 738 1160 782 poenitenti,
1174 749 1268 784 prout
1275 739 1402 786 exponit
1415 741 1513 774 Lucas
1521 740 1665 775 vicesimo
1673 752 1738 774 ter-

982 786 1043 823 tio,
1058 786 1213 821 tricesimo
1224 799 1322 822 nono.
1349 789 1425 822 Hoc
1435 788 1556 837 posito,
1573 791 1737 825 vultLori-

982 848 1037 869 nus
1051 860 1062 875 ,
1093 849 1188 883 quem
1200 836 1251 870 hic
1267 835 1432 885 sequuntur
1446 841 1658 874 Annotatores
1671 843 1738 874 An-

983 884 1110 931 chani,
1125 889 1156 920 &
1167 886 1231 922 alii,
1245 886 1352 921 locum
1361 888 1577 935 exponendum
1590 888 1738 923 distribu-

983 933 1043 968 tive
1049 958 1059 974 ‚
1067 935 1214 968 nimirum
1226 935 1452 971 transsationem
1460 937 1629 971 Sz'chemam
1642 939 1679 973 de
1687 936 1738 973 os-

983 982 1063 1017 fibus
1075 983 1196 1033 Ioftphi‚
1210 987 1242 1019 &
1256 984 1444 1031 positionem
1455 988 1487 1020 in
1500 986 1660 1033 sepulchro
1672 989 1738 1022 efi-

983 1031 1123 1067 brahami
1137 1033 1174 1068 de
1188 1033 1302 1070 Iacobo.
1328 1036 1388 1069 Sed
1395 1035 1479 1070 τεὲὲὲ
1493 1036 1738 1072 distributiohaec

983 1084 1089 1116 Riveto
1102 1086 1134 1117 δε
1149 1083 1212 1116 aliis
1226 1081 1361 1130 displicet
1375 1108 1384 1124 ‚
1410 1085 1481 1119 cum
1494 1085 1586 1119 verba
1598 1087 1740 1134 Stephani

982 1133 1084 1177 aperte
1097 1132 1135 1166 de
1149 1144 1213 1167 uno
1228 1136 1260 1167 &
1273 1134 1387 1168 eodem
1400 1132 1539 1179 subje&o
1553 1135 1718 1182 loquantur
1728 1160 1738 1175 ‚

981 1181 1096 1228 Iosepho
1110 1179 1223 1216 scilicet
1236 1183 1290 1229 qui
1302 1182 1458 1218 transsatus
1473 1181 1530 1218 fuit
1546 1184 1716 1217 Stchemam
1725 1209 1736 1224 ,

981 1230 1070 1263 &ibi
1084 1231 1117 1263 in
1128 1242 1338 1265 monumento
1352 1232 1476 1279 positus.
1514 1232 1635 1268 Verum
1649 1233 1739 1268 estin

980 1279 1062 1314 versu
1075 1281 1172 1326 priori
1185 1280 1352 1327 expressum
1368 1282 1466 1316 iacobi
1476 1294 1609 1319 nomen,
1623 1283 1738 1317 nihilo-

981 1327 1082 1362 minus
1094 1328 1194 1364 versus
1208 1329 1260 1363 hic
1273 1331 1311 1365 de
1322 1331 1433 1380 J⁰fi⁷ph0
1447 1332 1662 1380 intelligendus
1675 1332 1736 1373 est,

980 1379 1009 1411 ei
1021 1379 1104 1412 enim
1120 1375 1176 1412 soli
1187 1377 1314 1413 historia
1323 1382 1484 1429 congruit5
1498 1394 1568 1415 nam
1583 1395 1618 1415 ex
1631 1383 1737 1416 omni-

980 1427 1037 1462 bus
1051 1427 1190 1462 Patribus
1208 1428 1241 1461 in
1253 1430 1392 1476 AEgypto
1408 1431 1540 1464 mortuis
1560 1429 1644 1465 solus
1663 1432 1738 1476 lost-

976 1477 1052 1560 phnp
1063 1477 1233 1533 sichemam
1245 1477 1401 1514 transsatus
1408 1504 1418 1521 ‚
1446 1484 1477 1516 &
1489 1479 1625 1533 Siclqemae
1639 1478 1737 1528 sepul·-

978 1538 1025 1561 tus
1052 1537 1105 1561 uit.

190 1584 263 1619 licet
275 1583 395 1616 daretur
409 1603 420 1618 ‚
444 1589 509 1612 non
528 1577 599 1611 inde
612 1573 776 1609 solveretur
788 1575 944 1610 oculatum

190 1631 405 1668 testimonium
418 1628 511 1661 Paula
524 1627 603 1674 apud
620 1627 837 1672 Hieronymum
851 1625 945 1672 profi-

190 1683 282 1718 tentis
294 1679 395 1715 vidisse
408 1675 437 1712 se
449 1676 583 1711 Stchemae
591 1676 755 1711 duodecim
763 1673 943 1709 Patriarcha-

191 1746 260 1767 rum
272 1728 426 1778 sepulchra
439 1752 450 1768 ,
468 1725 522 1761 nisi
535 1725 628 1760 tertio
641 1724 802 1759 transsatos
815 1723 944 1760 affirme-

1020 1580 1175 1627 Qartum
1182 1575 1339 1625 quaesitum
1347 1577 1390 1612 est
1397 1579 1497 1615 multe>
1505 1578 1731 1619 difficillimum,
1742 1574 1875 1613 §Quomodo

978 1625 999 1660 sl
1012 1639 1077 1661 non
1085 1625 1244 1672 desperatae
1252 1625 1437 1662 difficultatis
1446 1653 1456 1668 ‚
1472 1629 1539 1678 Qi
1552 1628 1732 1663 <Abraham
1744 1615 1890 1682 fixae-

978 1676 1108 1712 emerita
1116 1675 1186 1711 filiis
1192 1680 1319 1712 Emmor
1326 1682 1587 1712 monumentum?
1604 1679 1731 1723 Masius,
1746 1703 1896 1723 numentum

978 1725 1168 1775 Eugnbinus,
1180 1729 1384 1775 Lipomannus
1396 1728 1475 1774 apud
1489 1727 1686 1767 Pontificios,
1701 1733 1733 1764 &
1745 1735 1778 1764 ab
1785 1740 1901 1765 immor?

191 1795 277 1822 mus,
290 1790 323 1814 ut
336 1777 440 1826 primo
454 1790 489 1811 ex
502 1778 639 1824 AEgypto
651 1775 836 1814 Sichemam,
855 1779 886 1809 &
901 1773 945 1811 se-

192 1831 298 1867 cundo
311 1825 450 1862 Szchemd
462 1825 649 1866 Hebronem,
669 1830 700 1860 ὅ(
719 1825 812 1861 terti&
828 1822 945 1860 Hebro-

192 1894 228 1916 ne
239 1880 409 1914 Stchemam
423 1875 556 1915 delatos,
579 1888 645 1923 quae
665 1875 803 1911 videntur
816 1871 944 1915 deliria',

192 1935 225 1967 δε
237 1931 298 1964 veri
317 1927 436 1963 fruffihis
453 1927 555 1960 nimiae
569 1926 755 1961 credulitatis
770 1925 944 1961 traditioni-

192 1980 251 2016 bus
264 1991 328 2012 non
341 1977 454 2024 scriptis
467 1974 622 2011 adhibitae.

241 2030 304 2075 His
314 2040 391 2075 ergo
404 2025 550 2061 omnibus
562 2023 684 2068 rejeetis
693 2025 786 2058 unico
799 2022 945 2060 sscrarum

192 2079 415 2125 Scripturarum
428 2073 629 2109 fundamento
644 2075 823 2114 innitamur,
843 2079 875 2111 &
888 2078 944 2110 Pa-

192 2127 393 2163 triarcharum
414 2126 446 2159 in
464 2127 601 2171 AEgypto
627 2135 824 2158 mortuorum
846 2125 946 2159 nullos

194 2178 265 2212 inde
281 2175 437 2211 translatos
444 2175 578 2209 dicamus
592 2185 698 2220 practer
711 2172 850 2208 Iacobum
859 2177 889 2219 δέ
900 2177 945 2207 Io-

188 2227 312 2276 sephum
322 2252 330 2267 ,
360 2227 399 2260 ita
414 2235 447 2259 ut
459 2224 563 2258 omnis
576 2224 614 2256 de
628 2235 810 2258 caeterorum
823 2222 943 2257 transsa-

195 2278 282 2310 tione
294 2277 341 2310 vel
351 2274 518 2307 Sichemam
532 2272 579 2306 vel
597 2273 767 2306 Hebronem
782 2271 944 2318 disputatio

164 2360 166 2363 ,
196 2336 232 2358 ut
244 2322 385 2358 fabulosae
393 2321 549 2356 traditioni
562 2319 760 2365 superstruClm
770 2324 834 2364 jure
847 2321 945 2367 negliss

198 2373 298 2421 genda
319 2372 364 2406 sit.
399 2370 504 2404 Verba
524 2368 600 2405 vero
618 2368 758 2417 Stephani
770 2370 800 2401 in
814 2380 946 2402 numero

199 2422 327 2470 plurali,
352 2419 435 2469 quasi
452 2419 551 2466 plures
571 2431 636 2453 uno
657 2417 762 2464 sepulti
780 2416 900 2452 fuissent
916 2418 948 2450 in

200 2473 334 2510 sichem,
348 2469 517 2504 commode
529 2467 649 2515 possunt
661 2468 790 2515 exponi,
814 2479 879 2501 non
896 2479 950 2514 per

199 2522 301 2557 textfis
313 2518 385 2554 sacri
397 2519 627 2553 correfflonem
639 2542 648 2556 ‚
674 2516 760 2564 quod
774 2514 844 2551 facit
863 2519 951 2564 Syrus

201 2573 349 2617 interpres
362 2581 421 2617 pro
435 2566 485 2601 sua
497 2568 716 2602 auetoritate&
726 2566 858 2611 judicio,
873 2578 951 2600 con-

200 2632 245 2655 tra
259 2633 369 2654 omncs
382 2622 483 2653 Patres
502 2620 521 2660 (
532 2629 565 2651 ut
579 2627 665 2650 notat
686 2617 858 2650 Tremellius
871 2617 887 2661 )
909 2615 952 2649 le-

200 2684 275 2719 gens
289 2671 320 2703 in
333 2668 471 2716 singulari
482 2678 631 2703 mortuus,
648 2668 820 2711 transsatus,
835 2666 950 2714 pqfitus,

199 2722 305 2755 omnia
319 2743 329 2758 ,
355 2730 389 2752 ut
407 2717 525 2752 videtur
537 2741 547 2756 ,
572 2716 611 2750 de
629 2714 731 2749 Iacobo
755 2715 928 2763 intelligens
942 2739 952 2754 ‚

198 2769 282 2818 quasi
298 2769 322 2802 is
336 2767 439 2814 primo
451 2765 620 2798 Sichemam
632 2765 746 2799 delatus
761 2763 852 2799 fuerit
860 2762 953 2812 prius-

199 2832 293 2866 quam
307 2816 444 2853 Hebrone
461 2813 603 2862 sepultus.
639 2815 810 2848 correctio
828 2814 893 2848 haec
906 2825 951 2848 te-

198 2869 267 2903 xtfis
283 2868 440 2902 temeraria
452 2864 512 2904 est,
526 2877 583 2899 nec
595 2863 727 2898 omnino
735 2860 907 2900 necessaria,
921 2866 953 2897 &

200 2916 352 2952 transsatio
366 2914 449 2950 istius
462 2914 596 2948 historiae
609 2913 625 2948 ἐ
639 2912 748 2961 losepho
760 2912 798 2947 ad
813 2911 953 2945 Iacobum

198 2967 314 3003 veritati
330 2978 394 2999 non
411 2964 457 2999 est
470 2961 614 2999 consona.

245 3014 418 3062 Responsio
432 3027 516 3062 ergo,
532 3014 563 3048 in
578 3014 639 3061 qui
650 3012 701 3046 hic
713 3008 948 3059 acquiescimus,

200 3066 244 3102 est
257 3079 289 3100 ea
298 3089 307 3103 ‚
327 3076 419 3111 quam
432 3062 555 3096 strabus
567 3063 599 3097 in
612 3061 724 3096 Glossfi
739 3058 789 3096 sua
801 3060 953 3094 ordinat-izi

200 3116 279 3164 apud
291 3116 446 3160 Lyranum
458 3110 544 3145 affert
558 3125 593 3145 ex
614 3111 748 3154 Qbano
764 3134 773 3149 ‚
796 3109 952 3156 Synecdo·

200 3167 279 3201 chen
292 3161 349 3197 effe
363 3160 474 3196 scilicet
488 3160 619 3208 integri,
644 3160 766 3209 pluralis
779 3171 836 3206 pro
852 3158 952 3206 fingu-

200 3217 269 3255 lari,
293 3210 423 3247 transsati
435 3215 465 3246 ἃ
479 3208 568 3257 positi
581 3223 640 3258 pro
653 3207 808 3246 transsatus
822 3211 853 3244 &
871 3208 952 3257 posi-
971 3257 973 3265 Ι

978 1789 1015 1810 ex
1027 1774 1139 1810 nostris
1153 1777 1314 1813 Calvinus,
1335 1780 1433 1813 Rem,
1446 1777 1593 1821 Piscator,
1608 1777 1736 1812 Deoda-

978 1836 1042 1865 tus‚
1062 1827 1204 1865 Tamus,
1224 1828 1421 1876 Μεηῑζενκς,
1445 1829 1621 1868 Gualmm,
1641 1832 1672 1863 &
1685 1829 1736 1862 alii

978 1885 1096 1910 textum
1115 1885 1221 1922 putant
1234 1875 1251 1909 ὲ
1269 1875 1398 1910 librariis
1413 1887 1613 1924 corruptum,
1633 1882 1739 1912 &no-

979 1936 1051 1959 men
1070 1924 1244 1958 Abrahami
1255 1925 1399 1972 irrepsisse
1422 1926 1559 1960 additum
1572 1927 1588 1961 a
1602 1926 1738 1974 quodam

979 1973 1076 2009 sciolo
1088 1972 1291 2022 descriptore,
1305 1988 1376 2010 cum
1384 1987 1501 2009 nomen
1514 1975 1611 2009 lacoln‘
1621 1976 1638 2011 d
1651 1978 1740 2024 prio-

980 2024 1065 2058 ribus
1085 2025 1250 2071 repetitum
1270 2024 1355 2060 reete
1374 2026 1539 2060 conveniat
1558 2038 1629 2059 cum
1641 2025 1738 2061 verbo

980 2074 1099 2108 emerit.
1134 2074 1306 2108 Correffio
1319 2073 1383 2108 haec
1397 2073 1417 2108 si
1432 2073 1555 2108 fundata
1569 2074 1657 2114 esset,
1685 2085 1738 2109 to-

979 2135 1046 2158 tum
1059 2123 1188 2157 dubium
1201 2134 1381 2165 evacuaret3
1407 2121 1456 2157 sed
1476 2126 1624 2164 Rivetus,
1647 2126 1738 2158 Lori-

980 2186 1052 2208 nu5‚
1079 2175 1231 2212 Pennus,
1244 2174 1411 2212 Salmer0n‚
1428 2172 1448 2206 a*
1464 2172 1576 2221 Lapide
1588 2197 1598 2212 ,
1625 2177 1656 2208 δι
1670 2174 1737 2212 alii,

980 2221 1066 2257 reete
1078 2223 1282 2270 pronunciant
1301 2223 1410 2256 durum
1430 2220 1487 2256 effe
1504 2224 1536 2255 in
1551 2232 1635 2256 textu
1654 2220 1737 2256 sacro
1752 2235 1854 2260 Durum
1873 2233 1906 2269 est

981 2283 1121 2306 errorem
1138 2271 1298 2305 admittere
1311 2296 1321 2310 ,
1347 2282 1453 2305 contra
1467 2272 1685 2317 exemplarium
1702 2284 1735 2304 0-
1752 2283 1871 2309 camgm
1891 2315 1895 2318 .

1751 2321 1907 2340 textumort-

1749 2353 1868 2388 ginalem.

981 2319 1100 2402 mniugi
1113 2331 1175 2354 tam
1188 2318 1461 2368 manuscriptorum
1475 2319 1735 2368 qufimimpress'o-

982 2379 1050 2401 rum
1091 2369 1173 2403 dem.

1030 2416 1208 2450 Hamondus
1222 2416 1450 2451 correfflonem
1465 2417 1542 2452 hanc
1556 2417 1680 2465 quidem
1691 2431 1739 2452 re-
1755 2433 1883 2459 Hamondi

984 2465 1049 2510 jicit
1063 2491 1073 2506 ‚
1099 2465 1159 2514 ipse
1175 2476 1277 2500 tamen
1291 2478 1326 2499 ex
1340 2463 1393 2499 suo
1413 2467 1541 2514 ingenio
1559 2468 1649 2501 etiam
1663 2467 1739 2502 ultra
1754 2478 1889 2509 protervus

986 2514 1170 2563 Magistrum
1190 2514 1274 2549 suum
1294 2519 1434 2564 (Jrotium
1452 2527 1514 2551 tres
1533 2527 1584 2550 aut
1607 2527 1740 2563 quatuor
1753 2512 1902 2589 ἑίἔθῒληιίί

1801 2563 1823 2580 ΓΙ
1835 2563 1873 2580 us·

987 2564 1123 2599 versiculi
1140 2565 1229 2609 hujus
1242 2565 1496 2611 interpolationes
1509 2566 1651 2600 audafter
1665 2579 1739 2613 pro-

987 2614 1071 2648 cudit
1084 2628 1091 2649 :
1117 2625 1317 2662 praeterquam
1329 2614 1411 2648 enim
1424 2614 1511 2661 quod
1525 2628 1595 2649 cum
1609 2618 1677 2664 Syro
1689 2617 1741 2649 In-

988 2674 1121 2711 terprete
1130 2664 1204 2710 (cu-i
1212 2663 1290 2697 male
1299 2662 1349 2698 hic
1357 2663 1492 2700 Arabem
1508 2668 1627 2698 Gratim
1634 2665 1680 2709 adj
1685 2677 1741 2699 un-

988 2713 1056 2761 git)
1074 2717 1096 2750 Ξ
1107 2723 1195 2757 Συχὲμ
1208 2724 1360 2760 expungat
1371 2737 1379 2750 ‚
1405 2717 1436 2748 &
1455 2726 1512 2760 pro
1527 2717 1650 2747 Emmor
1661 2714 1742 2761 legat

990 2762 1126 2812 Ephron,
1152 2763 1215 2797 vult
1231 2764 1324 2797 etiam
1337 2762 1410 2797 loco
1428 2762 1546 2812 Ephron
1564 2763 1611 2798 vcl
1624 2766 1742 2797 ἔφιππον

989 2824 1105 2858 ponere
1117 2812 1217 2852 Heth‚
1243 2816 1275 2848 δι
1287 2812 1362 2847 vero
1378 2825 1435 2859 pro
1449 2815 1494 2844 πῖν
1511 2817 1554 2852 ιῑῶν
1572 2816 1661 2854 Era-fabe
1679 2813 1742 2849 vult

989 2860 1077 2896 scribi
1098 2861 1121 2892 ff
1136 2866 1177 2899 ἰρῖ
1190 2869 1253 2905 Ζεὺς·
1273 2874 1372 2910 neque
1386 2862 1462 2895 mirsi
1475 2862 1530 2896 hac
1548 2862 1679 2898 violandi
1698 2861 1742 2896 sa-

988 2923 1073 2944 crum
1086 2921 1202 2945 textum
1216 2912 1372 2958 prurigine
1389 2922 1551 2946 contentus
1572 2923 1642 2945 cum
1662 2914 1739 2944 Gro-

988 2964 1027 2993 tio
1041 2958 1094 2994 suo
1108 2959 1178 3007 post
1196 2961 1315 3009 aliquos
1333 2960 1516 2996 Pontificios
1535 2962 1600 2996 vult
1619 2960 1743 3007 Stepha-

987 3022 1060 3043 num
1082 3021 1243 3057 utramque
1266 3011 1457 3057 emptionem
1481 3021 1542 3043 tam
1570 3008 1743 3043 Abraham·

988 3059 1080 3107 quim
1090 3058 1187 3092 Iacobi
1199 3059 1256 3093 suis
1263 3060 1363 3094 verbis
1372 3060 1542 3106 exprimere
1550 3060 1624 3094 velle
1634 3084 1645 3099 ,
1657 3060 1743 3107 quod

988 3109 1004 3143 εἴ
1018 3109 1136 3143 ratione
1149 3109 1236 3144 valde
1249 3108 1292 3143 est
1306 3109 1448 3143 alienum.

1034 3157 1208 3192 Ludovicus
1220 3160 1351 3205 Capellus
1369 3160 1399 3193 in
1414 3158 1467 3193 suo
1482 3159 1517 3193 ad
1533 3159 1688 3195 ACkorum
1699 3157 1743 3192 se-
1757 3171 1843 3197 Etiam
1858 3176 1908 3199 Ca-

989 3207 1077 3257 primi
1089 3207 1244 3243 decimum
1253 3207 1366 3244 sextum
1381 3206 1538 3256 spicilegio
1547 3234 1555 3249 ,
1571 3209 1668 3242 nihilo
1677 3220 1743 3240 me-
1755 3211 1816 3247 pelit-

1361 3259 1426 3292 Nn

1671 3258 1743 3290 liori
