2048 3343
35 526 70 562 Re
84 530 108 547 ei·
115 530 159 547 nu-

36 572 125 591 merum
131 557 164 587 ad

38 603 139 638 dwerfhs

38 644 154 673 terminos.

59 3060 181 3096 Refutan-

59 3109 98 3128 1¹0¹
104 3111 179 3138 argu-

60 3149 144 3168 menta

62 3184 139 3217 Vossii
145 3189 190 3221 pro

445 95 511 123 ET
567 86 1254 124 CHRoNoLoclct

189 159 669 199 statuentiaccommodantur³
691 160 935 194 Testatursseza

187 212 432 247 correctionem
453 210 537 245 lianc
561 208 665 257 legisse
687 207 716 243 se
735 210 845 243 inuno
858 206 934 241 suo-

186 273 259 296 rum
281 258 590 307 manuscriptorum.
625 257 762 298 Quibus
783 257 851 291 haec
864 267 935 289 non

186 312 293 357 placer
305 335 314 350 ‚
330 311 493 357 accipiant
507 309 602 342 aliam
614 305 812 341 solutionem
826 304 866 340 ab
878 317 932 338 eo*

186 360 264 393 dem
281 362 416 394 auetore
437 360 468 391 in
491 356 726 405 marginalibus
743 355 805 390 suis
821 355 864 388 ad
884 355 937 388 lo-

188 421 264 442 cum
286 411 449 442 Astorum
477 407 638 441 editionis
657 406 778 440 ultiinae
801 418 808 445 ;
835 416 937 451 quem

189 459 238 492 vel
256 457 400 503 sequitur
418 455 469 489 vcl
481 455 647 489 antecedit
660 458 759 490 Iunius
771 457 803 488 in
817 455 939 499 parral-

191 508 271 542 lelis.
300 508 498 541 Retineatur
518 504 651 554 vulgata
669 505 787 542 lectio,
807 503 859 539 scd
877 516 941 537 nu-

194 568 301 590 merus
318 567 385 589 non
405 553 560 589 referatur
569 554 612 589 ad
627 557 811 594 Samuelem,
834 564 939 588 utter-

195 607 322 639 minum
342 608 376 640 δι’
398 604 596 639 divisionem
621 616 712 638 terrae
734 616 790 649 per
806 604 959 649 loslmam·

195 655 348 702 Judicum
361 654 504 699 primum
525 665 559 687 ut
573 655 770 700 principium
791 676 801 688 ‚
825 651 879 686 sed
900 651 942 685 ad

195 702 349 750 κληρεχίαιν
364 703 450 737 hanc
471 708 504 737 &
526 701 715 736 missionem
730 700 890 747 Judicum
907 711 943 734 ut

193 756 374 788 terminum
404 752 510 798 (ficut
526 764 638 785 revera
658 753 691 783 in
714 753 836 785 Graeco
856 760 946 783 textu

193 814 351 837 numerus
387 800 559 835 antecedit
585 800 731 847 expresse
759 798 964 833 mistionem*

192 851 442 899 Judicum,licet
455 852 487 884 in
501 849 771 884 transsationibus
782 849 946 893 sequatur)

195 906 230 936 &
249 903 286 935 ad
307 899 508 936 electionem
530 910 659 946 patrum
682 908 717 931 ut
731 898 947 944 principium:

195 951 282 984 inter
293 950 354 984 hos
367 952 530 984 terminos
551 948 763 981 vocationem
784 947 901 979 A'bralm
914 948 947 978 &

195 1002 352 1045 κλκρκχίαν
373 1000 476 1045 Iosimae
489 1022 496 1035 ,
517 996 680 1031 fluxerunt
698 995 853 1039 equidem
871 994 947 1026 anni

197 1050 281 1084 dieti
305 1060 420 1096 praeter
437 1055 574 1092 propter
595 1042 827 1090 quadringenti
849 1044 948 1089 quin-

199 1099 352 1146 quaginta
370 1111 379 1137 ς
409 1100 443 1130 δε
463 1091 542 1127 vero
564 1093 735 1126 relativum
755 1091 856 1125 ταῦτα
870 1103 946 1124 cum

198 1160 268 1194 quo
280 1156 433 1180 numerus
441 1141 602 1180 cohaerer,
615 1140 894 1187 quandoquidem
907 1140 948 1175 ad

196 1199 289 1243 plura
304 1192 534 1227 antecedentia
556 1191 733 1231 referatur,
759 1190 842 1237 quid
861 1200 948 1224 vetat

195 1256 264 1290 quo
277 1241 387 1276 miuus
405 1241 447 1275 ad
470 1253 584 1274 eorum
606 1242 750 1287 primum
766 1264 775 1279 ‚
803 1240 944 1274 electio-

194 1305 272 1327 nem
286 1302 414 1338 patrum
435 1288 514 1324 vers.
527 1302 584 1336 17.
605 1287 713 1335 potins
725 1287 826 1332 qnzim
843 1289 886 1323 ad
900 1289 950 1322 ul-

197 1344 318 1375 timum
330 1338 517 1387 κληροδοσίαν
533 1339 610 1372 vers.
625 1352 679 1381 19.
698 1337 788 1386 affigi
804 1337 949 1373 debeat?

197 1392 352 1438 Inprimis
369 1389 445 1424 cum
467 1388 573 1422 miffio
594 1389 741 1433 judicum
759 1413 769 1428 ‚
795 1387 949 1434 adeoque

197 1440 368 1486 κληροιΓοσ-ιόι
383 1438 826 1486 loshrmprimijudicisafrus
847 1462 857 1477 ‚
886 1449 950 1471 nn-

195 1502 290 1524 mero
301 1501 365 1538 prce
378 1487 533 1523 manibus
545 1486 687 1524 ver1220.
696 1487 929 1535 postponatur.

267 1599 464 1638 Addenda
476 1599 523 1638 ad
537 1597 806 1651 Qaestionem
821 1598 880 1636 11.

197 1693 371 1741 Defettditur
385 1692 469 1737 sacer
490 1693 613 1725 calculus
638 1703 781 1726 annorum
801 1692 891 1732 480.
917 1690 955 1726 ab

256 1743 344 1777 exodo
356 1743 574 1788 adstrufzuram
586 1741 685 1787 templi
693 1750 794 1775 contra
806 1737 885 1774 Vos
883 1759 901 1764 -

402 1789 485 1823 fium
508 1791 545 1828 <sy
563 1790 751 1837 Capellam.

195 1880 321 1942 NOn
334 1889 402 1912 tam
416 1876 504 1912 ficco
515 1877 599 1924 pede
613 1875 765 1912 transilire
777 1876 855 1912 licet
867 1889 956 1925 quae·

264 1928 400 1962 stioncm
413 1927 494 1962 hanc
505 1952 515 1969 ,
528 1928 602 1961 cum
616 1929 762 1962 Gerardus
775 1931 874 1972 Vosstus
893 1926 956 1960 lsa-

196 1989 301 2025 goges
312 1976 371 2011 suae
382 1989 489 2021 cap.7.
510 1989 546 2010 ac
557 1975 770 2022 sequentibus
784 2002 792 2016 ,
817 1980 852 2012 ἅτ
863 1977 956 2011 Ludo-

195 2027 361 2073 rt'ciCapeili
389 2026 625 2073 Chronologia
646 2024 735 2060 sacra
753 2027 787 2059 in
810 2027 955 2062 VValtoni

195 2077 516 2123 prolegomenispag.
528 2089 580 2111 ιο.
610 2086 739 2110 tantum
760 2076 846 2109 circa
863 2074 955 2108 illam

196 2125 338 2172 pulveris
348 2124 556 2165 concirfirinr,
568 2121 693 2159 salvant
703 2124 749 2158 illi
763 2125 956 2175 aliquandiu

195 2173 273 2209 sacti
298 2174 406 2208 textus
437 2187 450 2207 1
465 2176 554 2222 Reg.
566 2179 598 2208 6.
623 2187 653 2208 v.
667 2187 692 2208 1.
726 2176 955 2220 integritatem

198 2224 288 2271 quasi
304 2224 349 2258 ibi
363 2223 528 2271 Propheta
539 2222 580 2257 de
594 2225 685 2257 annis
697 2223 770 2258 solis
782 2223 875 2269 οἷςχῆς
885 2247 895 2262 ,
913 2222 956 2256 de

198 2274 293 2307 nullis
304 2285 417 2307 autem
429 2272 588 2318 οἱναςχιῶν,
599 2277 633 2308 &
645 2272 841 2307 servitutum
856 2271 957 2306 Israe-

200 2321 238 2355 lis
249 2335 343 2369 agere
356 2324 540 2358 instituerit,
549 2322 605 2357 sed
617 2322 798 2367 covilmjus
809 2319 957 2368 φειςμεῖκε

200 2371 418 2406 incommoda
438 2371 614 2407 sentientes
635 2395 646 2412 ‚
681 2375 817 2407 tandem
845 2369 958 2418 aperte

205 2430 275 2452 tam
291 2422 393 2461 Vossius
405 2420 505 2464 quam
517 2424 648 2467 capellus
659 2447 669 2460 ‚
686 2424 804 2456 vitium
816 2446 826 2462 ,
851 2420 959 2468 sphal-

206 2481 259 2501 ma
271 2492 281 2507 ‚
300 2480 336 2500 ac
360 2467 518 2501 mendum
536 2470 569 2502 in
589 2469 735 2504 Hebraeo
749 2482 839 2504 textu
853 2468 957 2517 profi-

206 2528 317 2551 tentur
334 2541 342 2555 ,
365 2515 567 2551 affirmantes
579 2529 639 2563 pro
649 2521 741 2551 annis
755 2520 829 2563 post
838 2519 961 2552 exitum

206 2566 455 2613 quadringentis
471 2567 659 2612 otstoginta,
674 2567 853 2613 legendum
867 2569 963 2613 quin-

209 2617 314 2662 gentis
328 2612 525 2662 odtoginta‚
541 2616 689 2661 asperum
710 2616 754 2649 est
767 2618 870 2649 totius
883 2627 965 2649 cen-

209 2665 326 2698 tenarii
341 2677 509 2698 annorum
522 2666 692 2700 additione
709 2664 964 2712 chronologiam

208 2713 329 2747 sacram
343 2726 582 2759 corrumpere3
624 2713 677 2749 scd
700 2714 806 2749 multo
826 2712 966 2762 asperius

209 2774 333 2796 textum
354 2764 547 2810 originalem
573 2762 750 2797 clarissima:
772 2765 968 2810 corruptio-

208 2813 256 2845 nis
267 2812 504 2847 condemnare.
517 2813 788 2859 Utcunque,quae
801 2825 859 2860 pro
869 2825 972 2846 enor-

211 2863 255 2893 mi
267 2861 332 2895 hoc
345 2862 464 2895 statuto
477 2860 660 2897 afferuntur
669 2873 864 2909 argumenta
875 2887 884 2900 ‚
895 2874 970 2909 per-

213 2911 406 2954 pendamus.
431 2913 477 2945 Ex
486 2910 615 2957 Jesnitis
628 2936 636 2951 ,
657 2914 783 2946 serrario
796 2938 806 2953 ,
825 2916 858 2946 &
871 2919 969 2953 Cano,

217 2960 313 3002 Vosstus
323 2960 415 2994 affert
429 2964 486 2994 tria
499 2987 508 3002 ‚
529 2966 564 2997 &
585 2961 712 3010 Capellm
731 2961 819 3010 apud
842 2964 969 2998 VValto-

217 3018 284 3039 num
295 3007 401 3055 aliqua
411 3012 514 3045 addit.

269 3058 410 3092 Primum
429 3064 510 3106 Vossii
534 3060 599 3095 hoc
620 3061 666 3095 est
687 3077 699 3103 ς
726 3062 812 3095 Anni
832 3073 869 3096 ex
880 3059 968 3096 libro

218 3103 373 3149 Jssdffcum
393 3131 403 3146 2
429 3109 585 3145 Samuelis
598 3136 607 3151 ‚
627 3115 661 3145 &
681 3113 812 3159 Regum
824 3110 968 3152 colleffi,

217 3165 379 3203 exurgunt
397 3156 436 3191 ad
462 3171 594 3194 tentum
617 3159 701 3196 ultra
719 3174 893 3197 numerum
915 3173 970 3196 ex-

1562 56 1575 78 ..
1598 51 1605 60 a

1317 84 1349 122 L
1373 96 1384 122 r
1406 97 1441 125 B.
1473 85 1500 123 1.
1684 98 1744 136 47-

986 154 1126 204 press'um
1143 167 1156 190 1
1177 158 1321 203 Reg.6.v
1341 170 1368 194 1.
1395 159 1490 206 Resp.
1506 173 1531 195 1.
1545 159 1736 206 Erfinequi-
1755 163 1885 198 corr-wic-

987 218 1095 240 remus
1112 217 1172 252 pro
1187 206 1314 251 reliqua
1329 208 1360 238 in
1374 209 1570 243 mortalibus
1581 210 1736 243 omnibus
1754 203 1893 250 '²?l²¹'²l¹’'³¹‘·

1755 254 1774 270 (ι
1792 252 1869 270 textae

1761 296 1768 313 1
1780 288 1870 322 Καρίῃ

1755 330 1808 360 νον]
1826 336 1846 352 ι.

986 256 1172 298 ignorantia
1185 279 1194 295 ,
1220 266 1324 287 annos
1337 255 1409 289 illos
1420 258 1574 296 expansos
1595 262 1626 293 in
1645 258 1737 294 li'uris

985 303 1137 349 Judicum
1154 308 1188 338 ἅ
1202 303 1294 344 alibi,
1305 316 1379 337 cum
1390 299 1515 339 {irmina
1526 311 1618 342 totali
1631 321 1644 342 1
1657 311 1680 341 R
1688 321 1736 353 cg-

987 351 1132 399 expressa
1152 353 1348 393 conciliare,
1366 365 1478 388 tamen
1493 360 1608 401 procul
1626 346 1738 391 abste&

987 401 1104 441 nobis,
1129 413 1166 436 ur
1184 401 1401 438 Sacrosandiw
1423 404 1486 437 Dei
1515 405 1617 439 verbo
1636 406 1739 442 ullum

988 449 1184 500 affingamus
1197 452 1314 484 vitium
1329 453 1379 485 :in
1393 453 1533 486 nostram
1547 457 1741 493 excitatem,

990 505 1024 535 &
1038 500 1190 534 tenebras
1199 503 1307 534 omnis
1320 500 1387 535 haec
1399 501 1476 536 faba
1488 503 1628 537 cudatur
1642 528 1651 542 ,
1671 506 1743 549 8ρίκ

990 553 1071 584 ritus
1091 548 1317 584 &dictamina
1331 552 1448 596 procul
1470 551 1574 586 absint·
1587 552 1628 586 ab
1649 555 1748 586 omni*

992 601 1086 636 vitio,
1101 597 1143 632 ab
1155 602 1248 632 omni
1263 600 1362 647 lapsu.

1045 661 1077 683 2.
1109 650 1190 694 Vossii
1207 651 1238 682 ἅτ
1257 648 1420 684 sociorum
1450 652 1618 685 correffio
1643 653 1745 685 Sacrae

995 699 1166 743 Scriptura:
1187 699 1286 731 etiam
1304 697 1481 735 secundum
1497 700 1585 747 ipsos
1598 726 1606 740 ,
1623 701 1746 735 nonest

996 746 1121 793 proba,
1136 746 1266 781 addunt
1279 750 1365 782 enim
1377 750 1471 784 illiad
1485 751 1749 798 quadringentos

998 797 1169 843 octoginta
1182 808 1285 831 annos
1297 799 1467 846 Scriptura:
1479 825 1486 839 ,
1496 801 1579 834 alios
1592 812 1664 833 non
1676 811 1751 834 tan-

998 856 1068 878 tum
1082 856 1228 884 centum,
1242 858 1397 881 numerus
1407 851 1493 882 enim
1505 848 1556 883 hic
1568 849 1671 894 justus
1684 861 1750 882 non

997 894 1054 928 est,
1064 905 1137 925 nam
1150 895 1228 925 anni
1240 893 1432 930 servitutum
1445 923 1454 937 ‚
1466 896 1543 944 ipfis
1552 897 1748 938 fatentibus,

998 939 1162 988 affurgunt
1181 942 1390 976 nontantum
1413 948 1450 979 ad
1468 958 1617 986 centum,
1634 946 1689 981 sed
1713 949 1754 983 ad

999 1000 1133 1023 centum
1149 994 1184 1024 &
1196 990 1349 1024 undecim
1365 1006 1372 1026 :
1387 997 1422 1026 δε
1434 994 1513 1027 licet
1526 1008 1582 1041 per
1595 1009 1757 1030 numero-

998 1051 1071 1073 rum
1084 1039 1363 1074 rotundationem
1385 1066 1395 1081 ‚
1425 1045 1501 1076 anni
1515 1055 1649 1078 centum
1663 1044 1755 1079 faciit}

998 1090 1130 1123 extendi
1157 1088 1280 1137 poffint
1301 1091 1339 1124 ad
1365 1102 1500 1126 centum
1528 1096 1564 1126 &
1587 1093 1757 1133 undecim,

999 1148 1111 1172 tamen
1136 1140 1308 1187 quingenti
1336 1141 1506 1188 octoginta
1535 1153 1601 1175 non
1628 1141 1758 1189 possunt

999 1185 1062 1222 ulla
1085 1190 1327 1223 rotundatione
1347 1191 1479 1224 extendi
1500 1191 1541 1225 ad
1554 1192 1760 1238 quingentos

999 1238 1186 1283 nonaginta
1200 1249 1303 1271 unum
1324 1263 1333 1278 ‚
1360 1250 1434 1272 nam
1447 1240 1504 1273 ubi
1515 1253 1672 1274 numerus
1688 1243 1760 1287 ple-

999 1298 1061 1320 nus
1078 1311 1087 1326 ,
1116 1284 1240 1325 scilicet
1265 1287 1495 1335 quadringenti
1517 1288 1565 1323 vel
1585 1290 1760 1337 quingenti

998 1335 1119 1369 liabent
1139 1334 1156 1369 a
1177 1348 1272 1383 tergo
1296 1349 1453 1372 numeros
1470 1340 1618 1373 minores
1639 1343 1673 1373 &
1693 1337 1760 1373 fra-

1001 1387 1088 1425 ἇὶος,
1097 1383 1239 1420 habendi
1250 1386 1295 1419 illi
1306 1385 1379 1420 sunt
1391 1400 1452 1433 pro
1461 1388 1552 1432 justis
1561 1393 1595 1423 &
1610 1390 1759 1435 integris,

1000 1433 1124 1480 quibus
1143 1446 1197 1480 per
1216 1436 1492 1471 rotundationem
1516 1439 1596 1473 nulli
1623 1437 1757 1485 poffunt

1001 1482 1052 1518 vel
1064 1483 1175 1522 demi,
1192 1485 1242 1518 vel
1253 1484 1332 1518 addi
1345 1484 1469 1532 absque
1479 1488 1708 1535 corruptione.

1051 1547 1084 1579 3.
1123 1534 1248 1579 Vossius,
1264 1544 1301 1568 ut
1318 1533 1481 1569 calculum
1495 1535 1587 1571 suum
1607 1536 1760 1571 stabiliat,

1005 1594 1108 1616 annos
1131 1584 1250 1630 viginti
1272 1606 1281 1620 ‚
1308 1595 1397 1628 quos
1421 1586 1590 1633 Scriptura
1615 1584 1759 1634 expresse

1003 1631 1085 1677 Jud.
1101 1638 1157 1666 16.
1175 1644 1273 1681 ψῃ.
1302 1633 1434 1679 samsoni
1449 1634 1610 1672 attribuit,
1621 1648 1659 1670 ex
1671 1636 1759 1668 sacra.

1008 1679 1242 1729 Clitonologia
1260 1681 1348 1715 delet
1361 1706 1371 1722 ,
1389 1694 1474 1728 quos
1485 1681 1507 1716 si
1519 1683 1622 1718 addas
1632 1710 1642 1726 ,
1655 1695 1692 1718 ut
1703 1685 1761 1718 ad-

1007 1730 1091 1764 dunt
1103 1742 1223 1764 omnes
1234 1757 1243 1770 ,
1262 1730 1384 1777 quibus
1396 1732 1554 1766 [acrarum
1572 1736 1763 1781 Scriptura-

1007 1792 1078 1814 rum
1099 1780 1268 1826 integritas
1280 1791 1363 1813 curae
1375 1779 1434 1821 est,
1448 1781 1570 1816 necesse
1582 1782 1628 1815 est
1646 1796 1657 1816 1
1673 1784 1761 1829 Reg.

1008 1837 1039 1864 6.
1050 1842 1080 1863 v.
1089 1841 1102 1862 1
1112 1853 1120 1859 .
1137 1827 1224 1874 legas
1237 1840 1296 1875 pro
1308 1829 1555 1876 quadringentis
1566 1832 1757 1878 ofitoginta,

1006 1890 1076 1911 non
1089 1887 1220 1910 tantum
1232 1879 1435 1926 quingentos
1454 1891 1491 1912 ac
1511 1879 1664 1915 undecim
1678 1906 1688 1922 ,
1707 1880 1762 1915 sed

1005 1928 1207 1974 quingentos
1223 1928 1357 1974 triginta
1377 1939 1481 1962 unum
1496 1953 1506 1970 ‚
1521 1929 1616 1975 quod
1639 1930 1684 1964 est
1702 1929 1763 1964 ab·

1005 1976 1177 2010 surdorum
1191 1978 1435 2010 incrementum
1449 1977 1490 2010 ab
1504 1979 1575 2024 ipso
1597 1980 1687 2023 Vossio
1700 1992 1763 2013 ne-

1005 2037 1119 2072 gatum
1137 2043 1148 2066 ,-
1170 2024 1228 2060 etsi
1238 2024 1288 2059 liic
1300 2027 1398 2059 nimis
1408 2026 1510 2073 quam
1525 2026 1669 2061 liberalis
1681 2028 1717 2062 fit
1728 2029 1763 2062 in

1007 2076 1102 2110 novis
1120 2073 1378 2109 absurditatibus
1410 2076 1567 2110 cudendis
1588 2101 1598 2116 ,
1625 2089 1702 2110 nam
1724 2089 1761 2111 ut

1009 2124 1152 2170 Samfimiae
1164 2135 1266 2158 annos
1279 2124 1396 2170 viginti
1410 2125 1441 2158 in
1459 2126 1627 2172 Scriptura
1638 2125 1765 2172 expres-

1008 2173 1060 2209 sos
1070 2186 1108 2207 ex
1121 2170 1359 2220 Chronologia
1372 2172 1593 2214 deleat‚facile
1606 2176 1764 2210 concedit

1007 2234 1126 2257 contra
1137 2224 1338 2270 Scriptutant
1351 2223 1566 2271 quadraginta
1580 2237 1686 2259 annos
1700 2226 1764 2258 ser-

1007 2274 1120 2307 vitutis
1133 2271 1309 2306 Palaestinae
1323 2273 1470 2319 restringi
1483 2272 1571 2320 poffe
1583 2274 1622 2308 ad
1635 2275 1764 2323 viginti,

1008 2325 1044 2357 δεῖ
1061 2323 1281 2370 quadraginta
1300 2334 1407 2356 annos
1424 2325 1466 2356 Eli
1481 2322 1522 2356 ad
1540 2323 1688 2358 eundem
1702 2336 1767 2356 nu-

1008 2384 1136 2405 merum
1153 2373 1354 2406 vicenarium
1373 2371 1550 2406 decurtari.
1588 2373 1676 2418 Qae
1695 2372 1763 2405 ltcec

1007 2420 1138 2456 licentia
1160 2421 1204 2456 est
1231 2421 1438 2455 authenticas
1466 2422 1648 2468 Scripturas
1676 2419 1766 2467 quasi

1010 2481 1183 2518 corruptas
1194 2494 1204 2510 ,
1221 2474 1254 2505 δε
1267 2469 1359 2505 falsas
1369 2467 1493 2511 ‚toties
1507 2469 1573 2505 fine
1584 2468 1647 2503 ulla
1658 2469 1768 2502 neces-

1012 2519 1104 2553 sitate
1115 2521 1320 2565 corrigendas
1332 2520 1506 2564 profiteri?

1061 2581 1096 2612 4.
1135 2567 1341 2601 Conciliatio
1367 2566 1562 2599 communis
1584 2576 1651 2598 tam
1679 2567 1762 2600 anti-
1789 2563 1929 2640 -Ᾰᾶῖϋ-ΡΟ

1788 2613 1837 2630 men
1852 2613 1867 2629 ’ἶ
1902 2613 1913 2630 Υ

1793 2645 1909 2671 concilia-

1013 2627 1154 2662 quorum
1168 2614 1267 2660 qua‘m'
1282 2617 1465 2649 recentium
1477 2641 1487 2657 ‚
1497 2626 1565 2648 tam
1578 2614 1770 2649 Pontificio-

1012 2662 1088 2698 rum
1111 2663 1207 2710 quam
1231 2664 1487 2699 Protcstantium
1499 2689 1508 2701 ,
1531 2664 1650 2698 nullam
1669 2665 1771 2700 habet

1792 2688 1858 2712 tione
1866 2695 1928 2712 ioris*

1016 2713 1377 2753 absurditatem,annos
1389 2715 1505 2749 scilicet
1514 2713 1703 2748 servitutum
1715 2727 1772 2748 au-
1792 2728 1866 2754 muni.

1017 2763 1243 2798 numerandos
1262 2767 1294 2798 &
1314 2761 1580 2799 exsorbcndosin
1592 2765 1683 2797 annis
1694 2777 1775 2811 pro-

1017 2816 1182 2848 >timorum
1196 2812 1351 2858 Judicum
1365 2840 1374 2854 ,
1387 2819 1431 2847 ita
1446 2826 1479 2848 ut
1492 2814 1680 2848 servitutum
1693 2816 1773 2848 anni

1019 2874 1090 2895 non
1102 2859 1162 2895 smt
1175 2861 1435 2909 Chronolofgici.
1459 2864 1519 2896 l’ro
1532 2864 1703 2898 communi
1716 2864 1775 2898 hac

1018 2911 1181 2946 solutione
1222 2909 1307 2945 vaiia
1347 2911 1526 2947 afferuntur
1561 2924 1753 2961 argumenta
1765 2938 1776 2954 ,

1019 2974 1164 3009 quorum
1178 2960 1284 3008 aliqua
1296 2965 1403 3012 paucis
1415 2963 1463 2995 liic
1476 2963 1647 3011 attingam.

1071 3013 1217 3046 Primum
1237 3025 1244 3046 :
1271 3013 1362 3045 Anni
1381 3014 1562 3059 aliq'narum
1580 3012 1774 3047 servitutum

1020 3060 1132 3108 aperte
1143 3061 1397 3096 confunduntur
1409 3074 1481 3094 cum
1495 3064 1586 3096 annis
1600 3064 1775 3107 proximo-

1019 3123 1094 3145 rum
1117 3110 1274 3158 Judicum
1302 3137 1310 3151 ,
1344 3112 1456 3146 chora
1480 3110 1627 3156 judiciiile
1654 3111 1774 3144 dicitnr

1018 3160 1166 3197 lsraelem
1187 3172 1341 3209 tempore
1360 3160 1526 3198 servitutis
1553 3163 1774 3198 Carmanitica:

1700 3209 1772 3243 Iud.
