2048 3343
1077 88 1457 129 Sacuuna.

1040 157 1217 195 surditatum
1230 171 1343 200 metas,
1357 161 1692 206 nullushaereticorum,
1708 166 1809 200 nullus

1041 209 1203 245 atheorum
1217 222 1352 258 unquam
1365 211 1535 258 provectus
1547 212 1607 247 est.

1104 258 1247 308 Qaestio
1259 261 1297 294 de
1309 259 1413 295 divina
1428 259 1618 307 simplicitate
1629 263 1730 298 multo
1746 277 1810 298 ma·
1825 280 1971 320 Qustionss

1042 310 1119 344 ximi
1141 309 1298 345 momenti
1321 308 1365 343 est
1383 310 1464 357 apud
1485 309 1677 359 Theologos
1701 325 1811 348 omnes
1826 319 1957 348 dedzvmd

1043 371 1106 394 tam
1121 358 1305 394 Pontificius
1317 383 1326 398 ‚
1354 359 1448 407 quam
1463 359 1681 395 protestantes.
1720 363 1810 397 Dum
1818 360 1982 399 fimphcitate

1045 410 1197 455 explicant
1208 409 1343 442 divinam
1357 419 1498 442 naturam
1510 433 1521 449 ,
1546 410 1691 445 attributa
1703 413 1811 446 omnia
1826 410 1937 428 momen-

592 89 1009 127 Dtarxrntt

251 161 425 197 versitate&
439 159 668 208 compositione
682 160 802 200 divina,
815 159 853 195 ad
864 160 1003 195 volunta-

252 214 291 246 tis
303 211 388 245 aftus
402 223 466 244 non
477 211 514 244 ad
528 207 620 256 ipsam
635 207 809 244 facultatem
822 207 849 244 sc
866 207 1004 247 confert,

253 265 283 296 δι
292 261 324 294 in
337 261 457 294 affibus
469 259 506 294 ad
518 261 638 293 decreta
646 258 763 293 tantum
772 257 928 307 confugit,
941 272 1007 293 non

253 311 374 357 attingit
391 308 563 343 consilium.
595 309 655 343 Sed
675 322 710 343 ea
723 309 934 357 Pftudojustini
952 310 1006 343 de-

252 361 366 394 mentia
385 358 429 392 est
447 383 457 398 ,
491 370 525 393 ut
547 356 736 406 sophismatis
759 356 816 392 suis
843 359 1007 394 conclude-

252 422 285 442 re
313 409 426 442 nitatur
450 409 563 442 realem
592 407 794 442 differentiam
813 432 824 448 ‚
854 421 920 442 non
941 419 1007 443 tan-

249 106 305 131 110

1826 448 1889 470 lum·

96 1464 220 1496 opponens

93 1500 125 1525 ab
137 1500 192 1526 urdi
195 1509 221 1526 or

98 1540 191 1574 Vorstio.

252 458 318 491 tum
332 457 411 491 inter
423 455 576 491 essentiam
592 461 622 492 &
637 458 740 491 astum
758 457 940 497 voluntatis,
959 456 1009 491 sed

253 508 333 541 inter
351 507 505 541 essentiam
518 531 528 546 ‚
554 510 585 541 &
599 505 692 554 ipsam
707 507 871 542 voluntatis
883 505 1008 539 faculta-

251 567 328 591 tem.
351 557 428 589 Tria
441 557 472 589 in
484 557 561 590 Deo
573 557 680 604 aequali
688 556 820 590 realitate
828 552 941 589 diversa
950 567 1009 601 po-

253 607 316 645 nit,
333 604 501 641 essentiam,
516 606 720 640 voluntatem,
739 609 770 639 &
784 604 871 637 velle.
897 606 1010 638 Praete-

254 656 304 689 rea
317 652 426 688 fatetur
439 655 564 700 Vorftius
577 653 856 688 divinaevoluntatis
864 652 950 687 aCms
959 665 1010 687 ne-

253 703 412 739 cessarios,
438 706 490 749 qui
507 716 564 751 pro
578 704 710 747 objeffl)
723 701 819 749 ipsum
833 704 941 737 Deum
955 701 1010 736 ha-

254 754 345 790 bent,
359 754 397 787 ab
408 753 529 786 essentia
543 752 660 785 realiter
672 764 738 785 non
752 750 890 787 differre,
909 752 1011 799 itaque

255 802 283 837 se
296 815 422 850 arguere
443 801 605 848 profitetur
625 801 741 834 realem
759 800 961 836 diversitatem
973 801 1011 834 ab

255 850 375 886 essentia
395 850 495 886 divina
507 850 627 884 tantum
642 851 768 884 actuum
786 851 950 885 voluntatis
974 851 1011 884 li-

255 901 417 935 berorum,
435 900 489 947 qui
502 901 533 933 in
541 910 709 940 creaturas,
726 904 757 935 &
767 900 1014 945 objedhextrin-

256 947 320 984 seca
332 947 470 983 feruntur
485 962 493 983 :
515 950 703 984 contrarium
717 948 839 997 prorsus
859 951 1014 984 tramitem

257 998 366 1033 insistit
383 997 498 1046 spurius
511 999 631 1033 auctor.
672 1000 773 1048 Qod
790 1000 826 1034 ad
845 1000 1014 1047 genuinum

258 1050 368 1083 attinet
381 1047 546 1097 Juffinum,
560 1049 648 1096 pauci
661 1060 779 1096 patrum
793 1061 900 1083 contra
913 1048 1016 1094 Vorstii

258 1096 435 1144 sphalmata,
458 1099 567 1132 divina:
580 1097 708 1132 essentiae
722 1099 886 1139 unitatem,
902 1104 933 1133 &
947 1112 1016 1146 per-

258 1146 400 1181 sonarum
414 1148 593 1183 trinitatem,
606 1140 714 1182 divina:
730 1147 897 1182 substantiae
911 1149 1017 1182 omni-

258 1194 446 1243 praesentiam
457 1221 465 1233 ,
486 1197 704 1230 omnimodam
717 1196 940 1244 simplicitatem
954 1221 962 1234 ,
986 1202 1017 1232 &

258 1246 540 1280 immutabilitatem
548 1244 686 1280 disertius
695 1270 706 1286 ,
719 1247 853 1294 plenius,
873 1251 905 1282 &
912 1247 1018 1282 clarius

261 1294 402 1329 asserunt.

316 1345 420 1392 Pergit
440 1346 616 1392 Opponens
641 1344 672 1378 in
695 1342 910 1379 constituenda
936 1357 1019 1393 quae-

260 1391 360 1427 stione
377 1408 386 1428 :

315 1442 551 1483 Controversia,
575 1443 691 1490 inquit,
710 1443 748 1477 de
762 1443 866 1480 divina
878 1443 1020 1491 simplici-

260 1503 321 1526 tate
334 1491 484 1536 ejusmodi
497 1492 552 1531 est,
567 1504 599 1527 ut
612 1494 711 1540 quivis
724 1494 755 1526 in
768 1495 803 1527 ea
817 1493 869 1527 suo
883 1491 963 1527 sensu
978 1492 1019 1528 se-

261 1541 333 1575 cure
346 1540 435 1588 posiit
448 1541 619 1581 abundare,
633 1547 662 1576 δι’
677 1544 819 1577 utramvis
832 1554 947 1589 partem
961 1542 1023 1578 sine

262 1593 345 1625 noxa
363 1591 461 1625 tueri:
483 1604 553 1625 nam
572 1591 764 1638 simplicitas,
789 1597 819 1627 &
833 1592 1022 1640 compositio

261 1641 385 1674 termini
402 1639 467 1675 sunt
480 1640 697 1689 Metaphysici,
724 1645 756 1677 &
769 1641 890 1676 obscuri
903 1667 915 1682 ‚
939 1654 1022 1677 tran-

261 1687 437 1724 scendentes
452 1692 532 1738 vulgi
545 1702 684 1739 captum,
710 1704 791 1739 quos
804 1693 955 1740 Scriptura
968 1706 1022 1728 ne-

262 1752 323 1787 que
336 1738 445 1774 diserte
456 1739 600 1778 affirmat,
621 1754 678 1776 nec
691 1752 792 1789 negat.

309 1787 403 1836 Resp.
429 1791 585 1838 Loquitur
598 1792 776 1839 Opponens
789 1791 945 1832 absolute,
959 1804 1023 1826 non

261 1837 300 1872 de
312 1842 394 1874 certa
407 1838 605 1888 simplicitatis
620 1839 730 1888 specie,
744 1842 846 1890 itaque
859 1840 1022 1877 secundum

261 1890 327 1932 ejus
341 1888 462 1928 dictata,
473 1890 577 1923 licebit
589 1891 684 1924 cuivis
697 1887 808 1938 absque
821 1891 971 1939 periculo,
986 1904 1023 1925 o-

262 1950 369 1972 mnem
383 1939 460 1972 Deo
473 1937 696 1986 simplicitatem
708 1938 844 1980 auferre,
871 1944 1026 1989 &quam-

262 1986 340 2022 libet
352 1987 614 2034 compositionem
627 1987 789 2036 affingere,
806 1991 898 2025 etiam
909 2003 947 2025 ex
960 2003 1025 2025 ma-

265 2037 342 2072 teria
355 2040 385 2071 &
397 2034 521 2076 forma,
537 2050 572 2071 ex
583 2050 695 2085 genere
708 2043 739 2073 &
752 2038 936 2080 differentia,
950 2044 981 2075 δι
990 2053 1026 2075 cx

265 2086 401 2133 partibus
415 2087 651 2135 integrantibu33
667 2085 949 2137 superatdiscipulus
958 2093 1027 2126 Ma-

1046 455 1144 491 facerc
1164 454 1262 491 solent
1281 457 1400 491 realiter
1419 458 1499 492 inter
1515 456 1544 492 se
1563 471 1659 494 unum
1681 461 1811 496 &idem

1045 518 1118 540 cum
1139 504 1289 546 essentia3
1314 509 1345 540 δι
1365 507 1445 540 inter
1463 507 1608 543 attributa
1625 509 1810 557 fimplicitati

1047 556 1181 602 primum
1193 551 1325 601 persaepe
1337 554 1443 589 locum
1455 554 1603 592 ascribant
1616 582 1627 598 ,
1652 558 1727 594 hinc
1740 561 1811 594 uni-

1046 616 1109 644 tas,
1128 602 1316 644 infinitudo,
1336 605 1579 646 immutabilitas,
1592 607 1811 656 omnipraesen-

1046 654 1088 688 tia
1097 677 1106 691 ,
1135 657 1166 689 δι
1180 653 1235 687 alia
1247 654 1343 687 multa
1360 651 1525 688 secundum
1539 655 1708 693 humanum
1719 659 1812 693 intel-

1047 704 1161 751 ligendi
1173 702 1303 737 modum
1315 701 1426 744 fluunt,
1439 703 1625 751 dependent,
1640 707 1813 742 &demon-

1048 753 1184 787 strantur.
1211 753 1324 788 Videat
1336 765 1501 800 opponens
1513 752 1582 789 suos
1595 754 1646 790 hic
1654 758 1811 797 auctores,

1050 801 1194 847 Vorstium
1201 825 1210 838 ,
1223 805 1405 836 Arminium
1412 827 1420 840 ‚
1434 801 1612 850 Jackgonum
1620 830 1629 842 ‚
1647 806 1812 852 Scheilfur-

1050 852 1138 887 dnm,
1162 855 1194 886 &
1212 852 1288 885 alios
1312 850 1402 896 hujus
1421 850 1534 888 farinae.
1568 854 1718 903 Qisquis
1735 856 1813 891 divi-

1051 914 1123 935 nam
1135 899 1359 947 simplicitatem
1372 901 1421 937 vel
1433 902 1585 937 tantillum
1603 905 1703 946 laedir,
1727 916 1812 940 eate-

1052 964 1108 985 nus
1122 951 1228 984 omnia
1247 950 1391 985 attributa
1409 950 1507 987 laedit‚
1528 951 1645 1000 ipsique
1658 955 1753 990 radici
1764 955 1812 990 di-

1052 1002 1128 1036 vinae
1141 998 1269 1034 effentiae
1280 999 1388 1035 vulnus
1400 998 1539 1047 infligere
1552 1013 1692 1037 conatur.

1100 1051 1209 1084 Unum
1222 1048 1342 1097 insuper
1355 1048 1486 1096 sphalma
1499 1061 1578 1085 noto
1589 1052 1621 1086 in
1633 1053 1814 1100 Opponen-

1053 1110 1083 1133 te
1096 1100 1175 1133 circa
1188 1098 1365 1147 quaestionis
1376 1098 1503 1139 statum,
1526 1100 1614 1148 quod
1626 1102 1812 1149 multiplicet

1054 1147 1170 1188 thesin,
1195 1155 1226 1183 δι
1246 1159 1424 1197 argumenta
1442 1160 1508 1182 non
1521 1151 1652 1197 applicet
1666 1152 1704 1185 ad
1718 1164 1815 1186 unum

1056 1209 1190 1234 certum,
1208 1198 1281 1232 hinc
1300 1197 1335 1232 fit
1350 1208 1382 1232 ut
1394 1198 1537 1245 perplexa
1550 1198 1676 1239 σίμεθυδεὶᾳ
1687 1211 1770 1240 extra
1778 1214 1815 1236 o-

1059 1248 1119 1281 leas
1135 1245 1300 1281 necessario
1316 1247 1511 1295 digrediatur.
1549 1247 1716 1284 Profitetur
1727 1249 1815 1285 insti-

1057 1308 1158 1331 tutum
1170 1293 1255 1331 suum
1269 1297 1421 1343 probandi
1430 1296 1815 1345 compositioneminDeo

1060 1359 1096 1380 ex
1108 1345 1247 1391 subjecto
1259 1351 1290 1381 &
1303 1346 1527 1383 accidentibus,
1542 1347 1614 1382 inde
1624 1349 1768 1384 dilabitur
1779 1348 1818 1384 ad

1058 1395 1299 1444 oppugnandum
1316 1396 1471 1442 vulgatum
1492 1397 1632 1434 axioma,
1655 1398 1821 1448 Qicquid

1058 1445 1094 1491 est
1110 1450 1142 1478 in
1153 1448 1234 1485 Deo,
1253 1449 1336 1478 Deus
1352 1444 1402 1488 est,
1425 1457 1526 1491 neque
1543 1445 1594 1479 hic
1605 1446 1772 1482 consistens
1785 1448 1818 1482 in

1059 1496 1209 1542 aliquibus
1221 1494 1406 1541 argumentis
1416 1517 1427 1532 ,
1439 1494 1572 1528 divinam
1584 1507 1648 1528 non
1657 1496 1818 1543 composi-

1060 1545 1180 1579 tionem
1193 1569 1203 1584 ,
1230 1543 1279 1577 sed
1298 1541 1535 1578 mutabilitatem
1554 1545 1721 1580 concludit.
1746 1548 1820 1579 Ma-

1059 1607 1116 1642 gna
1129 1593 1194 1628 haec
1209 1592 1252 1627 est
1268 1595 1365 1632 οέπιξιᾰ.
1393 1589 1579 1639 Disputandi
1594 1593 1678 1642 leges
1689 1596 1821 1643 permit-

1059 1655 1127 1678 tunt
1149 1641 1350 1691 Opponentis
1363 1653 1540 1689 argumenta
1553 1644 1698 1692 pleraque
1710 1646 1821 1690 rejice-

1061 1706 1110 1733 re,
1131 1703 1240 1741 utpote
1262 1688 1475 1726 transvolantia
1488 1692 1614 1742 scopum
1627 1717 1636 1730 ‚
1656 1707 1714 1729 nec
1726 1695 1820 1728 attin-

1061 1744 1162 1790 gentia
1190 1741 1368 1790 quaestionis
1392 1742 1557 1789 punctum.
1592 1743 1653 1778 Sed
1675 1743 1821 1779 cedemus

1062 1793 1170 1827 stridto
1183 1795 1266 1837 jure,
1288 1803 1389 1839 eoque
1405 1792 1565 1833 libentius,
1589 1793 1678 1840 quod
1695 1806 1763 1842 quae
1776 1791 1823 1828 af-

1063 1841 1120 1877 fert
1128 1844 1305 1889 Opponens
1312 1842 1418 1876 omnia
1425 1854 1463 1876 ex
1471 1843 1576 1887 Vbrstio
1586 1841 1742 1890 desumpta
1749 1842 1817 1879 sint,

1062 1896 1094 1927 &
1107 1893 1145 1927 ab
1158 1892 1285 1926 auctore
1297 1915 1306 1928 ,
1330 1891 1362 1924 in
1380 1892 1506 1938 aliquod
1526 1891 1630 1927 saltem
1642 1893 1822 1928 divinorum

1063 1942 1283 1976 attributorum
1299 1940 1333 1974 ea
1346 1942 1491 1988 pravitate
1504 1942 1635 1979 dire&a‚
1648 1953 1681 1976 ut
1694 1941 1823 1989 respon-

1063 1992 1134 2026 dere
1147 1991 1182 2026 sit
1193 2003 1295 2039 operae
1306 1991 1438 2038 pretium
1455 2004 1463 2031 ;
1484 1993 1614 2038 nequod
1627 1992 1711 2026 istius
1724 1991 1824 2026 haere-

1064 2040 1183 2076 siarchae
1204 2050 1388 2076 venenatum
1407 2041 1504 2075 telum
1518 2052 1630 2077 tenerae
1647 2040 1824 2089 cujusquam

1065 2092 1162 2125 menti
1180 2090 1310 2125 infixum
1325 2101 1508 2137 permaneat.

267 2135 406 2183 gistrum,
417 2136 470 2168 ista
483 2149 547 2169 non
560 2136 643 2171 ausus
656 2136 700 2170 est
714 2139 858 2173 basibus.
882 2140 1026 2174 Omnem

266 2187 299 2217 in
314 2185 390 2219 Deo
410 2184 633 2230 simplicitatem
648 2199 758 2233 negare
778 2185 805 2221 se
819 2201 883 2221 non
897 2188 1026 2235 profite—

264 2244 312 2267 tur
327 2246 334 2265 :
360 2245 418 2278 pro
431 2233 511 2266 certfi
524 2234 642 2268 tantum
656 2236 894 2281 compositionis
908 2237 1025 2283 specie,

1117 2144 1198 2191 Qae
1219 2141 1312 2187 primi
1330 2141 1501 2187 argumenti
1521 2140 1596 2174 loco
1612 2134 1730 2184 profert
1752 2138 1825 2184 Op·
1840 2154 1935 2177 Contra
1943 2151 1994 2177 D„-

1064 2203 1185 2237 ponens
1210 2191 1242 2223 in
1264 2188 1342 2222 hanc
1362 2190 1500 2232 conjicio
1520 2188 1656 2221 sormam
1675 2201 1683 2221 :
1709 2187 1825 2222 Divina
1834 2189 1988 2228 fimplicita-

1065 2239 1184 2271 decreta
1195 2261 1205 2275 ,
1222 2238 1347 2270 Eleffio
1357 2235 1485 2275 scilicet,
1503 2240 1533 2271 &
1553 2236 1753 2282 Reprobatio
1760 2249 1825 2270 non
1840 2238 1986 2297 {galasiu-

98 2406 242 2443 Opponentis

89 2446 149 2483 Μ’)
156 2445 212 2481 'sm

98 2486 248 2514 retunditur.

263 2295 299 2316 ex
312 2279 453 2326 subjctsto
467 2282 612 2316 nimirum
634 2286 666 2316 &
679 2285 905 2322 accidentibus,
925 2296 985 2330 prae
998 2283 1026 2317 se

263 2329 322 2366 fert
336 2331 533 2365 contendere.

313 2381 414 2428 Qod
428 2379 463 2413 ad
478 2380 679 2425 Opponentis
693 2390 919 2427 argumentum,
929 2392 1027 2428 quan-

265 2429 287 2463 ti
302 2429 448 2477 ponderis
462 2428 506 2468 sit,
519 2430 619 2462 videte
633 2430 663 2462 in
677 2431 751 2476 pari.
780 2429 924 2473 Persona,
937 2433 1027 2463 trmi·

265 2490 321 2519 tas,
335 2478 462 2522 essentia,
481 2478 605 2512 termini
619 2478 685 2513 sunt
698 2476 822 2517 scholae,
843 2480 875 2512 in
890 2479 939 2514 sua
953 2480 1024 2513 inti-

264 2532 316 2564 ma
329 2531 434 2564 natura
451 2526 621 2574 superantes
633 2528 716 2575 vulgi
729 2540 850 2575 captum
866 2542 876 2569 ;
894 2529 931 2563 ad
943 2541 1024 2576 quo-

264 2590 332 2612 rum
351 2575 520 2625 perfectam
540 2577 682 2611 notitiam
696 2578 762 2624 plus
778 2577 908 2624 Physicae
920 2602 931 2618 ,
953 2582 1024 2614 Ma-

263 2627 444 2666 thematicae,
459 2625 674 2672 Metaphysicae
688 2628 868 2674 requiritur,
882 2627 977 2674 quam
989 2627 1025 2661 ad

262 2677 444 2723 capiendum
454 2676 529 2722 quid
545 2675 578 2709 sir
591 2675 715 2722 simplex
725 2681 756 2710 δι
765 2677 985 2723 compositum,
994 2681 1025 2712 &

263 2723 426 2760 secundum
438 2726 666 2772 Opponentem
680 2726 832 2772 Scriptura
844 2725 919 2759 nihil
933 2724 1024 2759 diser-

262 2776 321 2809 tius
335 2776 373 2809 de
386 2774 614 2820 personalitate,
635 2774 769 2808 trinitate
779 2798 787 2810 ‚
814 2773 938 2810 essenti-5³
950 2775 1026 2810 divi-

262 2827 317 2860 na,
341 2825 433 2872 quam
447 2825 485 2858 de
498 2823 687 2870 simplicitate
700 2822 840 2857 affirmat.
877 2825 964 2858 Num
977 2836 1026 2858 er-

262 2885 305 2920 go
319 2873 501 2920 quaestiones
514 2885 624 2906 omnes
637 2873 674 2907 de
688 2874 855 2912 Trinitate‚
868 2873 906 2907 de
919 2872 1024 2920 perso-

262 2924 309 2955 nis
322 2923 468 2956 omnibus
479 2947 487 2959 ,
505 2923 599 2956 etiam
612 2922 650 2956 de
663 2920 786 2956 essentia
798 2934 858 2956 tam
871 2922 944 2956 levis
954 2936 1025 2956 mo-

264 2973 360 3005 menti
375 2969 499 3011 fuerint,
512 2982 545 3005 ut
558 2984 663 3018 parum
677 2969 786 3005 referat
794 2984 886 3020 quam
898 2970 1025 3019 quisque

267 3021 521 3055 contradictionis
539 3031 655 3068 partem
676 3021 755 3054 iniis
770 3024 914 3055 tueatur?
938 3022 1026 3055 Num

267 3080 377 3102 omnes
389 3069 442 3103 suo
451 3068 531 3103 sensu
539 3070 735 3117 permittendi
745 3067 810 3105 sunt
821 3070 859 3104 eo
871 3068 964 3118 usque
974 3069 1026 3104 ab·

267 3118 399 3156 undare,
416 3130 449 3151 ut
462 3119 574 3152 divinas
588 3118 740 3165 personas,
753 3131 786 3153 ut
801 3120 980 3159 trinitatem,
994 3130 1027 3154 ut

268 3163 359 3214 ipsam
373 3167 436 3201 Dei
449 3167 601 3202 essentiam
612 3168 788 3216 abnegent?
812 3170 900 3204 Ultra
907 3168 960 3204 has
973 3169 1028 3204 ab-

1066 2284 1131 2318 sunt
1154 2286 1244 2318 Deus
1254 2307 1264 2323 ‚
1290 2284 1339 2318 sed
1359 2285 1527 2318 accidentia
1542 2298 1551 2324 ;
1577 2286 1716 2319 actiones
1732 2286 1824 2319 nimi-

1065 2345 1133 2366 rum
1153 2331 1339 2366 transeuntes
1356 2332 1393 2366 ad
1406 2343 1555 2367 creaturas
1574 2347 1582 2367 :
1614 2335 1714 2381 Atqui
1727 2335 1827 2369 divina

1064 2381 1184 2416 decreta
1198 2379 1265 2415 sunt
1275 2381 1388 2429 aliquid
1401 2382 1433 2415 in
1447 2383 1541 2417 Deo:
1555 2384 1644 2431 Ergo
1653 2382 1697 2418 est
1710 2384 1825 2431 aliquid

1064 2432 1095 2464 in
1115 2432 1192 2465 Deo
1213 2430 1299 2478 quod
1315 2443 1379 2465 non
1398 2431 1442 2465 est
1460 2433 1550 2466 Deus
1564 2457 1574 2472 ,
1604 2431 1653 2467 sed
1672 2433 1825 2468 accidens.

1064 2481 1197 2526 Majoris
1214 2481 1280 2515 duae
1293 2478 1360 2514 sunt
1372 2492 1491 2527 partes3
1515 2482 1602 2529 prior
1614 2482 1762 2529 probatur
1775 2495 1823 2517 ra-

1063 2532 1151 2565 tione
1163 2530 1293 2578 duplici,
1308 2530 1428 2577 primo,
1441 2530 1462 2565 fi
1478 2531 1597 2566 decreta
1607 2531 1701 2567 essent
1713 2533 1802 2566 Deus
1811 2556 1822 2571 ,

1064 2591 1131 2614 turn
1145 2579 1287 2614 darentur
1301 2580 1390 2613 multi
1406 2603 1414 2615 ‚
1438 2584 1471 2615 &
1483 2581 1630 2615 contrarii
1645 2581 1725 2616 Dii:
1750 2594 1821 2616 nam

1063 2631 1183 2664 decreta
1200 2627 1268 2663 sunt
1281 2629 1374 2663 multa
1387 2633 1418 2664 &
1432 2630 1598 2664 contraria:
1612 2632 1656 2666 At
1667 2630 1821 2678 posterius

1062 2677 1239 2713 absurdum:
1254 2679 1341 2725 Ergo
1355 2678 1474 2713 decreta
1487 2680 1552 2713 Dei
1565 2692 1630 2713 non
1641 2678 1707 2714 sunt
1718 2681 1819 2714 Deus.

1110 2727 1265 2762 Secundo.
1289 2729 1426 2762 Decreta
1438 2729 1504 2763 Dei
1517 2729 1611 2762 libera
1623 2727 1689 2763 sunt
1700 2733 1732 2764 &
1744 2741 1821 2763 con-

1062 2777 1210 2824 tingentia
1218 2790 1286 2825 quae
1298 2788 1465 2823 potuerunt
1479 2790 1544 2812 non
1558 2776 1659 2812 fuisse:
1677 2783 1721 2812 At
1728 2779 1818 2811 Deus

1063 2826 1107 2860 est
1121 2839 1175 2861 ens
1188 2825 1386 2861 necessarium
1403 2842 1411 2862 :
1432 2840 1503 2861 nam
1524 2827 1707 2874 impossibile
1724 2826 1768 2860 est
1786 2838 1820 2861 ut

1064 2878 1155 2910 Deus
1168 2888 1231 2910 non
1245 2873 1351 2910 fuerit:
1371 2878 1470 2924 Ergo.
1494 2875 1702 2912 Posteriorem
1714 2876 1820 2922 primae

1064 2926 1198 2968 Maioris
1211 2935 1346 2970 partem,
1361 2925 1448 2972 quod
1464 2925 1583 2959 decreta
1596 2925 1660 2958 Dei
1672 2924 1728 2958 sint
1740 2926 1821 2959 acci-

1063 2974 1180 3009 dentia,
1195 2973 1235 3007 sic
1245 2973 1367 3021 probat.
1394 2976 1501 3008 Omne
1508 2985 1561 3008 ens
1575 2974 1654 3008 reale
1661 2974 1748 3022 quod
1755 2987 1821 3007 non

1064 3021 1108 3056 est
1121 3021 1283 3057 substantia
1305 3021 1349 3056 est
1367 3023 1507 3056 accidens
1524 3037 1532 3057 ε
1556 3024 1600 3057 At
1617 3022 1737 3058 decreta
1755 3022 1821 3057 sunt

1064 3073 1145 3106 entia
1156 3073 1260 3108 realia,
1273 3083 1330 3105 nec
1345 3069 1530 3112 substantiae,
1550 3084 1621 3106 nam
1634 3073 1737 3106 omnis
1749 3072 1821 3106 sub-

1063 3120 1170 3156 stantia
1180 3120 1225 3155 est
1237 3121 1283 3156 vel
1295 3121 1402 3161 Deus,
1424 3122 1469 3157 vel
1486 3122 1584 3168 aliqua
1603 3133 1736 3156 creatura
1751 3120 1821 3157 vere

1064 3170 1214 3206 existens:
1235 3171 1320 3218 atqui
1335 3171 1457 3206 decreta
1470 3183 1534 3206 non
1548 3169 1615 3206 sunt
1632 3173 1721 3206 Deus
1734 3195 1744 3210 ‚
1763 3181 1821 3204 nec

1703 3229 1820 3254 creatu-

1837 2311 1956 2348 primum.
