2048 3343
158 1368 234 1391 Sexta
244 1360 272 1388 de

154 1407 294 1435 ,Artaxer-

156 1447 197 1472 xis
210 1447 277 1471 Lm-

151 1486 289 1523 gimanise-

156 1528 232 1565 ptimo
246 1526 279 1559 est

154 1566 286 1600 'verisimil-

157 1607 222 1635 lima.

310 111 387 144 174
667 92 1510 132 OPER18H15TOR101

353 171 431 204 Hoc
449 165 701 203 incommodum
712 164 829 201 salvare
840 174 1000 200 conantur
1013 177 1060 195 ‹to-

310 221 362 263 φῷ
372 220 467 254 nimis
477 216 616 262 Africani
631 215 793 261 φαρμάκῳ,
812 214 941 250 Danielis
959 225 1061 266 annos

312 279 513 316 exponentes
533 266 572 300 de
586 265 770 300 Lunaribus
791 277 860 298 non
884 263 1059 298 Solaribus.

314 320 475 352 Lunarem
492 314 606 351 volunt
633 316 737 349 Solari
765 315 927 349 minorem
946 310 1060 346 diebus

312 367 466 402 undecim
478 390 489 405 ,
511 367 568 414 qui
580 368 613 399 in
622 364 868 412 quadringentis
883 362 1062 408 nonaginta

312 417 351 451 ad
360 416 511 451 tredecim
524 427 625 450 annos
639 425 842 461 perveniunt.
869 412 933 446 Sed
944 410 1062 445 admit-

311 465 408 500 tenda
419 478 487 500 non
506 464 550 499 est
566 464 632 499 haec
643 464 814 498 medicina
826 487 836 502 ‚
863 461 1019 507 nusquam
1031 470 1062 491 e-

313 518 382 549 nim
405 518 435 550 S.
450 516 610 560 Scriptura
629 516 771 548 Lunares
796 523 898 545 annos
917 508 1061 563 usurpat,

314 566 389 598 licet
400 563 524 598 menses
543 566 683 609 Lunares
693 561 782 608 saepe.
807 559 898 592 Anni
911 556 1064 612 hiLuna-

313 628 360 649 res
371 611 489 661 absque
506 613 754 647 intercalatione
774 610 807 641 in
829 617 937 652 paucis
955 617 1061 639 anno—

313 677 384 698 rum
415 664 566 698 centuriis
588 660 707 694 Pascha
729 658 767 690 de
799 668 872 690 vere
893 658 927 690 in
957 656 1065 688 Autu-

313 726 442 749 mnum,
456 709 668 746 Pentecosten
679 707 717 741 de
727 705 845 751 AEstate
859 705 893 739 in
909 704 1063 750 hyemem

312 760 510 799 transferret,
537 757 661 792 &sacra
680 757 795 790 omnia
806 766 992 800 temporum
1009 754 1063 787 so-

309 813 417 846 lennia
435 819 549 843 contra
574 804 756 854 expressum
783 805 847 838 Dei
873 802 1064 837 mandatum

311 856 536 894 conturbaret.
567 858 665 891 Certe
680 879 689 893 ‚
704 853 726 887 fi
750 857 864 896 Lyrano
877 856 908 887 &
929 850 1065 885 Galatmo

311 906 571 956 utrique-Judaeo
581 930 590 943 ‚
609 904 706 939 fidem
719 903 930 937 adhibeamus
939 925 948 938 ‚
960 900 1063 947 Judaei

311 970 480 1005 nunquam
492 957 585 990 annis
598 952 778 989 Lunaribus
789 952 831 986 usi
843 951 936 986 sunt:
965 955 997 984 ὃ(
1010 964 1064 985 ve·

311 1008 349 1043 ro
369 1009 555 1054 quicunque
573 1006 715 1038 Lunares
731 1014 834 1037 annos
856 999 1062 1045 usurparunt,

311 1058 437 1104 semper
458 1053 601 1089 secundo
628 1063 682 1087 aut
704 1053 801 1086 tertio
827 1061 962 1099 quoque
978 1062 1064 1084 anno

311 1119 369 1155 per
380 1103 618 1140 embolismum
630 1102 954 1136 &intercalationem
967 1101 1063 1134 unius

311 1155 429 1190 mensis
440 1157 600 1188 Lunarem
615 1164 691 1186 cum
713 1152 816 1185 solari
836 1148 1041 1197 coaequarunt
1053 1172 1062 1187 ‚

311 1208 357 1240 ita
369 1216 402 1239 ut
412 1214 608 1251 unaquaeque
619 1200 825 1235 hebdomada
835 1211 994 1234 annorum
1008 1201 1064 1233 So-

310 1256 428 1289 larium
441 1265 515 1287 cum
529 1250 732 1286 hebdomada
751 1251 926 1285 Lunarium
946 1248 1066 1283 necesse

312 1302 609 1342 fueritconvenire.

363 1352 507 1396 Rejeetis
518 1354 584 1396 jam
597 1349 666 1384 aliis
680 1349 827 1396 quinque
838 1359 983 1382 remanet
999 1346 1064 1382 sex-

315 1413 347 1436 ta
369 1401 536 1437 sententia.
571 1401 667 1433 Hanc
689 1410 904 1445 propugnant
925 1410 962 1432 ex
983 1400 1065 1431 anti-

314 1453 406 1500 quis,
429 1450 451 1485 si
470 1448 596 1485 Nicolao
616 1444 772 1483 Abraham
783 1446 1016 1494 Jesuitae'doffim
1029 1450 1063 1481 &

314 1501 485 1548 eloquenti
497 1498 693 1534 credendum
707 1522 718 1537 ,
745 1496 864 1540 Baſsum
877 1521 888 1536 ‚
908 1496 1062 1542 Eusebius,

314 1552 394 1599 (qui
406 1547 617 1597 plureshabet
627 1547 821 1588 sententias)
841 1545 1002 1584 adunus,
1029 1550 1061 1580 &

315 1613 352 1634 ex
363 1599 479 1634 nostris
496 1595 647 1631 Gualterus
656 1619 665 1632 ‚
686 1595 867 1644 Bullingerus
881 1620 891 1636 ‚
907 1596 1043 1630 Funccim
1055 1620 1063 1634 ,

317 1646 518 1685 Bucholcenffi
526 1645 669 1694 Capellae,
680 1643 835 1686 Helw'cus,
847 1649 877 1679 δι
886 1657 924 1678 ex
936 1643 1065 1690 Jesuitis

316 1698 468 1733 Cornelius
478 1697 494 1730 ὰ
507 1696 618 1743 Lapide
627 1721 642 1739 ,⁸
659 1693 789 1728 Sanffius
801 1718 811 1731 ,
826 1694 972 1728 Henricus
989 1691 1063 1728 Pht-

314 1749 382 1797 lippi
392 1739 404 1790 ‚¹
419 1748 537 1783 Tirinus
552 1771 562 1787 ,
590 1750 622 1780 &
641 1742 783 1778 Mcolaus
797 1740 959 1779 Abraham,
984 1745 1064 1778 Eam

314 1812 385 1833 non
396 1810 477 1845 opus
494 1796 537 1831 est
549 1796 618 1830 aliis
628 1795 826 1841 argumentis
843 1793 1048 1828 statuminare
1057 1818 1066 1830 ‚

315 1861 414 1897 quam
435 1860 475 1881 eo
492 1858 560 1879 uno
580 1858 646 1891 quo
664 1855 789 1878 caeteras
813 1855 929 1876 omnes
948 1845 1066 1877 everti-

316 1909 409 1932 mus:
438 1895 591 1943 quadrare
603 1892 802 1927 sciliceteam
812 1891 912 1926 solam
924 1905 998 1927 cum
1011 1893 1067 1927 de—

316 1944 407 1981 cursu
419 1956 619 1990 temporum.
646 1944 676 1976 A
687 1939 827 1989 septimo
836 1942 1019 1977 Artaxerxis
1030 1941 1069 1976 ad

317 1993 459 2037 Christum
472 1991 595 2040 praeciie
603 1991 768 2025 fluxerunt
776 1990 980 2039 septuaginta
989 1992 1067 2026 heb-

316 2043 462 2079 domadae
482 2053 642 2077 annorum
670 2039 723 2075 seu
742 2043 819 2075 anni
840 2041 1068 2090 quadringenti

316 2094 500 2140 nonaginta
512 2114 522 2127 ,
548 2103 584 2125 ut
602 2089 712 2138 paffim
728 2088 873 2125 fatentur
884 2103 1001 2126 omnes
1012 2093 1069 2140 qui

272 2150 276 2154 '
316 2142 441 2187 scriptis
462 2140 615 2174 humanis
640 2140 741 2173 ullam
768 2139 866 2174 fidem
885 2140 1064 2182 adhibent,

165 2397 221 2425 ,χίιι
231 2398 250 2422 S
252 2405 275 2421 e-

162 2438 237 2473 ptimo

163 2480 302 2505 alt-taxer-

163 2519 203 2544 :xis
211 2518 281 2544 ullam

163 2558 265 2585 edzflum
274 2556 301 2584 de

160 2600 292 2632 restauran-

163 2638 203 2665 dis
211 2641 300 2668 Htero-

156 2679 263 2723 ftly-mis.

164 2723 230 2759 ij.
252 2731 271 2748 1.

320 2192 442 2238 quique
452 2199 570 2222 veteres
582 2187 758 2221 Chaldaeos
772 2210 782 2223 ‚
800 2189 937 2223 Graecos
948 2214 958 2228 ‚
977 2192 1068 2223 Lati-

318 2252 380 2275 nos
390 2263 399 2279 ,
415 2237 617 2274 Historicos‚
639 2238 669 2268 &
681 2235 918 2282 Chronologos
928 2236 1069 2270 omnino

319 2301 436 2324 omnes
457 2296 570 2320 contra
588 2287 719 2318 Parrum
735 2283 885 2318 Ecclefiae
911 2285 1008 2319 etiam
1028 2297 1068 2319 o-

320 2340 446 2372 mnium
460 2345 603 2369 mentem
615 2331 684 2368 falsi
693 2333 813 2367 nolunt
823 2331 979 2368 accusare.

371 2385 474 2431 Qod
495 2395 608 2418 contra
636 2382 810 2424 objiciatur
830 2381 911 2416 nihil
932 2383 1070 2417 invenio
1091 2398 1092 2401 ¹

322 2435 525 2470 consideratu
533 2431 872 2482 dignum,praeterhoe
885 2444 987 2466 unum
1002 2430 1072 2465 satis

323 2498 419 2533 grave
435 2483 572 2517 dubium
592 2497 604 2523 ς
627 2481 844 2516 hebdomadas
869 2482 1010 2528 incipere
1031 2480 1072 2515 ab

324 2535 433 2570 edisto
444 2533 481 2567 dc
492 2530 724 2566 reaedificandis
733 2529 989 2577 Hierosolymis:
1011 2532 1072 2564 At-

323 2585 425 2632 quiin
445 2582 623 2616 Artaxerxis
633 2577 770 2627 septimo
789 2581 913 2615 nullum
931 2579 1073 2614 edictum

323 2635 461 2681 legimus
473 2632 511 2665 de
521 2628 737 2664 reaedificanda
749 2628 840 2662 urbe.

370 2680 464 2728 Resp.
491 2680 651 2714 Auctores
670 2678 831 2712 nominati
851 2678 934 2711 varia
954 2675 1006 2710 hic
1024 2690 1070 2711 re-

323 2731 498 2780 spondent.
524 2726 655 2767 Primo,
673 2727 814 2760 edietum
834 2727 1013 2760 Artaxerxis
1029 2724 1073 2760 se-

323 2784 429 2830 ptimo
445 2779 535 2826 Efilrae
546 2773 726 2812 concessum
740 2801 750 2815 ‚
773 2775 848 2810 licet
859 2773 1072 2810 reaedificandi

322 2832 436 2877 templi
447 2829 650 2863 mentionem
660 2824 828 2872 expressam
840 2823 920 2859 ferat
930 2849 938 2864 ‚
950 2827 1074 2872 impor-

323 2892 389 2914 tare
399 2891 509 2913 tamen
522 2882 552 2911 &
565 2873 846 2911 reaedificationem
857 2874 958 2915 urbis,·
975 2884 1073 2922 prout

324 2930 466 2963 edietum
478 2926 541 2970 Cyn‘
556 2939 576 2960 2
589 2926 720 2960 Chron.
734 2929 789 2970 36.
801 2928 830 2958 ὃ(
844 2921 945 2958 Esdrae
958 2935 987 2956 1.
998 2924 1073 2957 licet

326 2980 482 3025 templum
502 2974 606 3010 solum
628 2975 800 3010 nominet,
827 2984 938 3007 tamen
959 2972 1072 3006 urbem

326 3028 423 3060 ctiam
446 3023 616 3060 necessario
631 3023 875 3069 subintelligere
891 3045 898 3058 .
922 3033 1020 3070 prout
1033 3034 1072 3055 ex

326 3072 391 3106 lsai.
403 3086 459 3118 44.
472 3088 501 3109 v.
517 3077 569 3107 28.
591 3078 622 3108 δέ
639 3087 678 3108 ex
701 3072 805 3107 Esdrae
815 3082 847 3116 4.
859 3084 886 3106 v.
903 3084 913 3102 1
927 3085 957 3105 z.
979 3072 1073 3118 liqui-

327 3120 371 3154 do
386 3133 480 3167 patet.
509 3123 579 3156 Ubi
591 3120 763 3158 secundum
785 3120 853 3163 Cyri
868 3120 1009 3155 edidium
1019 3120 1074 3167 Ju-

323 3170 381 3205 daei
397 3183 466 3205 non
478 3169 603 3205 tantum
614 3173 788 3219 templum,
798 3170 846 3207 sed
860 3174 890 3206 &
904 3170 989 3205 urbis
1002 3181 1074 3205 rnu-

1109 175 1160 198 ros
1170 161 1323 198 aedificare
1333 175 1510 210 coeperunt.
1539 167 1637 202 Certe
1653 170 1710 216 qui
1720 168 1772 204 dat
1782 169 1855 205 effe,

1110 213 1184 247 dare
1196 214 1292 247 etiam
1307 213 1479 247 censendus
1504 215 1548 248 est
1569 217 1797 265 consequentia
1817 218 1858 252 ad

1109 261 1179 302 effe,
1192 264 1248 310 qui
1266 263 1406 297 decrevit
1421 262 1534 303 finem3
1545 262 1735 312 supponitur
1747 269 1860 303 decre-

1109 308 1182 345 visse
1191 313 1294 346 media
1305 310 1471 347 necessaria
1481 313 1519 347 ad
1532 312 1640 349 finem.
1669 319 1770 355 Cyrus,
1786 319 1861 350 Da-

1108 362 1163 394 rius
1173 386 1181 399 ,
1195 364 1396 396 «Artaxerxes
1405 364 1459 410 qni
1472 363 1618 411 expressis
1631 364 1736 399 verbis
1746 364 1784 398 ad
1795 365 1860 399 Dei

1111 410 1235 449 cultum
1257 412 1418 458 templum
1442 412 1680 461 Hierosolymis
1709 412 1862 449 aedificari

1111 457 1302 493 inandcitunt
1312 484 1322 500 ,
1337 460 1538 508 supponendi
1549 463 1623 497 sunt
1635 463 1750 500 urbem
1761 464 1861 498 etiam

1112 505 1263 541 aedificari
1278 509 1406 544 voluisse
1419 535 1429 551 ,
1443 524 1515 544 nam
1529 511 1586 545 nisi
1598 512 1670 545 urbs
1685 515 1719 546 δε
1729 526 1764 547 ea
1774 525 1864 559 quo-

1112 569 1177 603 que
1187 559 1311 591 munita
1323 583 1332 598 ,
1357 570 1422 593 tem
1430 561 1518 606 plum
1529 560 1790 601 circumstitiffet,
1802 564 1862 595 Sa-

1111 605 1259 641 cerdotes
1268 611 1299 641 &
1310 609 1520 655 PopulusDei
1532 610 1758 657 cultor‚ne.que
1769 623 1864 645 com-

1113 655 1249 690 modum
1262 670 1369 704 neque
1380 655 1526 692 securum
1544 658 1584 692 ab
1596 658 1743 694 hostibus
1751 659 1866 694 domi-

1112 706 1223 739 cilium
1236 705 1430 747 habuissent,
1450 708 1514 742 sme
1525 708 1641 757 quibus
1653 711 1813 756 templum
1824 723 1864 745 eo

1109 754 1175 788 loci
1188 754 1289 789 fuisset
1299 753 1513 792 frustraneum
1527 762 1558 792 a&
1570 771 1669 805 parvo
1681 759 1763 795 usui.

1161 803 1312 838 Praeterea
1324 806 1427 852 Estiras
1446 805 1463 840 Ξι
1473 808 1563 854 Rege
1580 808 1654 841 tulit
1665 821 1764 843 omne
1773 809 1865 843 suurn

1112 851 1309 897 postulatum
1323 878 1332 892 ,
1346 857 1378 887 in
1391 867 1458 901 quo
1467 857 1579 901 quidni
1589 857 1677 891 urbis
1688 857 1864 892 aedificatio

1113 912 1270 935 contenta
1289 900 1348 936 iit?
1377 904 1466 937 Cum
1483 906 1643 951 templum
1655 907 1711 941 diu
1722 919 1795 942 ante
1806 908 1864 942 ab·

1113 949 1255 985 solutum
1276 949 1326 984 fit.
1361 951 1490 987 Prolixe
1504 961 1510 968 ·
1526 953 1664 988 Nicolaus
1687 955 1861 992 eAbmham

1110 1000 1416 1047 Hierosolymorum
1462 1001 1709 1039 aedificationem
1752 1005 1861 1041 referri

1112 1049 1228 1096 probat
1249 1050 1287 1084 ad
1315 1051 1481 1085 civitatem
1507 1052 1630 1087 civibus
1652 1054 1835 1101 replendam
1850 1081 1861 1096 ‚

1112 1099 1202 1146 quod
1214 1099 1254 1134 ab
1275 1099 1364 1146 Efflrd
1376 1125 1385 1140 ,
1402 1099 1579 1136 secundum
1596 1105 1782 1138 Artaxerxis
1794 1105 1864 1139 edi-

1110 1149 1200 1182 stum
1213 1153 1244 1183 ἃ
1255 1148 1390 1183 Danielis
1403 1151 1607 1197 Prophetiam
1622 1176 1631 1192 ,
1643 1153 1771 1201 egregie
1785 1167 1864 1201 prae-

1112 1198 1223 1232 stitum
1235 1198 1358 1232 constat
1376 1212 1384 1238 ;
1406 1200 1557 1234 Nehemiae
1568 1213 1676 1235 autem
1691 1214 1862 1237 murorum

1112 1249 1350 1282 extructionem
1362 1262 1430 1283 non
1442 1261 1508 1284 tam
1519 1250 1556 1284 ad
1569 1251 1655 1284 urbis
1665 1250 1841 1287 aedificatio
1850 1273 1864 1280 -

1114 1309 1188 1332 nem
1202 1310 1299 1344 quam
1315 1301 1536 1335 munitionem
1549 1300 1689 1348 spectare
1702 1303 1790 1338 vult,
1801 1302 1864 1348 quai

1112 1359 1179 1381 non
1192 1344 1320 1381 tantum
1339 1348 1433 1383 urbes
1444 1374 1454 1389 ‚
1475 1349 1529 1384 sed
1546 1349 1770 1396 potentissimae
1781 1354 1864 1386 civi-

1111 1407 1193 1430 tates
1209 1397 1420 1435 Lacedaemon
1434 1402 1466 1432 ὃ(
1479 1398 1615 1434 Athenae
1627 1402 1660 1434 in
1672 1399 1798 1435 summa
1812 1401 1864 1436 sua

1109 1444 1213 1493 gloria
1232 1459 1359 1481 caruere
1381 1459 1389 1479 τ
1415 1448 1504 1482 Licet
1530 1448 1700 1483 verisimile
1718 1451 1864 1485 videatur

1111 1497 1232 1539 Esdram
1242 1496 1345 1529 muris
1358 1497 1454 1530 etiam
1463 1498 1773 1544 Hierosolymorum
1782 1511 1866 1533 con-

1108 1544 1265 1579 struendis
1286 1544 1462 1580 incubuisse
1479 1560 1488 1580 ε
1514 1558 1590 1580 nam
1609 1548 1785 1593 plurimum
1804 1561 1865 1595 pe-

1109 1596 1212 1629 cunia:
1221 1598 1253 1628 δέ
1265 1592 1468 1630 commeatus
1478 1608 1545 1630 non
1558 1595 1685 1630 tantum
1698 1597 1735 1631 ad
1745 1597 1866 1632 sactifi-

1110 1645 1159 1678 cia
1170 1669 1179 1683 ,
1199 1642 1250 1678 sed
1263 1644 1300 1678 ad
1312 1657 1396 1692 quos
1406 1643 1534 1692 insuper
1546 1646 1675 1680 volebat
1688 1647 1758 1681 usus
1769 1660 1863 1682 acce-

1110 1703 1199 1741 perat
1210 1717 1218 1729 ,
1236 1706 1388 1741 magnam
1402 1696 1499 1728 etiam
1521 1695 1695 1730 hominum
1709 1697 1864 1731 multitu-

1108 1744 1217 1777 dinem
1244 1742 1350 1777 secum
1378 1743 1545 1780 adduxerat
1566 1756 1603 1779 ut
1628 1745 1866 1793 Hierosolymis

1109 1792 1291 1827 habitarent
1305 1818 1316 1833 ‚
1343 1793 1536 1839 potestatem
1560 1796 1656 1830 etiam
1685 1796 1797 1830 mestus
1816 1795 1864 1830 est

1112 1842 1317 1890 Magistratus
1335 1844 1445 1877 civiles
1466 1843 1682 1878 constituendi
1705 1846 1864 1878 Hieroso-

1112 1894 1208 1940 lymis
1220 1896 1252 1926 &
1266 1905 1319 1939 per
1330 1902 1437 1926 totam
1446 1891 1604 1940 Judaeam,
1616 1895 1671 1940 qui
1684 1892 1790 1928 sontes
1800 1906 1863 1940 pu·-

1112 1944 1231 1978 nirent‚
1243 1943 1293 1977 vel
1304 1952 1411 1976 morte
1421 1965 1432 1979 ‚
1442 1943 1494 1977 vel
1502 1944 1614 1981 exilio,
1627 1943 1678 1977 vel
1687 1941 1796 1978 bonis,
1804 1955 1865 1989 pto

1113 1993 1268 2041 qualitate
1283 1990 1416 2025 delia-i:
1441 1995 1474 2026 ὃ(
1485 1990 1563 2027 vero
1581 1992 1614 2025 in
1632 1990 1695 2026 suis
1705 1991 1745 2026 ad
1753 1992 1865 2026 Deum

1114 2041 1263 2088 precibus
1283 2038 1431 2089 agnoscit
1455 2040 1567 2076 datum
1594 2039 1684 2076 fuiffe
1702 2042 1829 2088 populo
1847 2040 1866 2074 a

1114 2094 1191 2126 Deo
1204 2103 1335 2125 murum
1347 2089 1596 2138 Hiero-solymis-

1160 2139 1288 2174 Tertio.
1310 2137 1868 2186 Muri&portaequaetantoperelu-
1929 2152 1955 2185 3ss

1115 2201 1171 2235 get
1191 2189 1350 2221 destructa
1365 2184 1541 2225 Nehemiaa,
1554 2192 1634 2220 'non
1654 2185 1870 2221 videnturista

1115 2248 1184 2282 quae
1205 2231 1465 2271 Nebuchadnezar
1483 2235 1537 2269 diu
1552 2246 1626 2270 ante
1643 2234 1789 2271 senatum
1813 2236 1870 2269 de-

1116 2284 1269 2318 struxerat
1283 2307 1292 2320 ‚
1319 2282 1371 2318 sed
1390 2285 1450 2318 alia
1461 2283 1623 2319 recentius
1636 2286 1783 2320 extruc'ta
1800 2297 1870 2332 quae

1117 2332 1306 2379 Judaeorum
1317 2331 1423 2368 hostes
1433 2346 1535 2380 nuper
1546 2345 1736 2370 everterant.

1175 2380 1320 2424 Quarto.
1359 2384 1567 2430 Excogitavit
1593 2384 1679 2417 aliud
1715 2382 1868 2418 callidum
1931 2402 1956 2425 4.

1119 2442 1345 2466 commentum
1358 2432 1499 2466 Gerardus
1509 2437 1672 2472 Mercator,
1684 2432 1774 2480 quod
1785 2431 1868 2466 diss-
1888 2432 1988 2478 Pdarf'l

1120 2482 1244 2515 mulato
1254 2482 1382 2515 auftore
1390 2482 1538 2526 plurimis
1547 2484 1688 2517 inculcat
1697 2486 1812 2515 iterum
1822 2492 1870 2515 at·
1887 2483 1922 2540 ΙΨ,
1932 2477 2009 2540 N1bco-

1119 2543 1182 2577 que
1194 2531 1307 2565 iterum
1315 2529 1430 2577 Jesuita
1440 2532 1588 2571 Petavius5
1598 2530 1686 2577 quali
1697 2539 1870 2565 Artaxerxes
1890 2518 2021 2582 lxxi?-

1118 2580 1289 2627 geminum
1303 2580 1456 2614 habuisset
1476 2581 1630 2626 regnandi
1647 2581 1844 2627 principium
1860 2603 1869 2616 ‚
1888 2594 1977 2632 duplari

1119 2630 1253 2662 alterum
1265 2628 1586 2669 Xerxisduodecimm
1598 2631 1639 2664 ita
1651 2640 1685 2663 ut
1695 2642 1768 2664 cum
1781 2640 1868 2676 patre
1887 2639 1983 2666 ,Arra-

1120 2677 1212 2711 simul
1237 2679 1419 2724 regnaverit
1442 2680 1536 2712 annis
1561 2680 1673 2713 decern
1690 2703 1700 2719 ,
1730 2680 1867 2713 alterum
1889 2678 1989 2723 “erxsfi

1118 2726 1193 2773 post
1212 2730 1308 2772 patris
1323 2739 1478 2762 mortem.
1506 2728 1566 2762 Per
1580 2728 1666 2763 hunc
1675 2739 1866 2773 computum
1884 2725 2002 2755 prmcrpm

1120 2776 1319 2811 eArtaxerxis
1338 2776 1503 2810 vicefimus
1525 2781 1555 2811 δι
1577 2778 1720 2811 decimus
1745 2778 1869 2811 coinci-
1885 2768 2000 2826 22⁰3:

1118 2825 1208 2860 dent.
1236 2824 1346 2866 Quam
1358 2824 1454 2860 facile
1465 2825 1651 2860 estinventis
1662 2824 1795 2859 addere?
1807 2827 1871 2860 Nc·
1889 2827 1952 2867 mim.

1119 2874 1211 2909 colaus
1222 2873 1379 2908 Abraham
1390 2876 1584 2920 pronunciat
1597 2876 1798 2908 Artaxerxem
1809 2887 1868 2909 an-

1119 2925 1168 2957 nis
1182 2922 1370 2970 quindecim
1388 2923 1482 2956 simul
1503 2935 1576 2956 cum
1602 2923 1693 2958 Patre
1712 2927 1809 2958 Xerxe
1819 2937 1873 2958 re-

1114 2970 1223 3020 ·gnxiffe
1239 2995 1248 3009 ‚
1272 2971 1356 3017 quasi
1372 2978 1478 3005 Xerxes
1499 2973 1531 3005 in
1549 2972 1709 3008 Graeciam
1733 2986 1871 3008 movens

1120 3034 1206 3055 anno
1223 3021 1280 3053 suo
1303 3021 1420 3066 quinto
1445 3022 1649 3055 Artaxerxem
1675 3022 1779 3057 filium
1800 3034 1869 3057 tum

1121 3070 1277 3117 temporis
1289 3070 1450 3116 collegam
1467 3071 1499 3103 in
1511 3072 1648 3117 imperio
1662 3071 1852 3107 nominfisset
1863 3097 1871 3109 ,

1121 3119 1179 3154 hac
1199 3119 1321 3153 ratione
1340 3120 1537 3154 ess'rtaxerxis
1558 3122 1726 3156 vicesimus
1745 3121 1871 3155 coinci-

1121 3169 1172 3203 det
1189 3180 1262 3203 cum
1279 3165 1335 3202 suo
1348 3169 1467 3215 quinto
1477 3182 1542 3217 quo
1555 3173 1700 3218 regnavit
1710 3168 1816 3251 sclina,
1836 3173 1867 3202 ὃς

1770 3233 1775 3251 1
1808 3229 1867 3251 an-
