2048 3343
22 33 24 47 i

428 89 493 117 ετ
550 78 1236 117 CultoNoLooxcr

22 147 156 201 *indefinito
186 159 223 193 δε
248 152 323 190 verb
349 154 381 189 in
410 153 473 188 isto
499 153 671 189 intervallo
696 149 804 186 multo
830 150 939 197 plures

1292 78 1411 118 L113.
1440 81 1469 119 1.
1663 86 1737 128 163

992 152 1083 198 ginta
1094 150 1342 194 duas&unam;
1369 166 1437 189 non
1455 155 1559 203 plures
1580 168 1638 192 nec
1656 169 1740 205 pau-

31 208 122 246 accipit-
183 204 283 254 qudm
292 203 548 253 quadringentos
559 202 741 248 nonaginta
749 211 852 234 annos
862 210 940 244 prae-
989 202 1100 236 ciores.

184 253 282 290 cisum
325 252 605 288 hebdomadarum
634 250 773 296 spatium
814 244 939 280 fluxiffc
1034 246 1163 285 Tertio‘.
1192 250 1426 296 Tempusillud
1436 251 1478 286 cst
1492 265 1615 290 certum
1635 258 1666 289 &
1686 258 1742 291 de-

184 313 391 351 compertum
412 302 553 339 habens,
579 309 707 333 novum
730 299 764 330 δε
785 293 802 330 ὲ
819 293 850 330 se
864 294 937 329 solo
987 295 1117 333 finitum
1130 298 1243 346 ‚quod
1254 300 1397 347 Angelus
1407 302 1569 347 ptaecisum
1582 303 1741 339 &dcl-ini.

182 354 294 388 tritum
317 352 431 387 callem
450 349 604 397 ingressus
620 345 664 381 est
683 359 692 380 ε
715 344 936 380 hebdomadas
986 356 1054 380 tum
1081 347 1228 395 expressis
1255 348 1371 384 verbis·
1388 350 1536 396 appellat.
1572 354 1633 388 Sed
1657 355 1738 389 tales

181 412 346 450 exponens
357 399 395 433 de
413 410 559 445 tempore
571 397 662 430 nullo
674 405 763 430 certo
776 398 807 429 δι
821 393 937 429 defini·
982 395 1054 430 sunt
1066 395 1268 445 septuaginta
1277 397 1500 438 hebdommiae,
1512 400 1589 435 vers.
1596 403 1740 446 24.heb-

182 462 240 491 105
260 448 480 496 quodcunque
493 446 623 481 tandem
634 444 652 478 εὶ
662 451 735 494 Cyro
746 444 784 478 ad
796 443 938 490 Meffiam
986 445 1130 480 domadae
1144 443 1348 494 septuaginta
1361 447 1472 482 decisae
1483 448 1565 484 sunt.
1591 451 1676 492 Noni
1687 466 1740 487 ur—

183 500 322 535 fluxerit.
344 501 380 532 In
396 496 461 532 hoc
477 494 732 531 demonstrando
755 495 890 528 multam
904 497 936 527 δε
985 494 1387 543 gemus·figiiificationem
1408 499 1497 532 vocis
1511 500 1720 546 inoiprimam
1731 523 1742 538 ,

179 550 290 584 seriam
302 560 431 595 operam
445 547 524 581 totis
535 544 587 580 sex
601 544 862 591 praeleffionibus
875 555 936 590 po·
980 544 1162 593 praescindere
1178 569 1189 586 ‚
1217 545 1362 580 decurtare
1379 572 1389 587 ‚
1410 551 1442 581 &
1460 546 1630 583 abbreviare
1647 574 1657 590 ‚
1677 563 1739 584 un-

180 600 251 634 nit:
266 599 320 647 qui
332 595 441 645 postea
450 595 687 631 contradixerit
699 595 868 628 neminem
883 595 936 627 in—
986 594 1026 628 de
1048 594 1205 641 Africanus
1222 619 1231 634 ,
1259 598 1290 630 &
1307 595 1379 644 post
1399 608 1473 631 eum
1495 598 1626 632 Pererius
1642 603 1673 634 δι
1685 600 1740 633 alii

178 649 276 684 venio
287 657 399 696 praeter
408 645 551 681 nostruin
563 641 739 691 Nisbetum,
751 642 851 691 quiid
861 643 936 688 qui·
986 642 1080 677 multi
1101 643 1305 679 concludunt
1327 657 1433 681 veram
1459 645 1739 684 abbreviationem

179 697 252 732 dem
265 698 390 744 paucis,
407 694 457 730 sed
469 720 479 736 ‚
496 706 532 729 ut
545 693 627 728 mihi
637 693 765 728 videtur
778 715 787 729 ‚
802 690 891 726 recte
903 694 935 725 &
984 705 1147 728 annorum
1171 691 1322 729 solarium
1343 721 1353 734 ,
1395 708 1576 745 eorumque
1609 708 1742 733 contra-

181 744 278 782 solide
288 771 298 786 ‚
311 745 333 781 si
344 745 424 794 quid
435 746 519 780 aliud
532 745 565 778 in
576 753 651 778 toto
663 741 721 777 suo
734 753 845 788 opere,
859 753 936 788 prae-
984 743 1130 777 &ionem
1159 743 1192 776 in
1231 745 1372 779 Lunares
1389 769 1399 785 ,
1439 745 1555 781 diebus
1590 747 1742 781 undecim

184 796 256 835 stat.
280 797 427 831 Tantum
463 792 610 829 desidero
646 792 736 839 quod
762 789 936 825 Reinoldum
984 789 1141 826 solaribus
1157 793 1323 828 minores:
1350 794 1434 829 unde
1454 797 1487 830 in
1511 794 1580 831 totz'i
1590 797 1744 845 quadrin-

184 841 290 893 ipsum
302 846 486 892 praetcriens
497 854 572 879 cum
584 845 652 886 ejus
667 840 824 886 discipulo
837 841 937 873 ‘Pem-
984 853 1159 888 gentorum
1194 846 1373 889 nonaginta
1421 857 1585 880 annorum
1619 845 1742 880 summa

179 894 238 930 lelio
262 904 453 942 excerpente
482 893 522 928 de
548 889 696 937 Magistri
720 890 935 937 praeleffioni-
984 890 1169 937 quindecim
1190 890 1398 927 decurrantur
1414 918 1422 931 ,
1458 897 1492 928 δε
1511 895 1744 943 quadringenti

180 943 240 979 bus
259 942 552 992 compendiolum‚
580 939 737 986 disputare
762 951 823 984 prae
839 937 869 970 se
886 935 935 970 fe-
983 940 1167 986 nonaginta
1192 940 1226 972 in
1253 940 1515 988 quadringentos
1540 943 1744 993 septuaginta

183 1005 245 1028 rat.
258 995 349 1028 Num
362 1003 471 1027 autem
483 986 668 1041 Brightontts
678 988 853 1032 quicquam
864 984 935 1032 post
983 988 1126 1034 quinque
1143 998 1321 1022 mutantur.
1353 989 1395 1023 Et
1415 989 1494 1024 vero
1512 994 1619 1026 Paraeus
1633 1007 1670 1028 ex
1686 1007 1744 1029 eo-

183 1042 286 1077 editas
320 1040 456 1077 Reinoldi
494 1038 714 1088 praelectiones
746 1033 934 1082 scripserit,
984 1037 1057 1071 dem
1069 1035 1251 1086 significato
1262 1037 1551 1087 uniusseptimanae
1562 1041 1741 1078 dimidium

185 1094 318 1141 ignoro.
981 1086 1107 1120 abradit
1119 1099 1127 1124 ς
1147 1084 1370 1134 contraquam
1383 1091 1450 1133 ejus
1464 1088 1656 1125 adversarius
1669 1095 1745 1125 Sca-

17 1145 126 1174 *comm
236 1142 363 1176 Contra
388 1136 525 1172 Reinoldi
549 1132 744 1170 sententiam
772 1132 813 1166 fic
838 1144 934 1180 argu-
981 1134 1003 1169 li
1026 1135 1119 1176 er‚ad
1129 1137 1267 1170 totalem
1277 1135 1482 1184 septuaginta
1492 1137 1741 1176 hebdomadum

17 1183 131 1233 {reginol-
184 1199 316 1226 mentor
326 1184 446 1234 primo.
471 1187 637 1220 Numerus
649 1185 702 1217 ille
721 1181 765 1217 cst
781 1190 887 1215 certus
902 1184 934 1215 &
980 1183 1140 1220 summam
1153 1186 1248 1220 unius
1264 1184 1480 1222 hebdomadae
1499 1187 1671 1224 dimidium
1685 1203 1745 1225 an-

16 1225 95 1304 41'2}
118 1274 129 1293 Ι
181 1236 335 1273 definitus
347 1247 446 1282 quem
463 1235 602 1282 Spiritus
613 1231 676 1282 ipse
688 1231 819 1267 Sanetus
834 1232 868 1265 in
880 1243 936 1266 va-
981 1247 1042 1269 nos
1055 1246 1120 1270 tres
1140 1247 1217 1269 cum
1237 1233 1359 1271 semiffe
1370 1235 1538 1272 addendos
1550 1237 1721 1274 arbitratur
1734 1258 1744 1280 ς

16 1313 19 1326 Ι

181 1289 225 1323 ria
235 1284 384 1322 membra
394 1283 569 1324 distribuit,
580 1288 612 1318 ἅτ
625 1282 771 1330 unicuiq3
781 1280 934 1315 membro

179 1337 280 1372 varias
292 1333 437 1371 historias
447 1332 596 1381 affignat3
607 1332 747 1368 fatemur
756 1329 935 1378 aliquando

177 1384 345 1422 definitam
356 1395 518 1419 annorum
529 1383 690 1419 summam
702 1395 764 1429 pro
782 1378 936 1414 indefini-

175 1434 206 1470 ta
222 1432 394 1471 necessario
411 1433 631 1481 accipiendam
646 1457 656 1473 ,
682 1430 735 1468 sed
750 1431 806 1467 ubi
817 1441 935 1464 nume-

176 1498 230 1522 rus
239 1483 392 1520 definitus
409 1483 564 1519 dividitur
573 1485 606 1518 in
618 1493 721 1532 partes
736 1510 745 1523 ,
761 1485 791 1516 &
803 1479 934 1528 fingulae

178 1544 285 1584 partes
296 1534 495 1581 applicantur
514 1534 553 1568 ad
564 1531 684 1569 diversa
695 1533 728 1566 in
747 1531 786 1566 iis
799 1540 932 1576 tempo-

179 1586 222 1618 ris
234 1583 374 1631 partibus
386 1593 499 1617 eventa
509 1609 520 1624 ,
545 1596 585 1618 ea
594 1582 720 1617 summa
733 1593 793 1629 pro
812 1577 932 1614 incerta

178 1636 211 1668 δε
223 1630 390 1667 indefinita
400 1644 467 1666 non
478 1634 582 1678 potest
601 1633 712 1679 accipi.
735 1633 815 1666 Haec
826 1637 940 1664 autem*

178 1681 337 1730 praeseutis
351 1681 481 1716 summae
500 1682 544 1716 cst
560 1682 724 1717 conditio.
760 1681 850 1714 Cum
864 1680 933 1713 An-

177 1733 270 1780 gelus
280 1745 317 1766 εκ
326 1732 389 1766 Dei
400 1729 519 1778 praescri
524 1741 579 1779 pto
592 1729 795 1778 septuaginta
805 1727 934 1763 hebdo-

180 1781 292 1819 madas
305 1782 340 1815 in
359 1780 481 1827 septem
502 1780 664 1827 sexaginta
689 1780 765 1814 duas
785 1781 815 1811 δι
833 1790 931 1812 unam

182 1830 309 1866 dividat
318 1856 326 1868 ‚
340 1829 484 1877 quidque
495 1828 646 1864 futurum
656 1826 731 1863 effer
741 1830 775 1863 in
787 1826 934 1875 singulis,

180 1878 292 1915 saltem
312 1880 345 1913 in
362 1877 496 1914 secunda
513 1883 545 1915 δι’
563 1877 678 1914 ultim&
697 1890 787 1927 parte
805 1875 933 1925 prolixe

181 1928 329 1965 edoceat.

227 1976 388 2013 Secundo.
421 1978 568 2028 Tempus
586 1978 668 2015 illud
696 1978 740 2015 est
761 1989 885 2014 certum
898 1981 932 2012 δέ

179 2026 372 2069 definitum,
386 2032 477 2074 cujus
490 2031 686 2078 principium
700 2054 710 2070 ‚
722 2029 868 2064 medium
879 2052 890 2068 ,
901 2030 933 2062 &

185 2076 261 2113 finis
272 2077 289 2112 ὲ
299 2079 375 2112 Deo
385 2076 606 2114 definiuntur:
635 2081 740 2126 Atqui
753 2078 936 2126 septuagin-

179 2137 213 2162 ta
224 2126 506 2162 hebdomadarum
525 2129 744 2176 principium,
771 2132 804 2162 &
823 2126 898 2161 finis
918 2125 937 2160 a

178 2177 258 2212 Deo
279 2175 354 2212 sunt
373 2175 518 2212 definita.
546 2178 700 2213 Fatentur
716 2180 805 2212 enim
821 2189 936 2211 omnes

179 2225 290 2273 &ipse
308 2226 465 2262 Reinoldus
483 2228 582 2262 etiam
595 2251 605 2266 ‚
624 2228 766 2274 incipere
778 2226 842 2260 hoc
853 2237 938 2259 tem-

181 2287 240 2321 pus
260 2274 300 2310 ab
313 2277 403 2310 exitu
421 2277 511 2312 verbi
522 2277 561 2311 de
574 2275 768 2311 aedificandis
779 2274 936 2309 Hieroso-

181 2324 284 2369 lymis.
312 2326 442 2372 Magnae
464 2326 596 2372 quidem
622 2327 696 2360 lites
720 2323 795 2359 sunt
805 2325 844 2358 de
863 2322 936 2359 vera

183 2371 359 2406 verborum
372 2375 503 2408 istorum
517 2373 773 2423 significatione3
783 2373 833 2407 sed
845 2373 936 2419 quod

182 2432 308 2455 certum
321 2423 800 2469 principiumhcbdomadarum
812 2435 852 2457 eo
861 2420 937 2456 cha-

181 2470 301 2504 rat‘kere
313 2472 406 2505 Deus
421 2471 621 2519 insigniverit
635 2495 644 2508 ,
669 2471 776 2506 nullus
791 2484 935 2518 unquam

180 2518 352 2553 dubitavit.
369 2521 421 2554 *Et
442 2520 520 2555 vero
534 2520 693 2556 Reinoldus
705 2519 841 2555 verbum
860 2520 937 2554 illud

182 2579 245 2616 pro
258 2568 470 2612 Cyridecrcto
490 2572 652 2617 accipiens
672 2597 680 2608 ,
712 2568 936 2604 hebdomada-

182 2630 255 2652 rum
266 2620 460 2666 principium
477 2621 511 2654 in
531 2620 600 2666 Cyri
610 2623 717 2667 primo
734 2620 784 2654 vel
794 2617 936 2652 secundo

183 2666 354 2715 figendum
366 2668 509 2704 credidit.
538 2669 643 2717 Qod
655 2669 694 2703 ad
704 2679 812 2704 carum
822 2665 936 2703 finem,

183 2716 260 2750 licet
269 2716 444 2752 differentia
455 2716 525 2752 satis
535 2731 652 2765 magna
664 2719 700 2753 sit
713 2719 751 2753 de
764 2719 856 2751 annis
870 2717 935 2750 nati

188 2768 222 2799 &
233 2768 352 2800 mortui
365 2764 483 2811 christi,
496 2767 738 2815 excisarumquc
748 2766 939 2811 Hierosoly-

188 2825 310 2850 marum
323 2818 466 2863 primum
478 2816 496 2850 d
505 2818 575 2851 Tito
585 2828 620 2851 ac
633 2815 739 2863 postea
749 2815 789 2848 ab
804 2814 937 2848 Hadria—

982 1296 1046 1319 nos
1071 1294 1199 1320 tantum
1227 1297 1380 1333 urgemus
1404 1284 1576 1322 secundam
1596 1290 1685 1323 vocis
1705 1289 1745 1324 si-

981 1333 1246 1381 gnificationem,
1258 1347 1327 1370 non
1338 1332 1447 1370 mimis
1457 1339 1620 1383 propriam
1632 1342 1665 1373 &
1675 1351 1743 1374 ma-

980 1385 1030 1430 gis
1041 1385 1206 1432 vulgatam
1216 1382 1315 1431 quam
1328 1386 1466 1431 primam
1477 1409 1487 1426 ‚
1497 1386 1743 1430 dfinirestatue-

980 1433 1244 1474 re‚determinare‚
1261 1430 1336 1469 cum
1348 1435 1439 1469 Deus
1448 1435 1536 1470 dicat
1553 1435 1741 1473 hebdom-2

981 1482 1036 1517 das
1055 1483 1125 1518 istas
1144 1480 1291 1518 definitas
1310 1487 1342 1518 &
1360 1483 1611 1527 determinatas,
1639 1500 1740 1522 nemo

983 1532 1079 1569 debet
1088 1530 1650 1571 easindefinitas&indeterminatas
1659 1549 1740 1573 con-

981 1581 1122 1620 stituere.
1284 1593 1289 1595 ‘

1031 1633 1137 1675 Quod
1148 1631 1314 1682 distinguit
1326 1631 1381 1669 hic
1393 1633 1551 1669 Reinoldus
1563 1634 1647 1669 inter
1655 1632 1741 1670 defi-'

981 1682 1145 1719 nitionem
1171 1685 1213 1718 rei
1226 1683 1322 1732 ipsius
1342 1707 1352 1723 ‚
1380 1686 1415 1717 &
1436 1683 1662 1719 definitionem
1673 1685 1741 1719 cir-

982 1734 1251 1769 cumstantiarum
1266 1732 1317 1767 seu
1329 1735 1507 1780 temporis,
1528 1747 1597 1769 non
1615 1731 1741 1769 satisfa-

982 1785 1025 1819 cit
1037 1798 1046 1815 :
1074 1796 1149 1819 nam
1161 1795 1209 1818 res
1218 1796 1315 1830 quam
1328 1784 1420 1817 Deus
1433 1783 1484 1818 hic
1497 1783 1692 1818 determinat
1704 1786 1739 1817 &

978 1832 1103 1873 definit,
1121 1832 1302 1880 esttempus
1316 1835 1348 1867 δε
1361 1832 1604 1868 circumstantia
1615 1830 1741 1868 hebdo-

979 1883 1159 1918 madarum.

1028 1930 1257 1968 Confirmatur
1281 1930 1345 1965 hoc
1366 1941 1594 1978 argumentum
1616 1944 1654 1965 ex
1673 1931 1740 1965 fin-

980 1983 1151 2031 gularitate
1169 1979 1441 2017 construetionis‚
1461 1979 1550 2013 reete
1569 1979 1610 2014 ab
1622 1980 1740 2026 Anglis

982 2032 1128 2067 editione
1147 2027 1264 2064 ultim'a
1281 2027 1439 2063 annotata
1461 2043 1470 2062 .·
1497 2028 1577 2063 dicit
1591 2029 1741 2076 Angelus

983 2079 1207 2117 hebdomadas
1224 2090 1292 2114 non
1311 2076 1462 2112 definitas
1479 2078 1513 2111 in
1528 2076 1663 2124 plurali,
1689 2075 1743 2111 sed

983 2130 1205 2166 hebdomadas
1222 2127 1390 2163 definitam
1410 2128 1444 2161 in
1469 2126 1620 2176 singulari
1641 2139 1649 2159 :
1674 2130 1743 2172 jam

985 2178 1061 2216 verb
1087 2179 1142 2214 ubi
1169 2179 1305 2213 nomina
1327 2188 1540 2212 numerorum
1567 2178 1602 2210 in
1628 2175 1743 2222 plurali

984 2229 1217 2265 construuntur
1236 2239 1311 2261 cum
1332 2224 1434 2261 verbo
1448 2225 1502 2259 vel
1522 2227 1659 2260 nomine
1678 2223 1745 2259 sin-

982 2280 1100 2329 gulari,
1114 2276 1316 2325 significatur
1328 2276 1415 2310 illius
1429 2275 1516 2309 verbi
1527 2285 1583 2310 aut
1595 2275 1746 2309 nominis

983 2328 1186 2378 particularis
1201 2326 1354 2361 deduffio
1367 2328 1398 2359 &
1411 2323 1596 2359 distributio
1610 2337 1665 2372 per
1682 2323 1745 2357 sin-

983 2379 1074 2426 gulas
1094 2375 1162 2410 suas
1186 2386 1290 2423 partes
1310 2389 1318 2409 ε
1357 2376 1466 2420 itaque
1501 2373 1560 2408 hac
1599 2371 1746 2406 constru-

983 2429 1095 2462 etione
1112 2427 1310 2473 importatur
1323 2423 1524 2471 particularis
1541 2422 1744 2456 determina-

982 2478 1053 2517 tio,
1079 2488 1146 2510 non
1172 2472 1304 2509 tantum
1325 2474 1429 2506 totius
1455 2472 1588 2507 summae
1614 2469 1742 2516 septua-

982 2527 1072 2573 ginta
1096 2522 1343 2557 hebdomadum
1364 2544 1376 2561 ‚
1406 2519 1457 2553 sed
1475 2520 1682 2566 singularium
1702 2520 1739 2555 in

983 2572 1038 2607 istfi
1049 2572 1114 2605 sum
1121 2569 1171 2605 ma
1184 2572 1320 2617 partium
1333 2592 1342 2607 ‚
1354 2567 1442 2616 quasi
1452 2580 1568 2602 omnes
1579 2568 1642 2603 istae
1653 2566 1737 2602 heb-

983 2621 1130 2658 domadae
1157 2623 1188 2654 ἃ
1212 2617 1331 2667 singuli
1358 2629 1467 2651 earum
1491 2617 1558 2652 dies
1588 2619 1641 2652 seu
1662 2617 1738 2652 anni

981 2667 1277 2707 determinatiffimi
1314 2666 1504 2701 dicerentur.
1551 2666 1632 2702 Vide
1649 2670 1739 2701 Bux-

982 2720 1058 2766 torfii
1093 2717 1300 2753 Thesaurum
1329 2729 1401 2764 pag.
1428 2728 1508 2763 342.
1541 2718 1638 2751 etiam
1662 2728 1738 2764 pag.

983 2780 1066 2818 425.

1033 2815 1175 2858 Quarto.
1200 2817 1325 2850 Priores
1342 2827 1462 2850 omncs
1478 2825 1663 2861 temporum
1676 2818 1736 2850 Pe-

986 2866 1104 2901 riochae
1124 2864 1140 2899 a
1157 2865 1268 2900 mundi
1289 2866 1388 2900 initio
1406 2865 1445 2899 ad
1457 2865 1596 2912 primum
1609 2865 1688 2907 Cyri,
1701 2866 1736 2899 in
1755 2856 1895 2895 Bnghconis

985 2915 1086 2952 verbo
1099 2914 1164 2949 Dei
1174 2912 1330 2961 expreffae,
1344 2915 1414 2950 sunt
1425 2924 1515 2949 certae
1530 2917 1561 2947 &
1573 2912 1734 2949 definitae:
1752 2908 1881 2967 ⁶:333?ss-

985 2965 1074 3015 Ergo
1093 2965 1192 2998 etiarn
1210 2964 1276 2999 haec
1290 2963 1512 3012 praemanibiis
1527 2961 1662 3009 expressa
1680 2977 1736 3012 pe-
1752 2951 1894 3020 &ml-m

985 3015 1096 3050 riocha
1106 3026 1174 3048 non
1185 3013 1228 3048 est
1239 3016 1361 3048 incerta
1372 3018 1402 3048 &-
1415 3010 1591 3047 indefinita.
1612 3011 1735 3064 Brugh-
1753 3021 1809 3050 dum
1819 3020 1860 3049 de-

193 3058 340 3095 medium
353 3087 362 3099 ,
380 3063 418 3097 ab
430 3066 519 3097 exitu
529 3065 617 3099 verbi
633 3064 670 3099 ad
683 3062 770 3099 casus
783 3062 800 3096 ὲ
811 3059 939 3096 Daniele
985 3076 1066 3099 tonm
1083 3075 1311 3111 argumentum
1334 3063 1399 3096 hoc
1415 3061 1554 3096 desumit
1571 3060 1588 3096 ὲ
1605 3064 1668 3097 Dei
1680 3075 1736 3097 ex..
1747 3061 1872 3100 finditur„

192 3121 393 3145 memoratos
404 3135 413 3147 ‚
446 3114 592 3160 Angelus
622 3111 761 3160 expresse
790 3121 939 3145 numerat
984 3115 1096 3162 emplo
1116 3136 1126 3150 ,
1149 3113 1302 3147 tradentis
1322 3124 1449 3146 caeteras
1475 3122 1661 3159 temporum
1684 3125 1738 3159 pe-

191 3156 410 3195 hedemssdas
420 3159 642 3210 septuaginta,
659 3164 842 3211 scuieptem
851 3158 939 3196 sexa—
987 3163 1114 3200 riochas
1133 3160 1173 3198 ab
1191 3161 1271 3198 orbe
1290 3161 1427 3197 condito
1445 3163 1587 3198 muneris
1599 3163 1739 3197 certis&

1338 3213 1369 3247 X
1394 3223 1414 3248 Ζ
1657 3208 1740 3245 dcfi³

189 2875 238 2902 ἥθ’
247 2874 352 2900 tamen
363 2879 480 2901 omnes
491 2865 631 2900 fatentur
643 2864 699 2900 fini
712 2864 842 2898 istarum
859 2861 937 2896 heb-

192 2911 402 2950 domadarum
422 2915 441 2950 a-
457 2914 588 2951 Daniele
615 2926 718 2950 certos
743 2912 936 2948 char-afferes

194 2960 360 3007 imprimi3
384 2969 414 2999 &
433 2964 511 3001 vero
531 2964 687 2999 Reinoldus
707 2974 812 2999 morte
831 2958 939 3007 Chrtsta'

194 3022 247 3043 eas
257 3009 387 3048 definite
403 3018 434 3048 &
455 3014 577 3061 praeciie
592 3016 757 3050 terminat.
787 3010 889 3050 Quod
900 3011 937 3045 ad
