2048 3343
256 103 294 135 16
619 66 1024 128 Ornii1sH

254 166 387 202 cutiendi
401 163 481 199 astro
494 173 566 197 tunc
578 161 709 209 populus
726 160 931 208 perciebatur,
945 157 1009 205 spe-

254 229 321 250 rans
335 228 402 263 quae
409 214 446 248 de
456 215 542 260 Rege
551 211 658 246 Messi&
670 224 724 258 pei·
737 211 847 244 orbem
861 221 1010 243 terrarum

253 275 418 311 regnaturo
444 262 459 296 a
487 261 649 308 Prophetis
675 259 913 307 praedicebantur
937 268 1009 292 tunc

253 306 402 360 temporis
415 312 578 359 implenda.
614 312 708 344 Erant
721 309 847 357 quidem
860 309 892 343 in
907 308 1009 341 omni-

253 364 310 398 bus
323 361 494 396 civitatibus
508 361 595 395 multi
609 361 889 408 quiRomanorum
902 360 1009 404 jugum

254 413 338 446 bello
352 422 564 458 praeponerent
578 434 588 449 ‚
614 409 661 442 sed
676 409 735 442 hos
747 408 906 453 juniorum
919 407 1010 440 auda-

253 463 298 495 cia
312 461 506 508 opprimebat
517 485 527 499 ,
549 458 769 506 oppressosque
782 457 892 503 rapinis
905 469 938 489 ac
952 467 1009 487 cae-

89 534 200 569 Hierosol
215 551 225 555 ,
253 512 342 545 dibus
366 509 488 557 pessime
507 508 685 543 mul-stabat.
722 509 808 541 Tota
821 506 892 539 hinc
912 502 1010 551 Judxa

89 544 239 610 manifhyy‘ju
255 558 669 594 fastionibus&tumultibus
685 556 833 590 intestinis
848 551 1009 604 infestaba-

89 613 236 651 &faffiofis
254 621 314 650 tur,
329 622 362 643 :ic
377 607 512 656 superior
525 608 705 655 puguacium
715 616 780 650 pars
795 604 826 635 in
835 601 1009 635 manifesta-

88 655 223 692 Hypncrztis
254 661 317 693 rios
330 659 445 706 ubique
458 659 590 691 latrones
599 654 752 690 evadebat.
770 655 829 686 Pro
837 663 926 684 more
935 663 1010 698 gen-

89 695 169 731 plena.
254 710 293 743 tis
306 708 377 742 urbs
392 705 582 741 Hierusalem
597 714 631 738 ut
638 703 741 736 civitas
750 700 926 735 communis
935 712 1010 734 cun-

255 759 312 792 έὶίε
327 757 462 804 patebat,
475 756 535 788 huc
548 765 623 800 ergo
637 750 718 799 quasi
733 750 770 785 ad
782 749 859 784 sacra
874 749 1011 796 undique

254 809 407 841 latronum
420 803 586 838 multitudo
601 799 777 835 confluebat
788 824 798 839 ‚
824 811 891 847 quae
899 799 1011 833 civium

254 853 483 901 improbissimis
497 851 525 886 se
538 851 681 885 associans
689 850 834 884 meliores
843 859 952 882 omnes
968 848 1012 880 in-

254 903 379 938 festabat
392 927 401 942 ,
426 899 618 937 &crescente
630 899 753 934 audaci&
766 898 879 945 rapinis
892 909 925 931 ut
938 897 969 930 in
981 908 1012 930 a-

254 954 315 1001 gris
333 950 508 999 frequentes
527 951 623 985 caedes
641 949 771 984 addebat
781 973 790 987 ‚
804 952 835 982 &
845 960 881 982 cx
894 946 1013 982 civitate

254 1002 457 1036 nobilissimos
477 1002 509 1034 in
522 1012 673 1034 carcerem
687 996 847 1033 conclusos
863 995 990 1030 necabat
1002 1019 1012 1035 ‚

256 1064 290 1086 ac
309 1064 367 1096 pro
387 1048 440 1084 suo
457 1051 546 1084 libitu
560 1047 728 1084 Pontifices
751 1045 934 1081 destituebat
953 1057 1014 1078 no-

256 1099 372 1148 vosque
386 1113 422 1134 ex
430 1099 619 1146 ineptissimis
632 1096 840 1135 substituebat,
848 1095 1014 1142 ternplum-

259 1163 319 1198 que
338 1148 433 1197 ipsum
450 1149 505 1183 sibi
519 1149 550 1182 in
564 1147 658 1183 castra
677 1160 711 1181 ac
729 1145 885 1181 castellum
898 1143 1012 1178 consti-

89 1210 189 1234 locmms
210 1205 243 1238 &-
259 1200 378 1234 tuebat.
410 1201 529 1233 Contra
542 1197 616 1231 istos
629 1198 741 1231 melior
753 1196 860 1242 populi
875 1206 940 1241 pars
954 1191 1015 1227 fre-

90 1247 189 1274 mamm
204 1250 241 1291 A:
261 1261 358 1285 merc,
379 1260 485 1282 manus
500 1259 602 1282 tamen
617 1259 681 1280 non
695 1258 839 1284 movere,
859 1244 959 1278 donec
973 1245 1016 1276 A-

90 1295 187 1351 nantis?
210 1292 243 1351 (ζ’
260 1310 353 1343 nanus
373 1297 562 1331 Pontificum
588 1297 737 1330 maximus
761 1295 808 1327 vir
827 1293 960 1340 prudens
980 1304 1015 1325 ac

90 1332 141 1391 53⁰2,
161 1330 243 1392 misia
260 1359 376 1395 inagna?
391 1346 581 1386 au&oritatis
595 1345 737 1379 oratione
746 1342 869 1390 publica
882 1341 1016 1377 incitavit

92 1414 144 1431 rem
168 1410 244 1442 oppu-
260 1399 297 1431 ad
310 1409 406 1436 arma,
423 1394 598 1444 frequentes
613 1394 722 1428 exinde
735 1394 813 1427 inter
826 1390 973 1439 populum
986 1394 1016 1425 δι

92 1451 174 1471 munt.
260 1447 374 1481 zelotas
392 1458 500 1493 pugnae
526 1459 534 1478 ι
558 1444 681 1478 tandem
700 1447 825 1477 Ananus
849 1442 962 1475 zelotas
985 1440 1016 1473 in

259 1496 407 1542 templum
427 1495 554 1540 interius
572 1491 710 1541 fugavit,
741 1505 775 1526 ac
792 1490 847 1525 nisi
866 1490 1016 1537 populum

259 1543 456 1579 continuisset
469 1554 554 1578 metu
568 1542 806 1589 polluendorum
826 1538 968 1587 sanguine
985 1543 1016 1574 &

258 1593 453 1628 cadaveribus
466 1592 651 1631 sanetorum,
660 1591 697 1625 de
710 1590 818 1625 zelotis
827 1589 927 1624 statim
942 1587 1015 1623 fuis-

258 1642 302 1678 set
314 1644 433 1677 affiium:
453 1643 485 1676 hi
499 1644 536 1676 de
550 1639 600 1677 sua
612 1640 701 1675 salute
715 1640 874 1687 trepidare,
891 1642 1016 1674 Ananus

259 1691 428 1728 consultare
442 1692 609 1740 quomodo
619 1689 699 1739 ipsos
712 1690 845 1724 minimo
853 1700 924 1723 cum
937 1687 1016 1724 scan-

260 1743 331 1778 dalo
345 1756 380 1777 ex
393 1743 510 1789 templo
520 1743 657 1785 ejiceret.

314 1794 451 1839 Joannes
466 1804 502 1825 ex
515 1790 637 1825 Giscala
652 1788 801 1839 profugus
815 1788 918 1823 homo
931 1801 1018 1823 cum-

260 1842 367 1888 primis
382 1839 527 1875 subdolus
539 1845 570 1876 &
583 1841 684 1876 avidus
696 1840 817 1887 imperii
829 1863 838 1876 ‚
863 1836 921 1873 sese
934 1841 1018 1873 Ana-

260 1891 291 1923 ni
306 1890 440 1937 partibus
455 1889 620 1929 insinuare,
642 1894 672 1924 δε
686 1901 787 1923 tamen
801 1889 907 1923 omnia
919 1888 1019 1924 Anani

259 1988 454 2022 dissimularet
470 1988 694 2034 proditionem,
702 1990 840 2022 maximo
854 1986 1022 2022 sacramen-

258 2047 295 2072 to
309 2036 336 2071 se
352 2039 466 2072 Anano
480 2037 636 2084 obligare:
651 2038 690 2071 ita
701 2036 764 2072 fide
777 2036 828 2073 sua
840 2037 1021 2085 approbata,

259 2088 386 2121 Ananus
395 2099 465 2122 eum
480 2086 517 2120 ad
526 2087 649 2121 Zelotas
663 2086 701 2121 de
714 2086 873 2122 deditione
886 2090 1020 2134 legatum

260 2135 356 2169 misit:
384 2136 435 2169 hic
449 2136 522 2169 vero
533 2136 650 2170 Zelotis
663 2149 778 2171 novum
791 2136 828 2170 ab
838 2138 938 2170 Anani
951 2150 1020 2172 cru-

261 2184 385 2217 delitate
403 2185 549 2218 timorem
570 2186 711 2219 intonans
725 2210 735 2225 ‚
761 2186 792 2218 in
812 2185 1020 2221 obstinatione

262 2230 312 2265 sud
321 2232 524 2271 confirmavit,
541 2231 687 2280 suasitque
695 2244 727 2266 ut
740 2234 775 2266 ad
783 2235 934 2266 Idumaeos
946 2236 1020 2268 mit-

261 2291 362 2315 terent
375 2282 427 2329 qui
442 2280 640 2327 supplicarent
658 2281 766 2315 auxilia
780 2279 905 2315 obsessis
923 2280 962 2314 ab
974 2283 1020 2316 A-

262 2342 344 2363 nano
359 2331 413 2378 qui
435 2331 643 2376 Metropolim
662 2335 692 2366 ὅτ
707 2331 833 2378 patriam
847 2330 1020 2364 libertatem

261 2380 417 2413 Romanis
430 2379 561 2426 prodere
575 2390 701 2425 pararet.
741 2378 861 2413 Adsunt
880 2378 978 2413 statim
992 2381 1018 2413 1-

262 2428 373 2462 dumaei
387 2442 456 2463 cum
465 2429 572 2476 viginti
585 2428 767 2462 bellatorum
776 2428 909 2462 millibus
919 2442 928 2469 ;
937 2431 1021 2464 Ana-

263 2490 318 2511 nus
331 2478 474 2512 §.Zelotis
488 2477 800 2513 accerfitos&contra
812 2476 841 2512 se
853 2479 1020 2525 populum-

263 2540 323 2573 que
336 2527 414 2561 male
429 2525 579 2574 persuasos
593 2540 732 2567 cernens,
747 2539 850 2575 portas
862 2528 899 2562 iis
913 2528 1021 2562 occlu-

262 2576 311 2610 sit:
332 2576 387 2610 liac
400 2578 444 2610 illi
459 2577 649 2612 contumelia
662 2576 736 2624 pulsi
749 2575 860 2617 furere,
874 2588 955 2612 extra
967 2590 1020 2611 ut·-

262 2625 335 2659 bem
352 2627 383 2659 in
402 2627 493 2660 armis
512 2627 696 2673 pernotffiire
711 2640 720 2667 3
747 2626 781 2661 ed
799 2627 894 2661 ηοᾶε
912 2628 1020 2675 ingens

262 2686 435 2715 ventorum,
445 2676 560 2722 pluviae,
569 2673 763 2722 &fulgurum
775 2675 935 2722 tempestas
950 2675 1018 2710 fuit.

266 2725 381 2758 Zelotae
400 2724 580 2759 custodibus
606 2725 690 2758 urbis
715 2722 819 2771 sopitis
838 2725 884 2759 vel
902 2724 1019 2771 dilapsis

265 2773 404 2813 domum,
418 2774 566 2821 posticam
580 2783 702 2821 portam
712 2774 855 2808 ‘Idumaeis
867 2772 1018 2820 patefece-

265 2834 334 2856 iunt
345 2847 353 2861 ‚
372 2823 493 2869 ingressi
504 2823 537 2856 hi
549 2828 580 2859 δι
593 2836 664 2857 cum
678 2823 798 2857 Zelotis
812 2824 910 2867 junCH
922 2825 1018 2857 maxi-

266 2884 347 2905 mam
362 2873 391 2906 in
404 2872 479 2907 urbe
491 2872 622 2921 stragem
635 2872 746 2912 edunt,
771 2885 836 2906 non
849 2872 968 2907 tantuin
981 2887 1018 2908 ο-

266 2921 383 2955 ninium
396 2922 580 2962 obviorum,
600 2921 649 2956 sed
661 2925 692 2956 ὃ(
705 2922 963 2956 nobilissimorum
975 2923 1018 2956 ci-

267 2969 358 3019 vium,
370 2972 522 3011 Ananum,
531 2966 664 3019 aliosque
672 2972 834 3018 primarios
847 2971 1018 3006 domicon-

268 3016 360 3051 sossos
379 3020 477 3054 nudos
489 3021 667 3066 abjecerunt
680 3045 688 3057 ‚
710 3031 848 3055 vetantes
867 3019 919 3054 sub
933 3033 1019 3055 mor-

268 3066 306 3098 tis
331 3068 415 3111 paena
431 3068 447 3102 εὶ
466 3082 624 3117 quoquam
646 3069 766 3117 sepiliri.
811 3070 1019 3105 Idumaeorum

269 3115 443 3149 crudelitate
456 3115 556 3153 satiata
569 3132 632 3153 non
645 3121 825 3167 quieverunt
834 3120 962 3160 Zelotae‚
971 3118 1020 3154 sed

270 3163 366 3199 indies
381 3164 589 3202 innocentium
607 3169 701 3204 caedes
714 3170 902 3208 renovabant
916 3183 926 3212 3
947 3167 1021 3205 isto·
1038 3193 1041 3208 i

1054 96 1430 123 ISTORICI

1044 171 1112 192 rum
1126 156 1270 192 scelerum
1279 157 1404 192 Idumaei
1417 157 1470 193 etsi
1482 156 1614 195 scelerati
1627 171 1727 196 tamen
1735 172 1805 209 per-

1045 207 1105 243 taefi
1122 207 1281 242 redidrunt
1293 208 1433 244 domum,
1452 208 1630 244 Zelotarum
1648 223 1718 245 cum
1732 223 1808 258 gau-

1046 259 1115 298 di03
1131 270 1200 291 nam
1215 257 1252 291 ab
1266 258 1299 291 iis
1315 257 1418 304 pudor
1431 258 1557 305 aliquod
1570 256 1711 305 ipsorum
1720 260 1808 294 furo-

1047 309 1071 341 ri
1083 306 1211 342 fraenum
1226 306 1406 353 imponebat
1420 331 1430 346 ,
1454 305 1504 341 sed
1517 307 1724 342 Idumaeorum
1737 323 1810 343 mo-

1045 357 1120 392 lesta
1139 367 1205 390 tum
1219 354 1375 403 praesentia
1388 356 1506 391 liberati
1523 381 1533 396 ,
1559 356 1673 391 effi-mni
1686 358 1810 395 licentia

1047 403 1158 452 absque
1177 406 1265 438 omni
1283 406 1433 453 repagulo
1452 407 1484 440 in
1504 406 1681 454 quotidiana
1700 405 1810 442 scelera

1048 455 1108 488 sine
1121 466 1252 487 numero
1269 455 1408 490 ruebant.

1096 503 1143 536 Ex
1158 504 1311 537 latronum
1318 504 1448 539 ducibus
1458 505 1619 552 primarius
1633 516 1695 540 erat
1707 509 1810 540 Simon

1050 555 1140 586 Giorae
1154 551 1233 586 filius
1249 553 1358 587 Gens&
1371 554 1533 593 oriundus,
1554 550 1674 599 juvenis
1687 554 1794 589 fortiss
1798 575 1812 583 -

1048 615 1117 635 mus
1141 601 1190 636 sed
1209 601 1468 637 sceleratissimus:
1494 603 1544 638 hic
1558 602 1586 638 se
1599 616 1671 638 cum
1684 603 1811 644 castelli

1047 650 1187 686 Maffadae
1208 651 1317 686 sicariis
1339 651 1484 686 associans
1507 665 1649 701 magnam
1668 651 1812 688 scelesto-

1048 714 1116 735 rum
1129 714 1253 736 manum
1268 703 1443 750 aggregavit
1454 726 1462 739 ‚
1485 715 1552 749 quae
1564 715 1639 737 mox
1652 703 1683 736 in
1695 702 1811 749 justum

1049 752 1215 784 exercitum
1225 752 1374 786 excrevit:
1394 751 1432 785 ab
1444 751 1506 786 hoc
1519 763 1659 787 metuens
1671 753 1812 800 Joannes

1050 812 1088 833 ne
1104 798 1354 847 Hierosolymam
1367 801 1538 843 accederet,
1555 800 1731 850 priusquam
1743 814 1812 837 cre-

1050 846 1154 883 vissent
1166 849 1243 883 vires
1256 873 1266 888 ‚
1294 849 1373 883 misit
1388 851 1442 897 qui
1454 852 1678 897 opprimerent.
1708 855 1812 885 Simon

1051 911 1122 932 cum
1139 897 1197 931 suis
1215 897 1324 937 sicariis
1344 896 1520 945 frequentes
1540 913 1611 934 cum
1624 901 1742 935 Zelotis
1756 913 1812 947 pu-

1051 960 1123 995 guas
1136 947 1243 981 habuit
1255 972 1265 987 ‚
1291 947 1431 982 nondum
1444 958 1545 982 tamen
1558 948 1644 983 ausus
1657 961 1720 991 erat
1730 951 1812 984 Hie-

1052 995 1236 1044 rosolymam
1255 997 1395 1032 invadere
1415 1011 1423 1031 :
1455 995 1504 1032 sed
1523 997 1594 1032 cum
1613 1009 1720 1032 contra
1740 1000 1812 1034 Idu-

1052 1059 1147 1080 maeos
1170 1044 1306 1094 primum
1325 1046 1433 1093 viginti
1448 1071 1458 1086 ‚
1491 1046 1597 1094 postea
1615 1047 1813 1095 quadraginta

1051 1096 1145 1130 millia
1168 1096 1297 1131 duxisset
1313 1120 1322 1133 ‚
1355 1101 1386 1131 &
1405 1107 1503 1130 totam
1523 1110 1633 1131 eorum
1651 1098 1815 1145 regionem

1053 1145 1213 1180 crudeliter
1232 1144 1369 1181 vastasset
1394 1147 1409 1191 (
1422 1145 1496 1180 sicut
1517 1147 1645 1181 eandem
1667 1158 1729 1180 tam
1743 1145 1814 1181 ante

1052 1194 1145 1242 quam
1158 1193 1229 1242 post
1243 1195 1382 1229 Romani
1398 1193 1483 1229 ferro
1495 1194 1681 1244 flanimzique
1694 1194 1814 1231 desola-

1052 1246 1143 1289 runt)
1174 1244 1210 1278 ad
1231 1242 1525 1291 Hierosolymorum
1543 1258 1650 1280 muros
1670 1243 1813 1282 consedit

1053 1306 1124 1327 cum
1137 1291 1362 1328 sceleratissimo
1376 1295 1525 1329 exercitu.

1099 1343 1176 1377 Non
1189 1341 1316 1377 cessabat
1329 1344 1451 1377 iuterim
1460 1345 1594 1390 Joannes
1606 1344 1689 1378 novzi
1701 1343 1809 1379 crude-
1825 1354 1982 1392 Amrfippo-

1051 1392 1163 1432 litatis,
1183 1393 1328 1432 avaritiae,
1353 1405 1387 1426 ac
1399 1393 1562 1427 libidinum
1577 1395 1714 1441 exempla
1727 1406 1808 1441 quo-
1822 1395 1895 1432 palm
1904 1397 1982 1422 simo-

1053 1442 1129 1476 tidie
1144 1442 1235 1476 edere
1250 1456 1259 1482 3
1286 1453 1348 1475 tam
1360 1442 1452 1476 etiam
1465 1440 1591 1488 superba
1602 1441 1660 1477 fuit
1673 1446 1737 1487 ejus
1750 1443 1808 1477 do-
1824 1433 1981 1480 neiqfumfi-

1050 1492 1190 1531 minatio,
1205 1501 1238 1524 ut
1251 1503 1287 1525 ex
1299 1490 1367 1537 ipsis
1375 1491 1493 1524 Zelotis
1506 1492 1594 1525 multi
1606 1503 1678 1524 eum
1692 1490 1808 1525 desere—
1826 1483 1980 1541 {Zufossff‘

1052 1551 1129 1580 rent,
1138 1540 1360 1574 constituentes
1372 1539 1429 1573 fibi
1442 1539 1552 1574 ducem
1562 1541 1749 1576 Eleazarum
1760 1554 1769 1573 :
1779 1539 1812 1574 hi
1827 1553 1925 1587 mm&
1934 1556 1983 1581 Ze-

1050 1590 1200 1638 templum
1213 1590 1339 1624 interius
1352 1591 1561 1636 occuparunt,
1588 1594 1621 1624 &
1633 1602 1704 1625 cum
1713 1591 1813 1637 Joan-
1828 1594 1900 1622 lotas.

1053 1653 1090 1675 ne
1104 1637 1305 1675 crudelissima
1322 1639 1421 1674 indies
1433 1640 1599 1674 certamina
1611 1640 1814 1682 exercebant3

1055 1689 1103 1724 sed
1112 1702 1183 1724 ecce
1196 1690 1352 1725 novumin
1365 1688 1563 1724 miserrimam
1578 1689 1687 1724 urbem
1701 1689 1818 1724 malum
1844 1694 1846 1696 '

1056 1739 1222 1775 addusscum
1235 1739 1289 1774 est.
1313 1740 1359 1773 Ut
1372 1749 1478 1773 contra
1486 1740 1617 1787 Joannis
1632 1740 1818 1775 &Eleazari

1056 1789 1244 1824 intoleranda
1255 1787 1390 1824 facinora
1404 1790 1536 1837 populus
1555 1787 1583 1824 se
1595 1799 1749 1830 tueretur,
1762 1789 1817 1823 ad·-

1057 1841 1177 1875 vocavit
1190 1839 1350 1874 Simonem
1365 1852 1436 1874 cum
1448 1837 1505 1873 suis
1520 1838 1648 1880 sicariis3
1661 1839 1712 1872 hic
1720 1848 1753 1872 ut
1763 1850 1818 1872 vc-

1040 1927 1041 1931 *
1059 1891 1103 1924 nit
1113 1915 1122 1931 ,
1133 1888 1256 1923 fortiter
1269 1889 1398 1937 quidem
1412 1901 1483 1922 cum
1499 1888 1618 1922 Zelotis
1632 1887 1795 1922 dimicabat
1806 1910 1819 1926 ,

259 1939 384 1973 consilia
397 1939 514 1972 Zelotis
530 1940 773 1978 communicare,
787 1943 818 1973 &
831 1937 897 1986 quo
911 1938 1020 1972 melius
1040 1944 1042 1949 '

1058 1937 1107 1973 scd
1126 1940 1224 1973 nihilo
1244 1938 1556 1994 iri-populumquam
1575 1936 1623 1971 isti
1637 1937 1752 1971 mitior.
1787 1938 1819 1969 A

1040 2012 1042 2018 ι
1058 1990 1155 2024 tribus
1168 2000 1300 2035 tyrannis
1316 1999 1395 2023 inter
1410 1986 1438 2022 se
1451 1987 1584 2021 inimicis
1593 1984 1659 2020 satis
1672 1996 1774 2020 tamen
1786 1985 1819 2019 in

1059 2039 1169 2087 populi
1183 2039 1302 2073 ruinam
1322 2037 1532 2072 concordibus
1547 2038 1586 2070 ita
1600 2035 1819 2070 conterebatur

1059 2090 1160 2124 civitas
1173 2113 1183 2128 ‚
1211 2098 1245 2122 ut
1258 2088 1397 2136 plerique
1417 2088 1639 2121 Romanorum
1652 2085 1816 2120 adventum

1059 2138 1149 2173 unice
1164 2137 1377 2172 desiderarent.

1107 2187 1283 2234 Vespasianus
1296 2186 1470 2231 aliquandiu
1478 2183 1622 2216 abstinuit
1631 2182 1669 2216 ab
1677 2180 1818 2215 obsidio-

1059 2247 1098 2267 ne
1111 2258 1121 2272 ,
1147 2233 1264 2279 sperans
1283 2233 1397 2266 mutuis
1415 2233 1590 2267 vulneribus
1612 2236 1644 2266 &
1666 2229 1818 2265 intestinis

1059 2281 1144 2315 malis
1158 2279 1272 2315 faustos
1288 2306 1298 2321 ‚
1322 2282 1461 2328 inprimis
1474 2294 1546 2315 cum
1559 2291 1697 2314 caeterarn
1712 2281 1818 2327 regio-

1059 2343 1131 2369 nem
1146 2329 1301 2363 subac‘mm
1318 2329 1456 2364 vidissent
1471 2354 1481 2369 ‚
1510 2328 1619 2376 sponte
1632 2328 1694 2363 fine
1707 2326 1818 2363 sudore

1059 2384 1090 2415 &
1104 2379 1246 2427 sanguine
1259 2380 1291 2412 in
1303 2378 1392 2427 ipsius
1406 2377 1434 2414 se
1450 2391 1557 2413 manus
1570 2379 1747 2413 tradituros:
1769 2382 1828 2411 aci

1059 2429 1147 2476 cepta
1157 2429 1247 2463 etiam
1259 2430 1387 2463 Neronis
1398 2440 1500 2465 morte
1514 2427 1693 2476 expe&abat
1706 2427 1817 2461 anovo

1059 2479 1199 2525 Principe
1218 2491 1299 2512 nova
1316 2479 1477 2513 mandata:
1504 2477 1553 2512 sed
1567 2491 1637 2512 curn
1657 2474 1818 2524 seditioso-

1059 2542 1127 2563 rum
1149 2526 1376 2575 Hierosolymis
1396 2527 1548 2563 obstinata
1560 2526 1734 2574 perversitas
1747 2538 1818 2573 per-

1058 2579 1216 2617 severaret,
1225 2578 1398 2624 &imperio
1408 2578 1510 2612 delato
1522 2578 1662 2611 Romam
1674 2573 1734 2622 ipse
1742 2588 1818 2622 pro-

1059 2639 1164 2674 perare
1177 2638 1350 2674 cogeretur,
1358 2627 1480 2660 tandem
1488 2639 1558 2660 curn
1572 2636 1704 2674 quatuor
1716 2625 1816 2673 legio-

1058 2677 1150 2711 nibus
1166 2680 1196 2711 &
1210 2678 1363 2724 eAgrippae
1382 2677 1576 2724 aliorumque
1590 2678 1715 2723 Regum
1732 2673 1815 2708 auxi-

1058 2727 1104 2759 liis
1127 2727 1237 2759 Titum
1257 2726 1293 2760 ad
1307 2724 1525 2772 subjugandam
1544 2725 1690 2759 rebellem
1704 2722 1813 2756 urbem

1057 2774 1137 2809 misit
1155 2789 1165 2815 3
1197 2772 1258 2821 ipse
1279 2772 1438 2823 professus
1462 2775 1678 2810 Alexandriam
1701 2771 1738 2805 ad
1748 2771 1813 2805 'iter

1057 2826 1252 2859 Romanum.

1106 2873 1192 2910 etun
1205 2873 1245 2908 eo
1262 2873 1419 2909 accessisset
1430 2873 1534 2911 Titus,
1549 2870 1610 2918 ipse
1622 2869 1766 2906 sexcentis
1781 2882 1811 2905 e·
1824 2876 1978 2913 Dffcillima

1056 2922 1194 2970 quitibus
1218 2924 1383 2956 comitatus
1406 2933 1513 2956 muros
1531 2920 1702 2954 circumivit
1716 2944 1725 2959 ,
1757 2933 1810 2954 ex-
1824 2920 1874 2962 Ἰῖζθ
1896 2918 1954 2956 fuit

1056 2973 1227 3020 ploraturus
1241 2973 1302 3016 qua
1315 2983 1350 3004 ex
1364 2980 1448 3017 parte
1460 2967 1602 3004 facillima
1615 2968 1686 3005 esset
1693 2968 1811 3018 aggres-
1826 2957 1980 3023 Heeroſslyi‘

1057 3022 1113 3056 sio.
1150 3022 1241 3055 Dum
1257 3020 1289 3053 in
1301 3019 1363 3054 hoc
1376 3018 1421 3053 est
1434 3033 1443 3060 3
1465 3030 1655 3055 excurrentes
1663 3020 1763 3068 Judaei
1779 3032 1811 3053 e-
1820 3007 1924 3074 ssffigtm
1937 3007 1948 3024 ο

1058 3072 1160 3120 quites
1180 3071 1212 3104 in
1230 3067 1333 3116 fugam
1350 3079 1469 3105 vertunt
1482 3083 1491 3110 ;
1517 3070 1609 3104 Titus
1626 3082 1696 3104 cum
1711 3069 1819 3116 paucis¹

1059 3121 1182 3155 relitfhis
1201 3131 1254 3166 per
1267 3119 1424 3154 innumera
1436 3119 1495 3153 tela
1517 3118 1732 3168 aegerrime.ad
1746 3118 1816 3153 sub‘s

1059 3171 1087 3209 vi
1099 3170 1177 3208 viam
1195 3168 1251 3205 sibi
1269 3165 1352 3206 fecit.
1390 3168 1477 3205 Cum
1496 3166 1544 3210 sex
1558 3170 1575 3205 εὶ
1590 3169 1747 3207 moenibus
1758 3168 1818 3203 sta-

1758 3218 1817 3254 diis
