2048 3343
160 2278 197 2307 ud
207 2288 228 2306 ι..

169 2962 206 2989 ad
219 2967 239 2998 3.

285 81 323 132 58
649 73 944 111 OPERrs

281 148 423 184 Rahbenu
435 145 589 181 ha'cadosh
597 144 708 179 multas
715 145 832 192 putidas
841 143 955 178 fabulas
964 155 1037 190 pro-

280 200 383 247 ponit:
398 195 550 231 fabulator
558 197 608 229 ille
619 196 649 229 in
658 192 714 229 suis
722 196 758 229 ad
768 198 958 228 Antoninum
967 194 1037 227 Ro-

280 262 337 283 mae
346 245 513 282 Consulem
530 247 545 291 ζ
553 246 771 293 quinunquam
779 246 895 292 extitit)
911 242 1036 291 respon-

278 298 415 332 sionibus
433 296 526 330 docet
545 298 646 329 Eliam
666 294 853 343 Prophetam
877 295 916 330 ad
936 292 965 328 se
983 293 1036 328 de—

278 346 419 382 scendiffe
433 346 469 380 de
485 346 569 380 coelo
581 347 654 380 dum
668 356 841 393 precaretur
853 346 885 379 in
898 343 1037 392 spelunca

277 397 440 432 Hebronis
454 395 507 430 ubi
522 395 627 443 sepulti
642 394 707 429 sunt
720 395 916 435 Patriarchae‚
939 398 970 429 &
983 393 1035 440 ipsi

276 444 497 482 demonstrasse
523 459 558 480 ex
583 445 740 493 Propheta
766 444 844 490 lfizid
868 457 923 492 per
940 454 1036 477 artem

277 495 518 532 Cabbalisticam
530 496 681 543 virginem
697 498 857 533 Mariam,
873 496 957 537 cujus
966 504 1034 539 gra-

277 547 319 581 tia
338 548 427 580 Deus
445 547 577 593 elegerat
598 546 748 592 populum
768 543 962 577 israeliticum
981 541 1033 575 tri-

276 596 415 642 bumque
428 596 501 629 ludae
515 600 545 630 Sc
559 596 688 630 domum
703 592 853 630 Pavido,
872 604 907 624 ex
921 590 1035 638 quibus

277 644 447 680 nasceretur
460 645 581 680 Messias
590 669 598 683 ‚
612 642 724 677 facftam
732 640 790 675 esse
798 641 973 675 Dominam
989 638 1036 674 su-

277 708 415 743 premam
430 693 557 729 univerfi
570 693 673 731 orbis,
701 704 867 738 veramque
885 690 955 724 coeli
971 691 1035 724 Re-

279 747 393 794 ginam.
418 745 557 778 Plurimae
571 740 748 785 hujusmodi
762 738 916 774 falsissimae
930 738 1038 773 fabulae

279 794 391 842 quibus
400 791 571 827 Pontificiis
581 790 678 824 studet
692 792 850 838 (Jalatinus
857 788 1037 838 gratificari,

278 846 375 879 virum
394 852 523 889 arguunt
541 841 639 874 levem
654 844 685 875 &
699 852 857 888 perpaucae
871 839 1036 874 auetorita-

279 894 326 928 tis.
354 893 450 928 Certe
464 889 666 936 Spanhemius
680 900 894 937 argumentum
908 892 972 934 ejus
980 902 1040 936 prae

279 941 420 977 manibus
438 941 548 975 nullius
562 938 620 974 effe
633 940 779 987 ponderis
792 938 971 986 profitetur,
994 938 1040 972 id-

279 1004 340 1039 que
354 991 484 1030 meritc‘>‚
500 1003 571 1024 nam
579 992 724 1039 Haggaeus
736 989 893 1036 Propheta
904 988 1039 1022 nihilha-

280 1042 333 1076 bet
349 1041 386 1075 de
401 1040 601 1074 Zorobabele
614 1064 624 1079 ‚
651 1039 700 1073 sed
713 1039 853 1086 loquitur
871 1038 990 1073 tantum
1003 1038 1040 1072 de

280 1093 317 1125 iis
324 1104 360 1125 ex
371 1090 504 1138 populo,
516 1090 568 1137 qui
583 1088 776 1123 Zorobabeli
785 1086 948 1123 secundum
961 1099 1039 1122 tem-

280 1142 366 1189 plum
381 1139 519 1174 fundanti
533 1138 683 1178 astabant,
699 1142 731 1173 &
747 1139 828 1185 prius
837 1138 988 1185 templum
995 1138 1037 1171 vi-

282 1191 403 1230 derant,
418 1202 612 1235 nequaquam
621 1188 696 1222 vero
704 1187 801 1222 asserit
808 1187 1041 1222 Zorobabelem

281 1241 313 1274 in
325 1239 456 1273 istorum
470 1237 555 1273 fuisse
568 1251 711 1272 nurnero.

345 1287 631 1323 Verumenimvero
656 1287 857 1333 Spanhemius
887 1286 959 1320 licet
980 1283 1044 1318 hoc

284 1340 424 1372 Galatini
441 1349 656 1386 argumentum
677 1335 795 1383 spernat
807 1360 816 1375 ,
848 1335 928 1370 aliud
941 1345 1044 1369 tamen

283 1389 371 1423 valde
384 1387 479 1421 simile
494 1412 502 1426 ‚
529 1386 550 1420 si
565 1399 630 1420 non
644 1385 746 1420 revera
764 1386 861 1425 idem,
882 1383 943 1432 ipse
958 1383 1044 1418 affert

283 1437 402 1470 ibidem
416 1436 601 1470 Dubiorum
616 1446 699 1482 parte
715 1448 736 1469 1.
750 1448 819 1482 pag.
835 1447 904 1477 109.
920 1447 986 1482 quo
1000 1431 1043 1467 se-

283 1483 312 1520 se
320 1487 350 1518 in
360 1486 465 1533 primis
473 1486 660 1532 pertractum
669 1483 870 1532 profiteturin
879 1497 945 1518 eam
953 1495 1044 1531 quam

281 1533 449 1569 refutamus
475 1533 664 1568 sententiam.
707 1532 874 1567 Zorobabel
883 1559 893 1573 ‚
919 1533 1019 1581 inquit
1035 1558 1044 1574 ,

282 1585 428 1620 Matthaet
444 1595 533 1618 natus
552 1583 596 1617 est
610 1583 662 1617 diu
676 1583 746 1630 post
760 1584 970 1630 captivitatem
986 1584 1045 1617 Ba-

282 1635 473 1682 bylonicam,
484 1646 524 1668 eo
538 1632 625 1681 quod
638 1635 703 1678 ejus
715 1643 801 1680 pater
812 1633 959 1666 Salathz'el
969 1634 1045 1668 in‘ea

282 1685 455 1732 captivitate
468 1694 554 1717 natus
564 1682 615 1724 sit3
631 1683 716 1731 atqui
729 1682 895 1716 Zorobabel
903 1686 989 1716 Lucae
1001 1683 1046 1718 vel

283 1746 354 1769 ante
365 1734 587 1782 captivitatem,
601 1733 647 1768 vel
660 1733 769 1779 primis
782 1734 846 1777 ejus
859 1733 944 1766 annis
959 1732 1044 1780 geni-

283 1795 332 1819 tus
344 1784 406 1824 est,
425 1794 534 1831 utpote
546 1783 600 1831 qui
613 1783 644 1817 in
662 1781 723 1816 fine
737 1782 916 1829 captivitatis
930 1783 976 1816 vir
988 1780 1046 1816 fuit

282 1844 347 1868 tam
360 1845 512 1872 maturus,
531 1844 564 1867 ut
577 1833 695 1880 populo
709 1832 740 1866 in
754 1832 853 1866 reditu
866 1831 926 1866 dux
940 1831 1043 1866 existe-

282 1893 337 1917 ret.
370 1881 464 1928 Resp.
484 1883 676 1916 Emendatio
694 1882 758 1916 haec
773 1881 952 1929 Spanhemii
971 1881 1046 1916 nihil

280 1931 410 1966 roboris
424 1932 561 1965 Galatini
575 1942 758 1977 argumento
778 1932 897 1966 videtur
918 1931 1044 1971 addere,

282 1994 354 2015 nam
368 1980 504 2028 suppone
516 1981 705 2014 Salathielem
717 2004 726 2017 ‚
752 1982 863 2028 quinto
879 1994 960 2015 anno
974 1980 1045 2030 post

282 2030 326 2065 sui
340 2032 432 2078 patris
447 2033 561 2064 Iecom'ae
574 2030 777 2077 captivitatem
792 2041 995 2078 prognatum,
1013 2035 1044 2065 &

282 2093 366 2115 anno
385 2079 439 2114 suo
458 2079 609 2127 vigesimo
628 2081 739 2127 quinto
752 2080 890 2128 genuisse
910 2079 1044 2114 Zoroba-

283 2129 392 2168 belem,
413 2129 475 2162 hoc
488 2129 581 2174 paeto
604 2129 635 2162 in
652 2128 874 2178 septuagesimo
893 2142 975 2164 anno
995 2144 1044 2164 ca-

283 2179 430 2225 ptivitatis
443 2177 571 2211 habebit
584 2177 750 2212 Zorobabel
768 2192 864 2213 annos
884 2189 972 2213 totos
987 2193 1045 2225 40.

284 2238 403 2262 aetatem
417 2225 483 2259 satis
496 2236 645 2259 maturam
657 2227 694 2259 ad
706 2229 814 2272 populi
825 2228 980 2260 ducatum.

331 2276 475 2312 Alterum
500 2274 582 2308 addit
612 2276 771 2322 (jalatinus
803 2283 1019 2321 argumentum
1035 2298 1044 2312 ,

286 2325 374 2373 quod
387 2325 480 2358 etiam
499 2324 701 2370 Spanhemius
721 2333 876 2357 mutuatur
890 2323 961 2356 licet
973 2323 1044 2355 taci-

286 2385 321 2409 to
338 2374 474 2408 auetoris
488 2373 626 2406 nomine.
653 2373 684 2406 A
695 2371 873 2405 Zorobabele
885 2395 895 2410 ‚
921 2372 1022 2418 inquit
1033 2396 1042 2410 ‚

286 2423 431 2459 Martha
443 2422 479 2456 ad
493 2421 643 2470 Iofiphum
657 2433 772 2455 novem
784 2420 904 2456 tantum
922 2420 1045 2454 fuerunt

286 2473 501 2522 generationes
516 2496 525 2511 ,
546 2469 595 2505 sed
608 2470 624 2505 a
636 2470 813 2505 Zorobabele
825 2474 910 2504 Luca
923 2468 1046 2504 fuerunt

287 2522 504 2571 septemdecim
518 2545 527 2560 ,
554 2521 641 2568 Ergo
660 2532 790 2569 uterque
803 2519 969 2554 Zorobabel
980 2533 1045 2554 non

288 2571 345 2608 fuit
357 2585 451 2610 unus,
476 2569 526 2605 sed
541 2570 614 2604 duo.
640 2568 732 2618 Resp.
759 2572 806 2604 Ex
819 2568 887 2618 ipso
908 2570 1045 2617 Spanhe-

289 2624 355 2657 mio
369 2622 422 2656 ubi
435 2619 520 2667 supra
538 2633 607 2667 pag.
624 2632 676 2664 113.
697 2619 841 2667 posteros
858 2619 1046 2653 zorobabelis

290 2685 326 2706 ex
333 2672 399 2706 filio
407 2669 516 2704 Abiud
526 2670 604 2715 apud
621 2669 804 2702 Matthaenm
819 2667 904 2703 fuisse
918 2670 1045 2715 paucio-

290 2734 353 2760 res,
369 2726 443 2756 &ex
457 2718 523 2753 filio
537 2718 630 2762 Rhefiz
642 2719 722 2765 apud
734 2721 854 2752 Lucam
867 2719 982 2766 plures,
1000 2720 1045 2751 ni-

290 2770 395 2818 hilque
409 2768 615 2817 frequentius,
631 2769 724 2816 quam
737 2779 770 2802 ut
786 2769 817 2802 in
831 2769 948 2803 duabus
958 2765 1043 2801 fami-

292 2821 338 2854 liis
352 2819 463 2854 aliisint
475 2819 642 2854 vivaciores
662 2818 711 2852 alii
730 2822 942 2863 βρφχυξιώπξως
962 2817 1003 2851 ita
1015 2828 1048 2851 ut

292 2871 323 2903 in
335 2870 448 2904 eodem
461 2869 611 2915 temporis
620 2865 732 2915 spatio,
746 2868 795 2901 alii
807 2867 909 2914 plures
918 2867 967 2901 alii
976 2879 1047 2915 pau-

292 2931 391 2954 ciores
405 2929 574 2953 numerent.

338 2969 484 3002 Tertium
504 2967 597 3001 habet
616 2968 764 3001 Gomarus
782 2974 998 3014 argumentum
1012 2978 1048 2999 ex

295 3017 457 3065 Augustino
477 3019 507 3051 in
526 3016 630 3065 quaest.
644 3018 680 3051 ad
699 3019 799 3051 Deut.
812 3020 944 3063 cap.46.
963 3014 1050 3063 quod

295 3067 486 3113 Spmzhemim
511 3068 660 3115 proponit
679 3078 712 3101 ut
732 3065 818 3100 suum
841 3066 977 3114 primum
997 3064 1048 3099 etsi

295 3127 361 3148 non
374 3116 566 3159 primarium,
592 3118 739 3151 nimirum
755 3117 834 3151 duos
847 3126 994 3163 oportere
1009 3112 1050 3149 es-

296 3162 325 3199 se
337 3163 522 3205 Salathieles,
536 3178 575 3200 co
589 3166 676 3213 quod
689 3179 798 3203 eorum
811 3168 945 3212 majores
958 3163 1051 3213 usque

1016 71 1461 111 H1sT0chr

1074 143 1110 179 ad
1130 143 1291 177 Davidem
1313 156 1424 178 omnes
1438 143 1597 187 differant,
1622 148 1742 183 alterius
1754 150 1837 184 enim

1074 204 1158 242 pater
1171 192 1215 228 est
1235 197 1328 242 Ἇζςνί
1340 217 1349 230 ,
1381 195 1467 238 cujus
1492 194 1572 229 linea
1589 198 1685 231 tendit
1699 200 1735 233 ad
1753 202 1839 247 Na-

1073 244 1193 278 tha-nem
1205 269 1216 284 ‚
1246 244 1369 278 alterius
1389 255 1475 290 pater
1494 243 1538 279 est
1553 269 1563 284 ,
1595 244 1725 293 Jeconias
1742 273 1752 287 ‚
1784 262 1839 283 cu„

1072 297 1118 339 jus
1137 295 1216 328 linea
1233 292 1355 342 prorsus
1372 291 1482 328 diversa
1503 293 1540 328 ad
1565 296 1743 329 Salomonem
1762 311 1836 343 por-

1072 345 1191 391 rigitur.
1249 343 1344 391 Resp.
1378 345 1568 392 eAuguffi'ni
1598 346 1763 379 auctoritas
1787 347 1837 382 hic

1073 406 1137 427 non
1152 394 1265 438 premit
1281 417 1291 432 ,
1315 393 1387 428 cum
1403 405 1465 428 tam
1483 393 1630 438 Ianftnius
1649 395 1741 442 quam
1763 396 1838 429 Cloe-

1070 445 1197 475 mm'tim
1217 443 1249 475 in
1265 442 1322 477 suis
1336 443 1371 477 ad
1385 444 1492 477 locum
1514 455 1574 490 prae
1589 445 1729 479 manibus
1744 457 1837 479 com-

1072 492 1227 525 mentariis
1240 489 1384 532 fateatur,
1398 493 1454 526 hac
1467 493 1504 526 de
1517 505 1549 526 re
1557 495 1662 527 Patres
1675 507 1785 528 ornnes
1801 494 1836 528 si-

1071 542 1132 574 lere
1146 565 1155 580 ,
1184 545 1216 575 &
1229 541 1266 574 ab
1279 541 1416 588 ipsorum
1429 541 1549 575 silentio
1563 553 1693 591 uterque
1714 543 1789 590 (etsi
1804 555 1837 578 ut

1072 591 1167 625 nobis
1184 591 1301 626 videtur
1314 590 1410 637 male)
1425 603 1639 639 argumentum
1652 606 1710 640 pro
1725 593 1773 629 sua
1786 593 1837 628 hic

1072 652 1180 675 contra
1194 653 1252 674 nos
1267 638 1416 675 sententia
1429 641 1560 675 adducit.
1594 641 1690 676 Certe
1709 647 1838 690 «Augu-

1064 690 1137 736 stim'
1150 689 1363 725 testimonium
1377 703 1578 725 communem
1592 690 1648 726 suis
1656 692 1763 726 diebus
1773 692 1839 726 sen-

1072 741 1198 774 tentiam
1212 741 1359 787 importat
1378 738 1463 774 fuisse
1476 739 1612 774 nostram
1630 755 1639 782 3
1663 743 1749 790 quod
1763 743 1838 777 vero

1073 788 1134 836 ipse
1154 801 1212 836 pro
1231 790 1487 837 multiplicatione
1505 790 1671 824 Salathielbs
1689 791 1776 826 affert
1789 805 1837 826 ar-

1075 849 1268 886 gumentum,
1283 839 1447 886 profitetur
1462 839 1519 874 effe
1532 840 1650 874 tantum
1663 840 1746 876 suam
1759 854 1836 876 con-

1074 889 1223 934 jecturam
1235 903 1242 922 :
1256 888 1348 936 quam
1362 889 1528 923 tenuivero
1542 887 1745 926 fundamento
1759 904 1838 926 con-

1074 939 1224 983 jecPcuram
1238 939 1320 972 illam
1334 937 1416 972 suam
1429 934 1609 986 superstruat
1616 941 1715 986 quivis
1722 941 1840 976 videat:

1075 1000 1141 1022 tota
1155 988 1239 1022 enim
1259 990 1324 1033 ejus
1339 988 1381 1022 vis
1394 987 1450 1022 hac
1470 989 1575 1022 nititur
1592 987 1773 1035 hypothesi,
1800 1003 1836 1024 u-

1074 1051 1149 1073 num
1162 1038 1261 1072 virum
1275 1051 1340 1072 non
1350 1036 1433 1085 poffe
1445 1036 1559 1072 habere
1572 1038 1763 1074 duosPatres
1777 1053 1786 1080 3
1800 1052 1837 1073 u-

1076 1100 1149 1121 nurn
1172 1088 1303 1135 legalem
1327 1089 1455 1122 alterum
1480 1088 1646 1131 naturalem
1660 1111 1670 1127 ‚
1702 1101 1837 1137 quorum

1076 1136 1236 1171 stemmata
1250 1135 1363 1171 diversa
1373 1139 1404 1171 in
1413 1138 1521 1172 eadem
1529 1138 1629 1172 radice
1642 1150 1837 1179 concurrant,

1076 1187 1222 1220 nimirum
1242 1187 1406 1220 Salathielis
1425 1198 1544 1235 patrem
1558 1188 1723 1222 naturalem
1745 1191 1838 1237 Ἅζενέ

1077 1248 1143 1269 non
1161 1235 1290 1283 potuisse
1310 1236 1493 1271 descendere
1512 1237 1528 1271 a
1541 1237 1672 1271 ‘Davide
1685 1251 1739 1285 per
1753 1241 1838 1287 Ἄζα-

1077 1287 1211 1321 thanem,
1237 1285 1410 1333 &legalem
1425 1298 1541 1333 patrem
1560 1291 1706 1321 Iecom'am
1725 1287 1764 1322 ab
1779 1300 1835 1321 eo-

1078 1335 1148 1368 dem
1163 1332 1344 1369 descendere
1357 1348 1411 1382 per
1422 1338 1611 1370 Salomonem.
1633 1337 1780 1372 Praeterea
1791 1338 1839 1371 vi-

1078 1396 1145 1417 rum
1158 1396 1253 1418 unum
1267 1397 1332 1418 non
1350 1385 1437 1432 posse
1451 1398 1505 1432 per
1519 1385 1651 1420 diversos
1664 1385 1746 1420 filios
1765 1387 1837 1420 duas

1078 1434 1093 1467 a
1107 1431 1135 1467 se
1147 1432 1344 1481 posterorum
1356 1434 1451 1467 lineas
1464 1435 1603 1468 emittere
1615 1447 1682 1482 quae
1695 1438 1759 1479 jure
1773 1448 1838 1470 ma-

1078 1483 1234 1522 trimonii,
1261 1483 1437 1529 adoptionis
1448 1507 1457 1521 ,
1482 1494 1533 1517 aut
1547 1481 1754 1524 succeffionis,
1775 1495 1839 1518 tan-

1079 1533 1149 1566 dem
1162 1534 1275 1566 coeant
1286 1533 1316 1565 iu
1327 1544 1419 1566 unam
1433 1532 1598 1567 &eandem
1612 1531 1842 1580 personam,sci-

1080 1583 1149 1616 licet
1162 1582 1252 1615 unius
1271 1585 1302 1615 &
1316 1581 1450 1625 ejusdem
1464 1580 1652 1616 Zorobabelis
1673 1583 1704 1616 in
1718 1583 1841 1618 duobus

1080 1631 1136 1666 suis
1150 1631 1222 1665 filiis
1235 1630 1343 1676 ‘Rhefiz
1356 1636 1387 1667 &
1401 1631 1511 1665 Ahmd
1520 1631 1676 1666 distinctas
1688 1631 1842 1680 prosapias

1080 1683 1166 1716 coire
1179 1694 1244 1715 non
1257 1681 1388 1729 potuisse
1396 1683 1428 1716 in
1440 1681 1551 1731 Iofi’pho
1560 1694 1610 1717 aut
1619 1682 1743 1717 Marici.
1757 1685 1840 1717 Cer-

1080 1732 1109 1767 te
1123 1731 1187 1766 haec
1201 1730 1267 1766 sunt
1286 1732 1318 1765 in
1334 1744 1520 1780 argumento
1540 1745 1600 1779 prae
1619 1732 1760 1766 manibus
1780 1731 1840 1780 ipsa

1080 1790 1200 1828 ᾰιτέμῇμ
1212 1795 1278 1830 quae
1288 1795 1351 1816 non
1360 1783 1475 1818 debent
1487 1782 1680 1830 postulari,ut
1688 1782 1838 1819 videntur,

1080 1829 1193 1880 absque
1207 1833 1409 1879 probatione,
1425 1830 1764 1880 cumipseSpanhemius
1770 1844 1839 1879 pag.

1081 1894 1141 1915 110.
1168 1881 1345 1926 hujusmodi
1364 1883 1546 1917 coalitiones
1565 1880 1746 1916 familiarum
1759 1881 1839 1928 apud

1078 1931 1202 1978 Judaeos
1221 1936 1252 1966 &
1274 1930 1391 1979 quasvis
1412 1933 1554 1966 nationes
1569 1956 1580 1972 ‚
1613 1930 1679 1966 satis
1699 1930 1758 1966 esse
1779 1929 1838 1965 fre-

1081 1992 1212 2028 quentes
1226 1980 1416 2028 profiteatur.

1079 2130 1117 2164 de
1140 2128 1277 2177 ipsorum
1298 2131 1412 2165 unitate
1430 2131 1646 2176 amplectimur
1666 2127 1710 2160 ob
1724 2126 1777 2161 has
1790 2140 1838 2160 ra-

1077 2181 1190 2213 tiones.
1208 2179 1315 2213 Primo
1329 2192 1394 2212 non
1408 2177 1474 2212 sunt
1486 2176 1598 2224 absque
1612 2175 1720 2223 magna
1735 2175 1840 2211 neces-

1079 2227 1162 2259 sitate
1175 2225 1312 2271 personae
1330 2228 1362 2258 in
1378 2226 1513 2259 historiis
1527 2227 1778 2273 multiplicandae,
1806 2237 1840 2260 ut

1079 2274 1164 2309 reete
1177 2285 1286 2307 monet
1299 2272 1361 2320 ipse
1373 2274 1569 2322 spanhemius
1583 2288 1650 2322 pag.
1660 2277 1707 2320 58.
1729 2276 1761 2308 in
1776 2275 1840 2309 hoc

1078 2321 1144 2367 ipso
1163 2332 1348 2369 argumento
1363 2346 1372 2361 ,
1398 2335 1512 2370 negans
1532 2323 1676 2368 Abulenfi
1691 2326 1840 2372 multipli-

1079 2371 1194 2405 candos
1208 2372 1396 2411 Salathteles,
1423 2372 1443 2406 si
1462 2373 1560 2407 modo
1575 2374 1778 2408 commodior
1792 2375 1839 2407 ul-

1079 2422 1105 2454 la
1131 2421 1299 2455 dubiorum
1324 2420 1439 2456 solutio
1459 2424 1585 2469 reperiri
1604 2423 1707 2471 potest
1726 2421 1839 2470 absque

1079 2470 1344 2518 multiplicatione,
1352 2474 1413 2517 jam
1427 2472 1503 2507 vero
1516 2472 1678 2512 ordinaria,
1687 2478 1718 2508 &
1727 2484 1788 2506 tam
1798 2473 1837 2507 ab

1079 2521 1211 2569 antiquis
1229 2534 1324 2569 quam
1343 2523 1567 2556 recentioribus
1588 2522 1681 2570 vulgo
1701 2521 1838 2570 usurpata

1078 2570 1237 2605 distinctio
1248 2571 1285 2604 de
1296 2571 1431 2617 patribus
1439 2585 1472 2605 ac
1479 2571 1549 2606 filiis
1556 2572 1703 2619 legalibus
1711 2576 1742 2607 &
1750 2584 1838 2607 natu-

1080 2620 1191 2655 ralibus
1205 2618 1269 2654 fatis
1282 2621 1452 2656 commode
1461 2619 1548 2655 solvit
1559 2623 1665 2656 omnia
1677 2634 1840 2670 argumen-

1079 2681 1109 2704 ta
1117 2670 1161 2703 ob
1177 2682 1244 2716 quae
1254 2668 1380 2715 praesens
1394 2671 1608 2717 multiplicatio
1621 2672 1741 2706 inventa
1753 2671 1806 2705 est.

1129 2719 1284 2753 Secundo.
1311 2721 1533 2767 Multiplicatio
1547 2720 1612 2755 haec
1632 2719 1776 2768 supponit
1788 2732 1841 2754 va-

1084 2769 1142 2802 rias
1154 2768 1296 2803 historias
1312 2794 1321 2809 ‚
1360 2770 1397 2804 de
1411 2770 1522 2818 quibus
1542 2782 1642 2817 neque
1661 2769 1814 2815 Scriptura
1827 2794 1838 2809 ‚

1082 2831 1138 2853 nec
1153 2818 1206 2852 ulli
1222 2819 1273 2853 alii
1294 2818 1455 2866 scriptores
1469 2819 1597 2854 verbum
1610 2818 1696 2851 illum
1709 2816 1840 2865 faciunt,

1082 2868 1228 2902 nimirum
1242 2872 1354 2902 Iecom'ae
1367 2870 1463 2917 Regis
1475 2869 1513 2902 ab
1526 2867 1775 2900 Evilmeroa'acho
1789 2881 1841 2903 ex-

1082 2917 1164 2950 altati
1178 2916 1264 2962 super
1277 2930 1386 2951 omnes
1400 2919 1503 2964 Reges
1524 2916 1717 2962 Babylonico
1738 2920 1841 2964 Impe-

1084 2966 1132 2999 rio
1147 2963 1284 2999 subditos
1296 2990 1305 3004 ,
1336 2966 1434 3000 filium
1453 2965 1641 2998 Salmhiclem
1663 2967 1773 3001 nullius
1788 2980 1841 3001 au-

1084 3015 1238 3049 ctoritatis
1257 3013 1344 3049 fuisse
1358 3016 1437 3049 inter
1445 3015 1571 3063 Judaeos
1587 3015 1766 3062 Babylone,
1792 3014 1841 3050 sed

1084 3063 1180 3113 ipsum
1194 3062 1317 3111 ejusque
1329 3065 1429 3099 filium
1443 3064 1654 3098 Zorobabelem
1665 3069 1777 3099 lecom'ae
1785 3078 1839 3099 ne-

1084 3126 1192 3163 potem
1205 3116 1236 3148 in
1249 3113 1378 3149 obscura
1399 3128 1432 3149 ac
1454 3116 1632 3162 paupertina
1651 3115 1775 3151 fortuna
1796 3115 1843 3147 vi-

1083 3176 1146 3201 tam
1163 3177 1291 3201 omnem
1303 3163 1490 3214 transegisse,
1516 3163 1587 3200 cum
1601 3176 1702 3200 tamen
1715 3164 1844 3199 Nerivi-

1741 3225 1766 3246 ri
1779 3224 1843 3260 pri-

1114 2032 1248 2075 Rejeeta
1261 2044 1337 2078 ergo
1351 2032 1448 2078 priori
1461 2031 1518 2065 hac
1532 2029 1678 2066 sententia
1686 2031 1723 2065 de
1733 2034 1835 2064 Zoro-
1855 2042 1902 2065 Pro
1909 2037 2009 2065 unitate

1080 2079 1199 2114 babelis
1213 2085 1244 2115 &
1258 2081 1425 2115 salathiel&
1438 2081 1616 2128 pluralitate,
1631 2079 1835 2126 posteriorem
1853 2076 2010 2156 ῗζοόῗῦθζῐθ
