2048 3343
157 551 263 585 „Antio-

155 595 212 623 chus
221 595 292 622 Han-

154 635 263 664 nibalem

152 675 291 715 impruden-

152 725 188 747 rer
193 720 292 747 temnit.

142 1358 249 1400 Qmam'
286 1358 289 1359 ⁷

143 1403 250 1432 Antio-

142 1441 282 1471 clzumGrae-

142 1480 261 1521 cidfacile

135 1524 239 1564 fluunt·

134 2194 165 2220 l.
177 2188 259 2228 scfpi’o

133 2235 242 2263 ‚A'ntlo-

132 2272 201 2300 dmm
210 2270 250 2300 de·

131 2313 210 2342 bellat.

319 152 395 180 222.
666 132 977 175 oiznxs

314 456 493 505 spopondit
505 461 720 491 excitaturum
729 454 809 491 sein
820 454 993 491 visceribus
1007 456 1069 486 lta-

314 507 365 542 liae
380 519 450 542 non
469 504 578 540 minus
596 505 738 540 terribile
763 503 863 552 quarn
887 502 973 551 prius
999 500 1071 534 bel-

314 556 396 590 lum.
426 554 550 590 Verum
561 551 727 589 Antiochus
736 557 787 589 vel
798 551 918 588 invidia
930 575 939 591 ‚
952 562 991 584 ne
1000 559 1071 584 tota

315 604 395 641 belli
407 606 510 653 gloria
533 602 701 639 Hannibali
716 617 783 638 non
802 602 859 637 fibi
879 598 1068 639 accederet,-

316 656 366 689 vel
388 653 500 690 fraude
521 655 753 689 Romanorum
782 648 867 697 apud
891 647 922 684 se
941 649 1067 697 legato-

313 717 383 740 rum
399 729 409 745 ,
438 705 495 752 qui
515 703 694 748 frequentia
706 697 799 734 valde
811 711 885 733 cum
897 696 1068 733 Hannibale

311 755 480 802 colloquia
490 751 663 787 familiaria
681 748 745 783 hoc
763 748 832 802 ipso
844 746 909 782 fine
925 747 1067 783 institue·

311 804 413 843 bant,
434 813 470 836 ut
491 799 669 846 suspectum
690 795 859 833 eAntiocho
878 797 1067 832 redderent,

311 864 412 887 omne
430 846 608 884 Hannibalis
625 846 799 883 confilium
820 846 974 896 neglexit.
1012 845 1065 880 Ab

309 901 429 935 AEtolis
442 900 475 933 in
486 899 648 933 Graeciam
661 897 813 933 attra&us
822 896 878 938 est,
891 894 960 944 quo
972 896 1066 944 pauci

307 950 448 989 milites,
474 960 581 996 paucae
592 961 688 982 naves
704 958 779 982 eum
797 947 961 982 comitatae
972 947 1061 980 sunt:

307 999 437 1046 magnis
455 1008 566 1033 tamen
578 996 684 1032 verbis
696 995 924 1044 pollicebatur,
936 1006 971 1030 ut
982 997 1062 1031 alte-

306 1061 379 1083 rurn
394 1050 524 1082 Xerxem
542 1047 757 1093 impleturum
779 1045 809 1081 se
825 1046 989 1081 Graeciam
1007 1042 1064 1080 suo

308 1098 427 1137 milite,
441 1100 473 1133 &
486 1109 571 1132 mare
581 1095 642 1130 suis
654 1094 803 1131 clastibus
814 1095 1041 1131 obvelaturum
1055 1106 1064 1127 :

303 1148 409 1182 AEtoli
419 1147 515 1181 etiam
526 1145 738 1181 minabantur
757 1144 930 1181 adfuturos
941 1145 971 1180 se
983 1157 1060 1180 mox

301 1196 342 1231 ad
358 1197 442 1244 ripas
460 1195 591 1231 Tiberis
611 1193 792 1231 obsessuros
810 1196 975 1231 Romam:
1003 1193 1061 1229 scd

302 1243 533 1294 sesquipedalia
550 1246 607 1281 illa
623 1244 721 1281 verba
732 1257 840 1295 neque
855 1243 993 1279 Achaeos
1005 1257 1061 1280 ue·

303 1307 367 1345 que
382 1293 544 1342 Philippum
553 1294 569 1330 a
578 1296 741 1329 Romanis
751 1294 952 1330 avertebant.

350 1345 400 1380 Ut
411 1355 485 1378 cum
494 1344 684 1379 exercituin
694 1344 856 1378 Graeciam
867 1344 955 1379 venit
965 1343 1058 1378 Con-

302 1390 348 1428 sul
362 1391 494 1428 acilius
505 1392 619 1428 Glabrio
629 1417 640 1434 ,
649 1391 818 1429 Antiochus
828 1396 860 1428 δι
875 1390 975 1428 AEtoli
989 1403 1059 1427 tre-

299 1442 420 1491 pidare,
432 1443 541 1478 Graeci
552 1444 714 1478 Romanis
724 1441 915 1491 sejungere,
927 1442 1059 1478 eAntio-

299 1490 366 1527 chus
385 1493 418 1527 in
445 1492 746 1541 Thermopylarum
781 1492 937 1541 angustiis
962 1492 1058 1528 castra

297 1542 506 1577 communire
516 1567 528 1584 ,
551 1541 617 1577 haec
628 1543 662 1575 in
675 1542 753 1576 loco
766 1540 985 1577 munitiffimo
996 1555 1056 1590 po-

298 1589 359 1626 fita
393 1589 505 1625 frustra
539 1603 731 1639 oppugnare
767 1591 896 1627 Consul
914 1612 925 1632 ,
951 1591 1056 1627 donec

297 1642 353 1676 M.
366 1638 480 1675 Porciu's
491 1643 567 1674 Cato
587 1638 760 1676 Proconsul
774 1653 831 1690 per
841 1642 978 1690 ignotos
989 1642 1056 1676 cal-

297 1690 346 1724 les
362 1687 493 1725 summo
514 1689 627 1725 labore
645 1693 680 1724 δε
700 1689 853 1726 industria
869 1688 1056 1739 manipulos

298 1740 428 1788 aliquot
452 1739 492 1775 ad
518 1736 682 1776 untiochc'
706 1750 833 1789 tergum
860 1739 1055 1776 adduxiffet:

299 1787 365 1823 hoc
378 1789 600 1825 animadverso
614 1789 839 1826 eAntiochusin
850 1787 964 1838 fugam
974 1804 1053 1838 prae-

298 1838 433 1884 cipitem
460 1838 489 1873 se
516 1838 630 1874 effudit
650 1864 660 1880 ‚
696 1852 806 1889 neque
831 1849 905 1875 ante
926 1841 1053 1888 quievit

296 1886 394 1935 quarn
407 1888 538 1923 venisset
552 1888 713 1936 Ephesum
727 1905 739 1934 3
763 1887 815 1924 hic
827 1901 984 1937 magnum
1002 1892 1053 1925 in-

293 1935 412 1972 struxit
429 1938 604 1972 exercitum
621 1936 826 1987 septuaginta
838 1940 979 1974 millium
993 1952 1052 1988 pe-

292 1986 415 2022 ditum.
431 1987 606 2022 duodecim
618 1990 782 2035 equitum,
794 2002 868 2024 curn
881 1991 992 2025 multis
1001 1992 1053 2024 In-

291 2034 373 2070 dicis
385 2035 568 2083 elephantis
588 2049 623 2071 ac
644 2036 770 2073 falcatis
790 2038 963 2075 curribus:
989 2039 1052 2074 Ni-

291 2083 474 2121 hilominus
492 2085 597 2120 homo
616 2088 707 2134 parvi
725 2090 826 2125 animi
853 2088 871 2124 ὲ
888 2089 1051 2125 Romanis

291 2146 403 2181 pacem
414 2133 504 2169 enixe
515 2134 723 2182 supplicabat.

339 2185 380 2217 L.
390 2183 517 2229 Scipioni
528 2184 666 2219 Consuli
681 2199 752 2222 non
769 2186 873 2228 sorte,
893 2185 946 2222 sed
962 2184 980 2221 εὶ
993 2189 1049 2222 Se-

293 2241 374 2266 natu
384 2231 545 2280 designata
556 2232 599 2266 est
612 2234 684 2267 Asia
695 2237 728 2268 in
739 2237 962 2274 Provinciam,
972 2248 1047 2269 cum

290 2283 329 2315 P.
346 2280 439 2328 Scipio
452 2279 612 2329 Africanus
623 2279 653 2315 se
671 2280 762 2316 fratri
773 2284 807 2316 in
821 2282 929 2317 Afiam
943 2284 1049 2316 comi-

290 2340 357 2364 tem
378 2333 410 2364 &
427 2331 586 2377 Legatum
607 2329 782 2365 obtulisset.
818 2330 873 2365 Ab
886 2329 1050 2365 «Antiochi

291 2378 332 2413 dc
344 2391 423 2425 pace
432 2380 563 2426 Legatis
574 2379 666 2427 Scipio
675 2379 849 2427 postulavit
858 2380 1047 2428 quindecim

289 2429 486 2462 talentorum
500 2426 603 2462 millia
621 2452 631 2469 ,
658 2434 690 2464 ὃ(
713 2428 822 2464 Aliam
834 2431 1047 2465 cisTaurum.

288 2475 378 2512 cum
392 2477 448 2512 ista
463 2477 647 2513 viderentur
661 2477 812 2514 Antiocho
825 2479 1025 2514 intoleranda
1035 2503 1046 2520 ,

286 2537 516 2562 convenerunt
538 2530 630 2572 juxta
651 2529 853 2574 Magnesiam
872 2529 1046 2563 exercitus.

286 2576 410 2612 Aberat
422 2577 455 2610 in
468 2576 553 2623 Syria
563 2575 742 2614 Hannibal,
760 2576 777 2611 a
787 2578 899 2625 Tyriis
912 2577 1045 2626 aliisque

284 2625 500 2662 Phoenicibus
512 2625 638 2660 claffem
652 2639 863 2674 comparans:
875 2627 983 2663 aberat
996 2638 1046 2662 ct·-

282 2678 352 2721 jam
371 2674 532 2722 Africanus
554 2675 676 2709 morbo
699 2676 900 2722 praepeditus.
929 2678 1045 2711 Antio—

284 2721 353 2758 chus
368 2724 457 2760 Lucii
473 2723 625 2759 Consulis
642 2735 815 2758 numerum
832 2724 932 2772 duplo
951 2724 1045 2772 supe-

282 2773 376 2808 rabat
393 2798 402 2811 ,
433 2773 487 2808 sed
508 2771 582 2807 cum
604 2772 641 2807 acl
660 2785 774 2806 manus
793 2784 926 2809 ventum
945 2774 1039 2814 effer,

282 2822 416 2858 Asiatici
429 2824 549 2857 milites
567 2823 799 2857 Romanorum
814 2824 881 2858 vim
899 2835 968 2858 non
987 2821 1041 2858 su-

282 2870 437 2907 stinentcs
454 2896 465 2912 ,
495 2871 603 2906 statim
622 2882 794 2907 verterunt
812 2882 914 2922 terga.
950 2871 1040 2909 Caesa

280 2918 355 2955 sunt
374 2918 526 2956 Antiocho
550 2922 588 2956 ad
620 2922 860 2970 quinquaginta
895 2923 1039 2970 peditum

281 2971 384 3005 millia
397 2996 405 3010 ‚
431 2973 753 3019 quatuorequitum‚
774 2973 936 3006 Romanis
956 2975 1039 3007 intra

282 3020 552 3066 quadringentos.
583 3021 696 3056 Victus
710 3019 894 3056 &antiochus
904 3021 1041 3068 Africani

281 3065 412 3102 arbitrio
432 3068 467 3102 se*
480 3067 625 3104 submisit
638 3094 648 3108 ‚
676 3069 758 3105 nihil
777 3071 831 3105 ille
851 3070 891 3105 ad
912 3073 1036 3118 priores

282 3114 487 3167 conditiones
504 3118 635 3155 addidit.
661 3119 866 3167 Splendidior
883 3130 951 3155 erat
971 3119 1037 3154 Sci-

280 3164 370 3210 pionis
382 3165 507 3213 Affatici
518 3168 704 3215 triumphus
718 3182 815 3218 quam
828 3171 907 3205 alius
920 3181 992 3204 ante
1009 3169 1040 3204 se

283 3209 497 3261 cujusquam,
523 3217 688 3266 pluresque
708 3232 746 3255 ex
764 3222 834 3266 ejus
853 3217 990 3257 vietoria
1005 3219 1040 3257 in

1037 129 1525 173 Htsrontet

317 207 468 249 incubuit
483 203 656 246 Hannibal,
672 217 710 242 ut
721 208 813 243 Italia
824 207 900 244 belli
917 205 1001 241 sedes
1012 204 1073 241 ssa-

319 271 480 299 tueretur,
507 256 669 294 affirmans
681 269 748 293 non
767 259 836 292 aliis
852 255 951 305 quam
972 255 1072 290 Italo-

318 322 390 345 rum
403 309 498 343 armis
509 309 683 343 Romanos
700 306 787 354 posse
806 305 987 354 subjugari.
1011 308 1071 339 Pe-

318 359 410 394 tebat
422 358 479 393 sibi
490 357 556 393 dari
567 357 680 392 decem
692 355 823 391 tantum
836 355 983 405 peditum
997 355 1072 389 mil-

317 409 359 442 lia
371 411 402 442 δι
424 408 515 442 mille
533 409 660 454 equites
671 431 681 446 ‚
709 418 783 440 cum
795 407 904 454 paucis
914 404 1049 440 navibus
1060 427 1070 443 ,

1117 205 1261 240 aerariu‘m
1280 207 1360 241 illati
1372 205 1518 246 thesauri,
1529 205 1624 256 quzim
1643 209 1681 245 ad
1692 220 1768 246 eum
1780 207 1867 244 diem

1118 254 1227 290 Roma
1249 254 1384 291 vidiss'et.
1419 256 1625 293 Postularunt
1651 259 1692 294 ab
1716 256 1869 296 Antiocho

1119 304 1267 339 Romani
1280 303 1480 341 Hannibalem
1492 306 1547 342 fibi
1559 306 1685 342 dederet
1696 333 1703 346 ‚
1725 308 1777 344 sed
1791 321 1867 357 prae-
1885 315 2019 346 Hanniba.

1117 353 1183 388 viso
1193 354 1249 390 suo
1258 357 1402 402 periculo
1417 358 1464 392 vir
1478 356 1619 406 prudens
1630 355 1715 404 fugit
1726 382 1736 396 ,
1763 356 1870 405 primo
1889 358 1919 387 1¹³
1927 369 1998 388 mon.

1117 401 1298 454 inflCretam
1311 430 1320 445 ‚
1343 404 1451 454 postea
1471 408 1506 441 ad
1526 408 1653 450 Prusiam
1664 405 1871 452 Bithyniam.

1119 451 1209 484 Cum
1244 451 1284 487 eo
1319 458 1417 490 etiarn
1447 453 1550 502 ipsum
1579 456 1723 490 Romani
1767 455 1874 502 perse-

1118 512 1296 581 querentur
1312 528 1322 543 ‚
1355 504 1503 552 pertaesus
1524 504 1610 554 fuga:
1631 516 1796 541 venenum
1817 505 1873 540 bi-

1143 560 1177 584 it.

1163 599 1244 635 Non
1262 600 1368 636 multo
1387 604 1507 638 melior
1519 603 1637 637 eodem
1651 615 1738 638 anno
1750 605 1869 640 Romae
1888 607 1993 644 Populus

1116 650 1279 697 Scipionum
1292 650 1422 686 fortuna
1435 650 1497 687 fuit
1509 670 1520 694 ,-
1545 665 1618 687 cum
1635 655 1754 687 Catonis
1764 656 1868 689 maxi·
1888 650 2012 695 ‚Rmmffl

1116 698 1168 733 me
1181 700 1305 737 invidia
1325 701 1496 737 Tribunos
1523 701 1628 749 plebis
1644 703 1870 739 commovisset
1882 699 1911 716 m
1921 696 2018 757 ”ssuffi'

1113 759 1226 784 contra
1238 750 1412 797 Africanum
1423 753 1591 798 optimum
1603 755 1634 786 ὃ(
1647 751 1871 787 innocentiffi-
1880 739 1981 809 13:203
1984 746 2027 800 fn,

1115 810 1208 833 mum
1222 801 1327 835 virum
1342 800 1475 836 Senatus
1486 802 1666 849 principem
1677 826 1685 839 ‚
1712 803 1799 851 quafi
1810 801 1870 837 do·
1883 814 1998 851 gratissi-
2020 807 2026 840 ,“

1114 847 1163 879 nis
1180 860 1350 895 corruptus
1368 863 1479 896 pacem
1496 848 1644 885 Antiochi
1659 853 1758 886 nimis
1775 851 1868 887 beni·
1887 863 1950 882 mm·

1112 907 1210 942 gnam
1222 895 1361 932 dedisset.
1389 899 1489 933 Venit
1509 899 1561 934 ille
1572 901 1612 935 ad
1622 901 1706 935 diem
1719 901 1866 936 dicturus

1111 947 1367 992 repetundarum
1380 946 1527 982 causam:
1552 951 1660 983 omnis
1676 960 1783 985 autem
1809 951 1865 986 de-

1110 992 1213 1030 fenfio
1224 994 1287 1030 fuit
1297 995 1414 1031 eodem
1431 994 1461 1031 se
1472 998 1548 1031 anni
1559 997 1611 1032 die
1623 998 1863 1047 Carthaginem

1109 1042 1309 1093 subjugaisle,
1335 1058 1403 1094 quo
1430 1047 1567 1081 nomine
1587 1059 1745 1082 coronam
1770 1048 1863 1085 suam

1108 1093 1338 1141 triumphalem
1350 1096 1490 1131 induens
1501 1123 1509 1136 ‚
1535 1096 1684 1132 bortatur
1693 1100 1725 1131 δι
1736 1094 1866 1145 persua·

1108 1142 1163 1177 det
1175 1155 1208 1177 ut
1219 1158 1336 1180 omnes
1350 1144 1624 1193 seinCapitolium
1639 1147 1863 1193 sequerentur,

1109 1190 1259 1228 sacrificia
1270 1194 1357 1236 Iovi,
1373 1194 1419 1230 ob
1430 1195 1555 1244 infigne
1566 1196 1647 1230 illud
1656 1198 1689 1230 in
1701 1197 1862 1244 populum

1108 1242 1299 1279 Romanum
1309 1243 1506 1280 beneficium
1517 1243 1657 1280 oblaturi
1672 1270 1682 1286 ‚
1699 1246 1739 1282 sic
1754 1247 1861 1282 hone-

1107 1290 1235 1328 stiffima
1246 1305 1312 1329 arte
1331 1295 1476 1342 putidam
1499 1295 1641 1330 hostiurn
1660 1298 1861 1332 calumniam

1106 1341 1248 1378 eludens.
1281 1345 1341 1380 Sed
1358 1342 1433 1380 cum
1459 1356 1630 1394 pergerent
1649 1343 1706 1380 effe
1728 1347 1861 1382 molesti

1106 1392 1291 1435 adversarii,
1306 1395 1338 1428 in
1350 1395 1562 1441 spontaneum
1575 1396 1704 1430 cxilium
1718 1397 1860 1442 perrexit.

1104 1442 1321 1485 Linternum,
1341 1444 1397 1478 ubi
1410 1444 1449 1478 ad
1462 1457 1598 1479 mortem
1613 1470 1622 1485 ,
1642 1456 1714 1490 quae
1735 1457 1811 1478 mox
1824 1448 1860 1480 in

1103 1503 1190 1526 anno
1202 1491 1260 1526 suo
1277 1490 1475 1540 sexagesimo
1492 1493 1622 1541 sequuta
1632 1495 1676 1527 cst
1688 1518 1697 1534 ,
1717 1494 1854 1529 delituit⁶

1105 1541 1194 1575 Cum
1215 1540 1326 1575 eadem
1346 1542 1602 1589 repetundarum,
1619 1540 1669 1576 vel
1689 1541 1857 1588 peculatus

1105 1589 1176 1624 dica
1194 1600 1310 1625 contra
1328 1589 1458 1627 fratrem
1486 1592 1649 1633 Astaticum
1676 1591 1716 1624 ab
1741 1589 1857 1627 iisdem

1102 1639 1264 1675 Tribunis
1275 1638 1388 1689 scripta
1400 1639 1529 1682 fuisset,
1542 1643 1589 1675 vir
1599 1639 1724 1688 optime
1737 1640 1775 1676 de
1786 1638 1859 1676 Re-

1101 1688 1178 1736 pub.
1198 1691 1334 1725 meritus
1358 1687 1398 1725 ab
1425 1690 1635 1738 ingratissimo
1670 1692 1794 1738 populo
1821 1692 1856 1726 in

1099 1739 1258 1775 muletam
1278 1739 1381 1788 longe
1398 1740 1487 1787 supra
1506 1742 1620 1776 omnia
1630 1739 1683 1775 sua
1693 1738 1779 1775 bona
1795 1740 1855 1774 da-

1101 1800 1233 1824 mnatus
1250 1788 1307 1824 est.
1348 1790 1438 1825 Dum
1473 1793 1586 1826 omnia
1612 1800 1857 1828 excuterentur,

1098 1841 1235 1886 parvitas
1249 1838 1454 1876 fortunarum
1482 1840 1607 1888 Afiatici
1617 1865 1626 1881 ,
1658 1839 1855 1874 adversario-

1098 1900 1169 1924 rum
1181 1888 1220 1924 de
1237 1890 1348 1924 nimiis
1368 1894 1398 1924 δι
1410 1890 1496 1925 male
1514 1892 1615 1937 partis
1630 1886 1751 1935 opibus
1764 1889 1855 1922 calu-

1099 1940 1223 1974 mniam
1243 1937 1374 1975 abunde
1397 1937 1577 1974 refutavit:
1609 1950 1777 1985 nunquam
1806 1947 1854 1971 ta-

1098 2002 1174 2024 men
1187 1987 1419 2037 iniquiffimarn
1428 1990 1570 2036 populus
1582 1986 1773 2022 sententiam
1789 1999 1854 2023 vo-

1097 2040 1158 2074 luit
1171 2051 1333 2076 revocare.

1141 2089 1240 2124 Circa
1250 2088 1360 2124 eadem
1377 2098 1527 2136 tempora
1537 2086 1695 2122 maximus
1711 2085 1852 2121 Graeco-
1870 2096 1996 2137 Philopael

1094 2149 1166 2173 rum
1189 2135 1413 2186 Philopoemenes
1432 2138 1691 2185 septuagenarius
1716 2135 1851 2182 indigna
1869 2142 1995 2179 memsinq

1097 2198 1204 2222 morte
1215 2189 1321 2235 periit.
1341 2186 1434 2223 Urbs
1447 2184 1590 2220 Meffene
1601 2183 1640 2217 ab
1653 2180 1849 2217 Achaeorum
1869 2179 1949 2218 digna

1095 2236 1246 2276 societate
1258 2235 1412 2269 deficiens
1422 2246 1508 2267 arma
1527 2230 1699 2280 sumpserat
1711 2247 1722 2275 3
1748 2231 1853 2267 Philo·
1870 2231 1942 2251 mm·

1092 2294 1231 2332 poemenes
1240 2294 1315 2317 cum
1328 2280 1426 2330 parva
1437 2283 1534 2316 nimis
1544 2293 1641 2316 manu
1653 2281 1691 2315 ad
1701 2294 1756 2316 eos
1767 2281 1852 2317 subi-

1093 2331 1219 2380 gendos
1229 2330 1409 2370 advolavit,
1421 2329 1653 2366 Messeniorum
1668 2331 1852 2367 multitudi-

1094 2393 1134 2415 ne
1146 2379 1283 2428 oppreffi
1303 2380 1415 2415 Achaei
1434 2381 1610 2415 retulerunt
1621 2380 1757 2426 pedem;
1777 2378 1850 2416 Phi·

1093 2429 1346 2478 lopaemeneslicet
1359 2433 1394 2464 ὃ(
1405 2430 1493 2465 senio
1515 2434 1548 2464 δε
1563 2429 1683 2464 morbo
1700 2427 1851 2465 infirmus

1094 2491 1129 2513 ut
1139 2478 1209 2514 suos
1223 2478 1388 2527 fugientes
1404 2489 1610 2527 protegeret,
1625 2481 1655 2512 &
1672 2478 1733 2513 suis
1743 2481 1851 2513 mani-

1093 2529 1153 2563 bus
1165 2528 1368 2576 insequentes
1381 2528 1489 2564 hostes
1501 2530 1675 2568 abarcerm,
1687 2530 1719 2561 in
1732 2527 1849 2563 ultima

1093 2579 1160 2613 acie
1178 2579 1355 2614 recedebat.
1384 2579 1453 2612 Illic
1475 2579 1550 2626 equi
1568 2574 1657 2624 lapsu
1678 2577 1712 2610 in
1732 2588 1849 2613 terram

1092 2628 1270 2676 proje6lus,
1285 2631 1316 2661 &
1327 2625 1344 2660 εὶ
1356 2626 1416 2661 suis
1428 2626 1569 2662 desertus
1583 2627 1614 2660 in
1625 2625 1766 2661 hostium
1781 2640 1851 2662 ma-

1091 2690 1150 2711 nus
1171 2676 1319 2710 devenit.
1347 2677 1475 2710 Ductus
1499 2674 1666 2711 Mc'ffenen
1684 2676 1717 2710 in
1736 2678 1851 2710 trium-

1090 2725 1191 2772 phum
1204 2725 1244 2759 ab
1256 2725 1347 2760 omni
1360 2726 1487 2773 populo
1499 2724 1602 2759 multa
1619 2737 1694 2760 cum
1708 2725 1850 2759 admira-

1089 2775 1179 2809 tione
1190 2776 1223 2809 in
1236 2775 1366 2809 theatro
1379 2773 1569 2822 conspectus
1581 2775 1646 2816 est,
1675 2774 1783 2808 efidem
1799 2786 1849 2808 ta-

1089 2837 1165 2858 men
1177 2824 1275 2858 noste
1287 2826 1320 2859 in
1334 2825 1469 2859 vinculis
1487 2824 1624 2862 truditur
1643 2823 1658 2857 ὲ
1677 2823 1846 2870 magistra-

1088 2875 1167 2908 tuin
1179 2872 1377 2920 profundum
1390 2872 1447 2908 sub
1465 2871 1545 2907 tertii
1555 2884 1710 2906 carcerem
1722 2897 1732 2912 ,
1751 2875 1782 2906 δε
1795 2871 1844 2908 ibi

1087 2923 1104 2957 a
1120 2923 1256 2969 publico
1276 2921 1428 2957 carnifice
1447 2923 1588 2955 cicutam
1611 2920 1722 2956 bibere
1742 2923 1840 2969 cogi-

1087 2983 1149 3006 tur.
1202 2971 1313 3005 Paucis
1353 2969 1427 3017 post
1460 2969 1574 3003 diebus
1611 2970 1760 3005 Messenii
1797 2970 1839 3004 ab

1086 3019 1286 3055 Achaeorum
1298 3022 1432 3053 Praetore
1442 3018 1572 3063 Lyconi,
1579 3019 1685 3063 Polybii
1694 3019 1804 3054 histori
1809 3021 1838 3055 ci

1087 3080 1186 3117 patre,
1201 3070 1279 3103 virili
1293 3066 1324 3102 se
1337 3067 1549 3103 dediderunt.-
1575 3071 1630 3117 qui
1649 3066 1840 3117 Philopoeme-

1085 3121 1127 3153 nis
1139 3116 1259 3154 conscii
1280 3119 1369 3152 necis
1380 3128 1471 3151 erant
1481 3118 1638 3166 plerisque
1651 3118 1707 3153 fibi
1724 3129 1839 3153 manus

1089 3169 1268 3202 intulerunt
1280 3190 1289 3206 ‚
1315 3164 1499 3213 superstites
1512 3169 1544 3202 in
1558 3169 1696 3203 vinculis
1707 3171 1776 3213 ejus
1788 3165 1841 3199 fu-

1089 3228 1150 3253 nus
1161 3215 1308 3254 comitati
1319 3213 1463 3258 Meffcne
1475 3215 1698 3266 Megalopolin
1709 3238 1720 3253 ‚
1736 3214 1774 3249 ad
1787 3227 1840 3248 ro-

1756 3275 1837 3311 gum
