<?xml version="1.0" encoding="UTF-8"?>
<!DOCTYPE html PUBLIC "-//W3C//DTD XHTML 1.0 Transitional//EN"
    "http://www.w3.org/TR/xhtml1/DTD/xhtml1-transitional.dtd">
<html xmlns="http://www.w3.org/1999/xhtml" xml:lang="en" lang="en">
 <head>
  <title>
</title>
<meta http-equiv="Content-Type" content="text/html;charset=utf-8" />
  <meta name='ocr-system' content='tesseract 3.04.00' />
  <meta name='ocr-capabilities' content='ocr_page ocr_carea ocr_par ocr_line ocrx_word'/>
</head>
<body>
  <div class='ocr_page' id='page_1' title='image "./operishistoricie00bail_0056.png"; bbox 0 0 2048 3343; ppageno 0'>
   <div class='ocr_carea' id='block_1_1' title="bbox 147 1059 250 1081">
    <p class='ocr_par' dir='ltr' id='par_1_1' title="bbox 147 1059 250 1081">
     <span class='ocr_line' id='line_1_1' title="bbox 147 1059 250 1081; baseline 0.01 -1"><span class='ocrx_word' id='word_1_1' title='bbox 147 1059 250 1081; x_wconf 54' lang='lat' dir='ltr'>narsum·</span> 
     </span>
    </p>
   </div>
   <div class='ocr_carea' id='block_1_2' title="bbox 285 69 928 117">
    <p class='ocr_par' dir='ltr' id='par_1_2' title="bbox 285 69 928 117">
     <span class='ocr_line' id='line_1_2' title="bbox 285 69 928 117; baseline -0.025 -1"><span class='ocrx_word' id='word_1_2' title='bbox 285 83 337 117; x_wconf 83' lang='lat'>26</span> <span class='ocrx_word' id='word_1_3' title='bbox 609 69 928 106; x_wconf 78' lang='lat' dir='ltr'>OPERIS</span> 
     </span>
    </p>
   </div>
   <div class='ocr_carea' id='block_1_3' title="bbox 274 135 1044 3179">
    <p class='ocr_par' dir='ltr' id='par_1_3' title="bbox 279 135 1033 378">
     <span class='ocr_line' id='line_1_3' title="bbox 279 135 1031 191; baseline -0.023 -6"><span class='ocrx_word' id='word_1_4' title='bbox 279 146 427 187; x_wconf 84' lang='lat' dir='ltr'>absurdi,</span> <span class='ocrx_word' id='word_1_5' title='bbox 454 143 507 180; x_wconf 89' lang='lat' dir='ltr'>sed</span> <span class='ocrx_word' id='word_1_6' title='bbox 527 154 599 178; x_wconf 86' lang='lat' dir='ltr'>eam</span> <span class='ocrx_word' id='word_1_7' title='bbox 618 140 872 191; x_wconf 75' lang='lat' dir='ltr'>suppositionem</span> <span class='ocrx_word' id='word_1_8' title='bbox 884 135 1031 172; x_wconf 73' lang='lat' dir='ltr'>‘Petavim</span> 
     </span>
     <span class='ocr_line' id='line_1_4' title="bbox 279 185 1030 244; baseline -0.02 -11"><span class='ocrx_word' id='word_1_9' title='bbox 279 194 418 244; x_wconf 77' lang='lat' dir='ltr'>expresse</span> <span class='ocrx_word' id='word_1_10' title='bbox 437 194 541 239; x_wconf 88' lang='lat' dir='ltr'>rejicit</span> <span class='ocrx_word' id='word_1_11' title='bbox 559 216 570 233; x_wconf 89' lang='lat'><strong>,</strong></span> <span class='ocrx_word' id='word_1_12' title='bbox 596 204 655 226; x_wconf 88' lang='lat' dir='ltr'>nec</span> <span class='ocrx_word' id='word_1_13' title='bbox 677 203 750 226; x_wconf 90' lang='lat' dir='ltr'>ante</span> <span class='ocrx_word' id='word_1_14' title='bbox 769 185 1030 232; x_wconf 88' lang='lat' dir='ltr'>decimumsepti-</span> 
     </span>
     <span class='ocr_line' id='line_1_5' title="bbox 279 234 1032 291; baseline -0.017 -10"><span class='ocrx_word' id='word_1_15' title='bbox 279 259 372 282; x_wconf 91' lang='lat' dir='ltr'>mum</span> <span class='ocrx_word' id='word_1_16' title='bbox 383 255 566 291; x_wconf 87' lang='lat' dir='ltr'>quenquam</span> <span class='ocrx_word' id='word_1_17' title='bbox 580 241 650 277; x_wconf 90' lang='lat' dir='ltr'>vult</span> <span class='ocrx_word' id='word_1_18' title='bbox 669 239 828 289; x_wconf 62' lang='lat' dir='ltr'>gener-fisse</span> <span class='ocrx_word' id='word_1_19' title='bbox 841 263 851 280; x_wconf 91' lang='lat'>‚</span> <span class='ocrx_word' id='word_1_20' title='bbox 863 235 932 271; x_wconf 79' lang='lat' dir='ltr'>imo</span> <span class='ocrx_word' id='word_1_21' title='bbox 952 234 974 268; x_wconf 87' lang='lat' dir='ltr'>sl</span> <span class='ocrx_word' id='word_1_22' title='bbox 985 235 1032 268; x_wconf 91' lang='lat' dir='ltr'>vi-</span> 
     </span>
     <span class='ocr_line' id='line_1_6' title="bbox 280 283 1033 344; baseline -0.016 -15"><span class='ocrx_word' id='word_1_23' title='bbox 280 296 520 344; x_wconf 78' lang='lat' dir='ltr'>gesimoquarto</span> <span class='ocrx_word' id='word_1_24' title='bbox 540 305 627 326; x_wconf 83' lang='lat' dir='ltr'>anno</span> <span class='ocrx_word' id='word_1_25' title='bbox 643 290 836 338; x_wconf 84' lang='lat' dir='ltr'>genuerint,</span> <span class='ocrx_word' id='word_1_26' title='bbox 860 286 932 320; x_wconf 84' lang='lat' dir='ltr'>satis</span> <span class='ocrx_word' id='word_1_27' title='bbox 953 283 1033 319; x_wconf 86' lang='lat' dir='ltr'>facit</span> 
     </span>
     <span class='ocr_line' id='line_1_7' title="bbox 281 341 653 378; baseline -0.011 0"><span class='ocrx_word' id='word_1_28' title='bbox 281 345 321 378; x_wconf 87' lang='lat' dir='ltr'>ad</span> <span class='ocrx_word' id='word_1_29' title='bbox 331 343 449 377; x_wconf 76' lang='lat' dir='ltr'>Petavii</span> <span class='ocrx_word' id='word_1_30' title='bbox 458 341 653 378; x_wconf 85' lang='lat' dir='ltr'>institutum.</span> 
     </span>
    </p>

    <p class='ocr_par' dir='ltr' id='par_1_4' title="bbox 277 383 1036 1027">
     <span class='ocr_line' id='line_1_8' title="bbox 328 383 1034 437; baseline -0.016 -9"><span class='ocrx_word' id='word_1_31' title='bbox 328 391 449 427; x_wconf 65' lang='lat' dir='ltr'>Tertio</span> <span class='ocrx_word' id='word_1_32' title='bbox 465 392 582 437; x_wconf 84' lang='lat' dir='ltr'>objicit</span> <span class='ocrx_word' id='word_1_33' title='bbox 600 386 770 422; x_wconf 77' lang='lat' dir='ltr'>VValtonm</span> <span class='ocrx_word' id='word_1_34' title='bbox 787 383 965 434; x_wconf 84' lang='lat' dir='ltr'>supponere</span> <span class='ocrx_word' id='word_1_35' title='bbox 978 386 1034 416; x_wconf 87' lang='lat' dir='ltr'>Pe-</span> 
     </span>
     <span class='ocr_line' id='line_1_9' title="bbox 280 431 1036 477; baseline -0.015 0"><span class='ocrx_word' id='word_1_36' title='bbox 280 442 395 477; x_wconf 70' lang='lat' dir='ltr'>tamum</span> <span class='ocrx_word' id='word_1_37' title='bbox 414 443 580 476; x_wconf 88' lang='lat' dir='ltr'>neminem</span> <span class='ocrx_word' id='word_1_38' title='bbox 600 437 666 472; x_wconf 82' lang='lat' dir='ltr'>istis</span> <span class='ocrx_word' id='word_1_39' title='bbox 679 438 770 472; x_wconf 91' lang='lat' dir='ltr'>annis</span> <span class='ocrx_word' id='word_1_40' title='bbox 783 437 934 470; x_wconf 84' lang='lat' dir='ltr'>trecentis</span> <span class='ocrx_word' id='word_1_41' title='bbox 947 431 1036 468; x_wconf 80' lang='lat' dir='ltr'>fuiffe</span> 
     </span>
     <span class='ocr_line' id='line_1_10' title="bbox 280 484 1036 534; baseline -0.017 -7"><span class='ocrx_word' id='word_1_42' title='bbox 280 502 451 527; x_wconf 87' lang='lat' dir='ltr'>mortuum</span> <span class='ocrx_word' id='word_1_43' title='bbox 464 515 474 532; x_wconf 89' lang='lat'>‚</span> <span class='ocrx_word' id='word_1_44' title='bbox 489 490 564 525; x_wconf 70' lang='lat' dir='ltr'>esim</span> <span class='ocrx_word' id='word_1_45' title='bbox 575 499 686 522; x_wconf 89' lang='lat' dir='ltr'>tamen</span> <span class='ocrx_word' id='word_1_46' title='bbox 701 484 929 534; x_wconf 83' lang='lat' dir='ltr'>frequentibus</span> <span class='ocrx_word' id='word_1_47' title='bbox 940 507 948 520; x_wconf 86' lang='lat'>‚</span> <span class='ocrx_word' id='word_1_48' title='bbox 967 493 1036 528; x_wconf 86' lang='lat' dir='ltr'>quae</span> 
     </span>
     <span class='ocr_line' id='line_1_11' title="bbox 282 529 1035 580; baseline -0.019 -5"><span class='ocrx_word' id='word_1_49' title='bbox 282 551 360 575; x_wconf 86' lang='lat' dir='ltr'>tunc</span> <span class='ocrx_word' id='word_1_50' title='bbox 370 540 503 575; x_wconf 87' lang='lat' dir='ltr'>fuerunt</span> <span class='ocrx_word' id='word_1_51' title='bbox 515 565 523 580; x_wconf 89' lang='lat'><em>‚</em></span> <span class='ocrx_word' id='word_1_52' title='bbox 534 539 641 574; x_wconf 87' lang='lat' dir='ltr'>bellis,</span> <span class='ocrx_word' id='word_1_53' title='bbox 654 536 778 571; x_wconf 88' lang='lat' dir='ltr'>multos</span> <span class='ocrx_word' id='word_1_54' title='bbox 786 529 968 569; x_wconf 82' lang='lat' dir='ltr'>occubuiffe</span> <span class='ocrx_word' id='word_1_55' title='bbox 981 542 1035 563; x_wconf 88' lang='lat' dir='ltr'>ne-</span> 
     </span>
     <span class='ocr_line' id='line_1_12' title="bbox 281 580 1035 636; baseline -0.02 -10"><span class='ocrx_word' id='word_1_56' title='bbox 281 590 359 625; x_wconf 86' lang='lat' dir='ltr'>cesse</span> <span class='ocrx_word' id='word_1_57' title='bbox 372 591 420 625; x_wconf 79' lang='lat' dir='ltr'>sit.</span> <span class='ocrx_word' id='word_1_58' title='bbox 447 588 544 636; x_wconf 86' lang='lat' dir='ltr'>Resp.</span> <span class='ocrx_word' id='word_1_59' title='bbox 567 590 783 634; x_wconf 83' lang='lat' dir='ltr'>Nequaquam</span> <span class='ocrx_word' id='word_1_60' title='bbox 796 583 859 618; x_wconf 92' lang='lat' dir='ltr'>hoc</span> <span class='ocrx_word' id='word_1_61' title='bbox 877 580 1035 627; x_wconf 88' lang='lat' dir='ltr'>supponit</span> 
     </span>
     <span class='ocr_line' id='line_1_13' title="bbox 278 629 1035 685; baseline -0.017 -11"><span class='ocrx_word' id='word_1_62' title='bbox 278 642 431 678; x_wconf 55' lang='lat' dir='ltr'>Patavina,</span> <span class='ocrx_word' id='word_1_63' title='bbox 441 640 571 674; x_wconf 76' lang='lat' dir='ltr'>tantum</span> <span class='ocrx_word' id='word_1_64' title='bbox 583 637 720 685; x_wconf 83' lang='lat' dir='ltr'>postulat</span> <span class='ocrx_word' id='word_1_65' title='bbox 730 634 805 668; x_wconf 88' lang='lat' dir='ltr'>viris</span> <span class='ocrx_word' id='word_1_66' title='bbox 816 631 947 677; x_wconf 83' lang='lat' dir='ltr'>singulis</span> <span class='ocrx_word' id='word_1_67' title='bbox 957 629 1035 662; x_wconf 76' lang='grc' dir='ltr'>οᾶο</span> 
     </span>
     <span class='ocr_line' id='line_1_14' title="bbox 278 677 1033 726; baseline -0.017 -2"><span class='ocrx_word' id='word_1_68' title='bbox 278 689 400 724; x_wconf 89' lang='lat' dir='ltr'>liberos</span> <span class='ocrx_word' id='word_1_69' title='bbox 411 701 514 723; x_wconf 88' lang='lat' dir='ltr'>mares</span> <span class='ocrx_word' id='word_1_70' title='bbox 524 686 647 722; x_wconf 79' lang='lat' dir='ltr'>dariab</span> <span class='ocrx_word' id='word_1_71' title='bbox 658 687 743 719; x_wconf 88' lang='lat' dir='ltr'>anno</span> <span class='ocrx_word' id='word_1_72' title='bbox 753 681 884 714; x_wconf 87' lang='lat' dir='ltr'>decimo</span> <span class='ocrx_word' id='word_1_73' title='bbox 895 677 1033 726; x_wconf 90' lang='lat' dir='ltr'>septimo</span> 
     </span>
     <span class='ocr_line' id='line_1_15' title="bbox 278 729 1034 786; baseline -0.017 -13"><span class='ocrx_word' id='word_1_74' title='bbox 278 739 319 773; x_wconf 87' lang='lat' dir='ltr'>ad</span> <span class='ocrx_word' id='word_1_75' title='bbox 329 738 521 786; x_wconf 78' lang='lat' dir='ltr'>vigesimum</span> <span class='ocrx_word' id='word_1_76' title='bbox 541 746 711 785; x_wconf 82' lang='lat' dir='ltr'>quartum,</span> <span class='ocrx_word' id='word_1_77' title='bbox 739 730 885 764; x_wconf 86' lang='lat' dir='ltr'>extentio</span> <span class='ocrx_word' id='word_1_78' title='bbox 902 729 1034 762; x_wconf 91' lang='lat' dir='ltr'>illorum</span> 
     </span>
     <span class='ocr_line' id='line_1_16' title="bbox 277 777 1033 836; baseline -0.021 -11"><span class='ocrx_word' id='word_1_79' title='bbox 277 801 392 836; x_wconf 85' lang='lat' dir='ltr'>parum</span> <span class='ocrx_word' id='word_1_80' title='bbox 401 786 541 822; x_wconf 81' lang='lat' dir='ltr'>detrahit</span> <span class='ocrx_word' id='word_1_81' title='bbox 554 781 671 819; x_wconf 77' lang='lat' dir='ltr'>Petavii</span> <span class='ocrx_word' id='word_1_82' title='bbox 683 779 835 815; x_wconf 90' lang='lat' dir='ltr'>instituto</span> <span class='ocrx_word' id='word_1_83' title='bbox 844 802 854 817; x_wconf 88' lang='lat'>‚</span> <span class='ocrx_word' id='word_1_84' title='bbox 865 777 935 812; x_wconf 73' lang='lat' dir='ltr'>imo</span> <span class='ocrx_word' id='word_1_85' title='bbox 947 777 968 811; x_wconf 90' lang='lat' dir='ltr'>s1</span> <span class='ocrx_word' id='word_1_86' title='bbox 980 777 1033 810; x_wconf 91' lang='lat' dir='ltr'>de-</span> 
     </span>
     <span class='ocr_line' id='line_1_17' title="bbox 277 825 1035 879; baseline -0.021 -6"><span class='ocrx_word' id='word_1_87' title='bbox 277 839 342 872; x_wconf 86' lang='lat' dir='ltr'>cies</span> <span class='ocrx_word' id='word_1_88' title='bbox 354 839 474 872; x_wconf 83' lang='lat' dir='ltr'>centies</span> <span class='ocrx_word' id='word_1_89' title='bbox 486 836 576 870; x_wconf 89' lang='lat' dir='ltr'>mille</span> <span class='ocrx_word' id='word_1_90' title='bbox 596 844 655 879; x_wconf 92' lang='lat' dir='ltr'>pro</span> <span class='ocrx_word' id='word_1_91' title='bbox 674 829 813 864; x_wconf 86' lang='lat' dir='ltr'>mortuis</span> <span class='ocrx_word' id='word_1_92' title='bbox 832 840 870 862; x_wconf 89' lang='lat' dir='ltr'>ex</span> <span class='ocrx_word' id='word_1_93' title='bbox 889 830 958 872; x_wconf 89' lang='lat' dir='ltr'>ejus</span> <span class='ocrx_word' id='word_1_94' title='bbox 970 825 1035 859; x_wconf 86' lang='lat' dir='ltr'>cal-</span> 
     </span>
     <span class='ocr_line' id='line_1_18' title="bbox 279 874 1034 923; baseline -0.017 -3"><span class='ocrx_word' id='word_1_95' title='bbox 279 887 355 920; x_wconf 92' lang='lat' dir='ltr'>culo</span> <span class='ocrx_word' id='word_1_96' title='bbox 366 885 523 919; x_wconf 87' lang='lat' dir='ltr'>subducas</span> <span class='ocrx_word' id='word_1_97' title='bbox 534 909 543 923; x_wconf 87' lang='lat'>,</span> <span class='ocrx_word' id='word_1_98' title='bbox 562 879 779 917; x_wconf 87' lang='lat' dir='ltr'>remanebunt</span> <span class='ocrx_word' id='word_1_99' title='bbox 790 889 828 912; x_wconf 84' lang='lat' dir='ltr'>ex</span> <span class='ocrx_word' id='word_1_100' title='bbox 842 875 947 910; x_wconf 88' lang='lat' dir='ltr'>tribus</span> <span class='ocrx_word' id='word_1_101' title='bbox 957 874 1034 908; x_wconf 72' lang='lat' dir='ltr'>Noae</span> 
     </span>
     <span class='ocr_line' id='line_1_19' title="bbox 277 923 1036 981; baseline -0.016 -12"><span class='ocrx_word' id='word_1_102' title='bbox 277 934 356 968; x_wconf 85' lang='lat' dir='ltr'>filiis</span> <span class='ocrx_word' id='word_1_103' title='bbox 368 934 413 968; x_wconf 91' lang='lat' dir='ltr'>sat</span> <span class='ocrx_word' id='word_1_104' title='bbox 423 946 542 981; x_wconf 86' lang='lat' dir='ltr'>magna</span> <span class='ocrx_word' id='word_1_105' title='bbox 557 928 740 965; x_wconf 76' lang='lat' dir='ltr'>multitudo</span> <span class='ocrx_word' id='word_1_106' title='bbox 753 927 792 961; x_wconf 87' lang='lat' dir='ltr'>ad</span> <span class='ocrx_word' id='word_1_107' title='bbox 809 923 1036 960; x_wconf 85' lang='lat' dir='ltr'>innumerabi-</span> 
     </span>
     <span class='ocr_line' id='line_1_20' title="bbox 277 977 756 1027; baseline -0.019 -8"><span class='ocrx_word' id='word_1_108' title='bbox 277 984 325 1018; x_wconf 84' lang='lat' dir='ltr'>les</span> <span class='ocrx_word' id='word_1_109' title='bbox 336 985 493 1018; x_wconf 87' lang='lat' dir='ltr'>exercitus</span> <span class='ocrx_word' id='word_1_110' title='bbox 504 977 756 1027; x_wconf 88' lang='lat' dir='ltr'>comparandos.</span> 
     </span>
    </p>

    <p class='ocr_par' dir='ltr' id='par_1_5' title="bbox 274 1023 1039 1903">
     <span class='ocr_line' id='line_1_21' title="bbox 329 1023 1037 1077; baseline -0.018 -9"><span class='ocrx_word' id='word_1_111' title='bbox 329 1035 496 1077; x_wconf 91' lang='lat' dir='ltr'>Quartum</span> <span class='ocrx_word' id='word_1_112' title='bbox 516 1028 667 1065; x_wconf 81' lang='lat' dir='ltr'>VValtoni</span> <span class='ocrx_word' id='word_1_113' title='bbox 690 1034 935 1074; x_wconf 85' lang='lat' dir='ltr'>argumentum.</span> <span class='ocrx_word' id='word_1_114' title='bbox 968 1023 1037 1056; x_wconf 90' lang='lat' dir='ltr'>He-</span> 
     </span>
     <span class='ocr_line' id='line_1_22' title="bbox 278 1069 1036 1125; baseline -0.017 -8"><span class='ocrx_word' id='word_1_115' title='bbox 278 1082 407 1117; x_wconf 88' lang='lat' dir='ltr'>braicus</span> <span class='ocrx_word' id='word_1_116' title='bbox 420 1081 563 1115; x_wconf 89' lang='lat' dir='ltr'>calculus</span> <span class='ocrx_word' id='word_1_117' title='bbox 577 1077 592 1122; x_wconf 83' lang='lat'>(</span> <span class='ocrx_word' id='word_1_118' title='bbox 604 1076 734 1125; x_wconf 85' lang='lat' dir='ltr'>inquit)</span> <span class='ocrx_word' id='word_1_119' title='bbox 749 1074 905 1122; x_wconf 86' lang='lat' dir='ltr'>supponit</span> <span class='ocrx_word' id='word_1_120' title='bbox 915 1069 1036 1107; x_wconf 73' lang='lat' dir='ltr'>eAbra-</span> 
     </span>
     <span class='ocr_line' id='line_1_23' title="bbox 278 1122 1035 1173; baseline -0.016 -7"><span class='ocrx_word' id='word_1_121' title='bbox 278 1129 358 1166; x_wconf 78' lang='lat' dir='ltr'>hami</span> <span class='ocrx_word' id='word_1_122' title='bbox 369 1135 401 1166; x_wconf 88' lang='lat'>&amp;</span> <span class='ocrx_word' id='word_1_123' title='bbox 412 1134 488 1164; x_wconf 83' lang='lat' dir='ltr'>Sarae</span> <span class='ocrx_word' id='word_1_124' title='bbox 501 1127 614 1163; x_wconf 90' lang='lat' dir='ltr'>diebus</span> <span class='ocrx_word' id='word_1_125' title='bbox 628 1123 737 1162; x_wconf 71' lang='lat' dir='ltr'>vixiss&#39;c</span> <span class='ocrx_word' id='word_1_126' title='bbox 746 1123 892 1173; x_wconf 83' lang='lat' dir='ltr'>ipsorum</span> <span class='ocrx_word' id='word_1_127' title='bbox 903 1122 1035 1160; x_wconf 86' lang='lat' dir='ltr'>abavos,</span> 
     </span>
     <span class='ocr_line' id='line_1_24' title="bbox 277 1172 1036 1225; baseline -0.016 -9"><span class='ocrx_word' id='word_1_128' title='bbox 277 1184 311 1216; x_wconf 66' lang='grc' dir='ltr'>δέ</span> <span class='ocrx_word' id='word_1_129' title='bbox 329 1182 465 1215; x_wconf 84' lang='lat' dir='ltr'>tritavos</span> <span class='ocrx_word' id='word_1_130' title='bbox 479 1203 488 1219; x_wconf 89' lang='lat'>,</span> <span class='ocrx_word' id='word_1_131' title='bbox 504 1178 671 1225; x_wconf 86' lang='lat' dir='ltr'>nihilergo</span> <span class='ocrx_word' id='word_1_132' title='bbox 681 1187 747 1210; x_wconf 85' lang='lat' dir='ltr'>erat</span> <span class='ocrx_word' id='word_1_133' title='bbox 766 1172 857 1222; x_wconf 87' lang='lat' dir='ltr'>quod</span> <span class='ocrx_word' id='word_1_134' title='bbox 869 1173 1036 1206; x_wconf 89' lang='lat' dir='ltr'>miraretur</span> 
     </span>
     <span class='ocr_line' id='line_1_25' title="bbox 276 1221 1036 1270; baseline -0.016 -5"><span class='ocrx_word' id='word_1_135' title='bbox 276 1234 346 1265; x_wconf 80' lang='lat' dir='ltr'>Sara</span> <span class='ocrx_word' id='word_1_136' title='bbox 363 1227 568 1265; x_wconf 76' lang='lat' dir='ltr'>Abrahamum</span> <span class='ocrx_word' id='word_1_137' title='bbox 589 1239 677 1262; x_wconf 90' lang='lat' dir='ltr'>anno</span> <span class='ocrx_word' id='word_1_138' title='bbox 695 1228 764 1270; x_wconf 85' lang='lat' dir='ltr'>ejus</span> <span class='ocrx_word' id='word_1_139' title='bbox 787 1221 964 1258; x_wconf 73' lang='lat' dir='ltr'>centesimo</span> <span class='ocrx_word' id='word_1_140' title='bbox 979 1233 1036 1268; x_wconf 82' lang='lat' dir='ltr'>ge—</span> 
     </span>
     <span class='ocr_line' id='line_1_26' title="bbox 276 1270 1035 1322; baseline -0.016 -8"><span class='ocrx_word' id='word_1_141' title='bbox 276 1277 377 1314; x_wconf 83' lang='lat' dir='ltr'>nuisse</span> <span class='ocrx_word' id='word_1_142' title='bbox 390 1289 470 1319; x_wconf 85' lang='lat' dir='ltr'>,aut</span> <span class='ocrx_word' id='word_1_143' title='bbox 484 1276 512 1312; x_wconf 89' lang='lat' dir='ltr'>se</span> <span class='ocrx_word' id='word_1_144' title='bbox 530 1278 587 1312; x_wconf 73' lang='lat' dir='ltr'>suo</span> <span class='ocrx_word' id='word_1_145' title='bbox 598 1274 815 1322; x_wconf 81' lang='lat' dir='ltr'>nonagesimo</span> <span class='ocrx_word' id='word_1_146' title='bbox 835 1270 1035 1317; x_wconf 76' lang='lat' dir='ltr'>concepisse:</span> 
     </span>
     <span class='ocr_line' id='line_1_27' title="bbox 276 1320 1036 1377; baseline -0.016 -13"><span class='ocrx_word' id='word_1_147' title='bbox 276 1341 354 1364; x_wconf 82' lang='lat' dir='ltr'>nam</span> <span class='ocrx_word' id='word_1_148' title='bbox 365 1328 595 1377; x_wconf 83' lang='lat' dir='ltr'>generationes</span> <span class='ocrx_word' id='word_1_149' title='bbox 611 1322 793 1360; x_wconf 82' lang='lat' dir='ltr'>istiusmodi</span> <span class='ocrx_word' id='word_1_150' title='bbox 812 1323 846 1356; x_wconf 94' lang='lat' dir='ltr'>in</span> <span class='ocrx_word' id='word_1_151' title='bbox 858 1320 921 1355; x_wconf 84' lang='lat' dir='ltr'>suis</span> <span class='ocrx_word' id='word_1_152' title='bbox 931 1323 1036 1364; x_wconf 84' lang='lat' dir='ltr'>majo-</span> 
     </span>
     <span class='ocr_line' id='line_1_28' title="bbox 277 1370 1038 1417; baseline -0.014 -5"><span class='ocrx_word' id='word_1_153' title='bbox 277 1378 368 1413; x_wconf 86' lang='lat' dir='ltr'>ribus</span> <span class='ocrx_word' id='word_1_154' title='bbox 389 1376 496 1412; x_wconf 84' lang='lat' dir='ltr'>secum</span> <span class='ocrx_word' id='word_1_155' title='bbox 523 1375 712 1412; x_wconf 88' lang='lat' dir='ltr'>viventibus</span> <span class='ocrx_word' id='word_1_156' title='bbox 737 1382 829 1407; x_wconf 83' lang='lat' dir='ltr'>erant</span> <span class='ocrx_word' id='word_1_157' title='bbox 844 1370 1038 1417; x_wconf 76' lang='lat' dir='ltr'>frequentes,</span> 
     </span>
     <span class='ocr_line' id='line_1_29' title="bbox 278 1415 1037 1475; baseline -0.014 -14"><span class='ocrx_word' id='word_1_158' title='bbox 278 1426 379 1475; x_wconf 89' lang='lat' dir='ltr'>Resp.</span> <span class='ocrx_word' id='word_1_159' title='bbox 402 1425 533 1462; x_wconf 87' lang='lat' dir='ltr'>Diebus</span> <span class='ocrx_word' id='word_1_160' title='bbox 546 1422 714 1461; x_wconf 78' lang='lat' dir='ltr'>Abrahami</span> <span class='ocrx_word' id='word_1_161' title='bbox 730 1423 927 1457; x_wconf 84' lang='lat' dir='ltr'>decurtatam</span> <span class='ocrx_word' id='word_1_162' title='bbox 946 1415 1037 1453; x_wconf 82' lang='lat' dir='ltr'>fuisse</span> 
     </span>
     <span class='ocr_line' id='line_1_30' title="bbox 278 1468 1035 1521; baseline -0.013 -10"><span class='ocrx_word' id='word_1_163' title='bbox 278 1478 381 1511; x_wconf 88' lang='lat' dir='ltr'>vitam</span> <span class='ocrx_word' id='word_1_164' title='bbox 415 1476 594 1510; x_wconf 80' lang='lat' dir='ltr'>humanam</span> <span class='ocrx_word' id='word_1_165' title='bbox 631 1471 733 1521; x_wconf 71' lang='lat' dir='ltr'>longe</span> <span class='ocrx_word' id='word_1_166' title='bbox 764 1472 845 1504; x_wconf 82' lang='lat' dir='ltr'>ultra</span> <span class='ocrx_word' id='word_1_167' title='bbox 862 1468 1035 1503; x_wconf 89' lang='lat' dir='ltr'>dimidium</span> 
     </span>
     <span class='ocr_line' id='line_1_31' title="bbox 274 1517 1037 1570; baseline -0.014 -10"><span class='ocrx_word' id='word_1_168' title='bbox 274 1524 415 1561; x_wconf 84' lang='lat' dir='ltr'>suorum</span> <span class='ocrx_word' id='word_1_169' title='bbox 434 1528 594 1570; x_wconf 86' lang='lat' dir='ltr'>majorum</span> <span class='ocrx_word' id='word_1_170' title='bbox 608 1548 616 1560; x_wconf 92' lang='lat'><strong><em>,</em></strong></span> <span class='ocrx_word' id='word_1_171' title='bbox 641 1518 793 1570; x_wconf 67' lang='lat' dir='ltr'>praeterea</span> <span class='ocrx_word' id='word_1_172' title='bbox 807 1517 959 1567; x_wconf 88' lang='lat' dir='ltr'>supponit</span> <span class='ocrx_word' id='word_1_173' title='bbox 972 1518 1037 1551; x_wconf 93' lang='lat' dir='ltr'>cal-</span> 
     </span>
     <span class='ocr_line' id='line_1_32' title="bbox 278 1564 1038 1618; baseline -0.013 -9"><span class='ocrx_word' id='word_1_174' title='bbox 278 1575 368 1609; x_wconf 88' lang='lat' dir='ltr'>culus</span> <span class='ocrx_word' id='word_1_175' title='bbox 384 1574 570 1609; x_wconf 82' lang='lat' dir='ltr'>Hebraicus</span> <span class='ocrx_word' id='word_1_176' title='bbox 585 1572 692 1608; x_wconf 82' lang='lat' dir='ltr'>vixisse</span> <span class='ocrx_word' id='word_1_177' title='bbox 705 1569 839 1618; x_wconf 88' lang='lat' dir='ltr'>quidem</span> <span class='ocrx_word' id='word_1_178' title='bbox 853 1566 923 1615; x_wconf 88' lang='lat' dir='ltr'>post</span> <span class='ocrx_word' id='word_1_179' title='bbox 935 1564 1038 1602; x_wconf 77' lang='lat' dir='ltr'>Abra-</span> 
     </span>
     <span class='ocr_line' id='line_1_33' title="bbox 278 1613 1037 1665; baseline -0.012 -7"><span class='ocrx_word' id='word_1_180' title='bbox 278 1621 319 1658; x_wconf 79' lang='lat' dir='ltr'>hae</span> <span class='ocrx_word' id='word_1_181' title='bbox 340 1625 543 1658; x_wconf 84' lang='lat' dir='ltr'>nativitatem</span> <span class='ocrx_word' id='word_1_182' title='bbox 563 1622 682 1655; x_wconf 89' lang='lat' dir='ltr'>multos</span> <span class='ocrx_word' id='word_1_183' title='bbox 703 1623 772 1665; x_wconf 87' lang='lat' dir='ltr'>ejus</span> <span class='ocrx_word' id='word_1_184' title='bbox 792 1621 930 1661; x_wconf 87' lang='lat' dir='ltr'>majores</span> <span class='ocrx_word' id='word_1_185' title='bbox 948 1641 958 1657; x_wconf 92' lang='lat'><strong><em>,</em></strong></span> <span class='ocrx_word' id='word_1_186' title='bbox 985 1613 1037 1649; x_wconf 90' lang='lat' dir='ltr'>sed</span> 
     </span>
     <span class='ocr_line' id='line_1_34' title="bbox 279 1668 1036 1720; baseline -0.012 -13"><span class='ocrx_word' id='word_1_187' title='bbox 279 1671 370 1720; x_wconf 74' lang='lat' dir='ltr'>quod</span> <span class='ocrx_word' id='word_1_188' title='bbox 399 1684 512 1706; x_wconf 90' lang='lat' dir='ltr'>eorum</span> <span class='ocrx_word' id='word_1_189' title='bbox 532 1670 700 1719; x_wconf 87' lang='lat' dir='ltr'>quisquam</span> <span class='ocrx_word' id='word_1_190' title='bbox 732 1668 852 1703; x_wconf 89' lang='lat' dir='ltr'>liberos</span> <span class='ocrx_word' id='word_1_191' title='bbox 879 1677 958 1700; x_wconf 92' lang='lat' dir='ltr'>tunc</span> <span class='ocrx_word' id='word_1_192' title='bbox 976 1678 1036 1712; x_wconf 72' lang='lat' dir='ltr'>ge-</span> 
     </span>
     <span class='ocr_line' id='line_1_35' title="bbox 278 1716 1037 1770; baseline -0.011 -14"><span class='ocrx_word' id='word_1_193' title='bbox 278 1722 406 1761; x_wconf 90' lang='lat' dir='ltr'>nuerit,</span> <span class='ocrx_word' id='word_1_194' title='bbox 435 1733 642 1770; x_wconf 88' lang='lat' dir='ltr'>nequaquam</span> <span class='ocrx_word' id='word_1_195' title='bbox 661 1718 835 1766; x_wconf 81' lang='lat' dir='ltr'>supponit,</span> <span class='ocrx_word' id='word_1_196' title='bbox 861 1716 981 1751; x_wconf 88' lang='lat' dir='ltr'>nedum</span> <span class='ocrx_word' id='word_1_197' title='bbox 1002 1724 1037 1748; x_wconf 88' lang='lat' dir='ltr'>ut</span> 
     </span>
     <span class='ocr_line' id='line_1_36' title="bbox 281 1762 1039 1805; baseline -0.008 -1"><span class='ocrx_word' id='word_1_198' title='bbox 281 1770 344 1804; x_wconf 86' lang='lat' dir='ltr'>ulla</span> <span class='ocrx_word' id='word_1_199' title='bbox 377 1772 495 1805; x_wconf 89' lang='lat' dir='ltr'>mulier</span> <span class='ocrx_word' id='word_1_200' title='bbox 531 1769 646 1804; x_wconf 91' lang='lat' dir='ltr'>diebus</span> <span class='ocrx_word' id='word_1_201' title='bbox 674 1763 860 1804; x_wconf 59' lang='lat' dir='ltr'>«Abrahami</span> <span class='ocrx_word' id='word_1_202' title='bbox 879 1762 1039 1800; x_wconf 76' lang='lat' dir='ltr'>ordinarie</span> 
     </span>
     <span class='ocr_line' id='line_1_37' title="bbox 282 1813 1038 1866; baseline -0.007 -13"><span class='ocrx_word' id='word_1_203' title='bbox 282 1821 457 1866; x_wconf 86' lang='lat' dir='ltr'>concipere</span> <span class='ocrx_word' id='word_1_204' title='bbox 502 1820 646 1866; x_wconf 89' lang='lat' dir='ltr'>potuerit</span> <span class='ocrx_word' id='word_1_205' title='bbox 682 1829 770 1852; x_wconf 90' lang='lat' dir='ltr'>anno</span> <span class='ocrx_word' id='word_1_206' title='bbox 793 1813 854 1849; x_wconf 88' lang='lat' dir='ltr'>suo</span> <span class='ocrx_word' id='word_1_207' title='bbox 889 1826 1038 1862; x_wconf 86' lang='lat' dir='ltr'>nonage-</span> 
     </span>
     <span class='ocr_line' id='line_1_38' title="bbox 281 1868 377 1903; baseline -0.01 0"><span class='ocrx_word' id='word_1_208' title='bbox 281 1868 377 1903; x_wconf 84' lang='lat' dir='ltr'>fimo.</span> 
     </span>
    </p>

    <p class='ocr_par' dir='ltr' id='par_1_6' title="bbox 282 1909 1044 2835">
     <span class='ocr_line' id='line_1_39' title="bbox 333 1909 1039 1952; baseline -0.008 -1"><span class='ocrx_word' id='word_1_209' title='bbox 333 1919 427 1952; x_wconf 84' lang='lat' dir='ltr'>Plura</span> <span class='ocrx_word' id='word_1_210' title='bbox 451 1928 521 1951; x_wconf 88' lang='lat' dir='ltr'>non</span> <span class='ocrx_word' id='word_1_211' title='bbox 546 1915 646 1951; x_wconf 89' lang='lat' dir='ltr'>video</span> <span class='ocrx_word' id='word_1_212' title='bbox 674 1912 866 1950; x_wconf 83' lang='lat' dir='ltr'>VValtonum</span> <span class='ocrx_word' id='word_1_213' title='bbox 890 1909 1039 1947; x_wconf 75' lang='lat' dir='ltr'>addidisse</span> 
     </span>
     <span class='ocr_line' id='line_1_40' title="bbox 282 1960 1037 2016; baseline -0.009 -15"><span class='ocrx_word' id='word_1_214' title='bbox 282 1969 377 2016; x_wconf 60' lang='lat' dir='ltr'>Iſsiaco</span> <span class='ocrx_word' id='word_1_215' title='bbox 390 1976 601 2013; x_wconf 84' lang='lat' dir='ltr'>argumenta,</span> <span class='ocrx_word' id='word_1_216' title='bbox 622 1977 693 2013; x_wconf 84' lang='lat' dir='ltr'>quae</span> <span class='ocrx_word' id='word_1_217' title='bbox 705 1963 801 2010; x_wconf 82' lang='lat' dir='ltr'>ipsius</span> <span class='ocrx_word' id='word_1_218' title='bbox 819 1960 971 1998; x_wconf 78' lang='lat' dir='ltr'>VValtom&#39;</span> <span class='ocrx_word' id='word_1_219' title='bbox 987 1962 1037 1994; x_wconf 90' lang='lat' dir='ltr'>in-</span> 
     </span>
     <span class='ocr_line' id='line_1_41' title="bbox 283 2013 1039 2064; baseline -0.009 -14"><span class='ocrx_word' id='word_1_220' title='bbox 283 2017 431 2064; x_wconf 82' lang='lat' dir='ltr'>genuitas</span> <span class='ocrx_word' id='word_1_221' title='bbox 440 2015 511 2062; x_wconf 88' lang='lat' dir='ltr'>post</span> <span class='ocrx_word' id='word_1_222' title='bbox 522 2014 709 2050; x_wconf 84' lang='lat' dir='ltr'>revisionem</span> <span class='ocrx_word' id='word_1_223' title='bbox 719 2013 858 2058; x_wconf 86' lang='lat' dir='ltr'>judicet,</span> <span class='ocrx_word' id='word_1_224' title='bbox 876 2023 958 2046; x_wconf 87' lang='lat' dir='ltr'>num</span> <span class='ocrx_word' id='word_1_225' title='bbox 967 2021 1039 2044; x_wconf 82' lang='lat' dir='ltr'>tan-</span> 
     </span>
     <span class='ocr_line' id='line_1_42' title="bbox 283 2059 1039 2104; baseline -0.008 -5"><span class='ocrx_word' id='word_1_226' title='bbox 283 2067 309 2099; x_wconf 89' lang='lat' dir='ltr'>ti</span> <span class='ocrx_word' id='word_1_227' title='bbox 323 2065 450 2099; x_wconf 88' lang='lat' dir='ltr'>roboris</span> <span class='ocrx_word' id='word_1_228' title='bbox 465 2064 523 2099; x_wconf 82' lang='lat' dir='ltr'>[int</span> <span class='ocrx_word' id='word_1_229' title='bbox 536 2089 546 2104; x_wconf 93' lang='lat'>,</span> <span class='ocrx_word' id='word_1_230' title='bbox 573 2075 611 2098; x_wconf 83' lang='lat' dir='ltr'>ut</span> <span class='ocrx_word' id='word_1_231' title='bbox 622 2062 873 2098; x_wconf 83' lang='lat' dir='ltr'>fundamentum</span> <span class='ocrx_word' id='word_1_232' title='bbox 890 2061 967 2095; x_wconf 88' lang='lat' dir='ltr'>dent</span> <span class='ocrx_word' id='word_1_233' title='bbox 982 2059 1039 2094; x_wconf 91' lang='lat' dir='ltr'>du-</span> 
     </span>
     <span class='ocr_line' id='line_1_43' title="bbox 286 2108 1041 2149; baseline -0.008 -1"><span class='ocrx_word' id='word_1_234' title='bbox 286 2112 407 2148; x_wconf 73' lang='lat' dir='ltr'>rissimo</span> <span class='ocrx_word' id='word_1_235' title='bbox 426 2112 484 2149; x_wconf 88' lang='lat' dir='ltr'>suo</span> <span class='ocrx_word' id='word_1_236' title='bbox 502 2115 536 2147; x_wconf 91' lang='lat' dir='ltr'>in</span> <span class='ocrx_word' id='word_1_237' title='bbox 558 2113 720 2147; x_wconf 87' lang='lat' dir='ltr'>contraria</span> <span class='ocrx_word' id='word_1_238' title='bbox 738 2110 909 2145; x_wconf 84' lang='lat' dir='ltr'>sentientes</span> <span class='ocrx_word' id='word_1_239' title='bbox 928 2108 1041 2143; x_wconf 87' lang='lat' dir='ltr'>sarcas-</span> 
     </span>
     <span class='ocr_line' id='line_1_44' title="bbox 285 2158 1041 2209; baseline -0.008 -12"><span class='ocrx_word' id='word_1_240' title='bbox 285 2175 358 2199; x_wconf 85' lang='lat' dir='ltr'>mo,</span> <span class='ocrx_word' id='word_1_241' title='bbox 369 2163 485 2209; x_wconf 84' lang='lat' dir='ltr'>vulgus</span> <span class='ocrx_word' id='word_1_242' title='bbox 496 2161 529 2195; x_wconf 88' lang='lat' dir='ltr'>hi</span> <span class='ocrx_word' id='word_1_243' title='bbox 540 2174 654 2196; x_wconf 89' lang='lat' dir='ltr'>omncs</span> <span class='ocrx_word' id='word_1_244' title='bbox 664 2161 724 2195; x_wconf 82' lang='lat' dir='ltr'>sint</span> <span class='ocrx_word' id='word_1_245' title='bbox 735 2170 868 2206; x_wconf 91' lang='lat' dir='ltr'>oportet</span> <span class='ocrx_word' id='word_1_246' title='bbox 881 2158 1041 2192; x_wconf 86' lang='lat' dir='ltr'>Chrono-</span> 
     </span>
     <span class='ocr_line' id='line_1_45' title="bbox 285 2205 1041 2259; baseline -0.008 -13"><span class='ocrx_word' id='word_1_247' title='bbox 285 2213 443 2259; x_wconf 84' lang='lat' dir='ltr'>logorurn</span> <span class='ocrx_word' id='word_1_248' title='bbox 455 2235 464 2247; x_wconf 86' lang='lat'><em>,</em></span> <span class='ocrx_word' id='word_1_249' title='bbox 489 2210 608 2257; x_wconf 90' lang='lat' dir='ltr'>quibus</span> <span class='ocrx_word' id='word_1_250' title='bbox 619 2209 698 2243; x_wconf 86' lang='lat' dir='ltr'>nihil</span> <span class='ocrx_word' id='word_1_251' title='bbox 717 2208 761 2243; x_wconf 92' lang='lat' dir='ltr'>est</span> <span class='ocrx_word' id='word_1_252' title='bbox 778 2221 859 2243; x_wconf 83' lang='lat' dir='ltr'>curae</span> <span class='ocrx_word' id='word_1_253' title='bbox 871 2206 901 2241; x_wconf 93' lang='lat' dir='ltr'>se</span> <span class='ocrx_word' id='word_1_254' title='bbox 914 2205 1041 2241; x_wconf 65' lang='lat' dir='ltr'>evam‘-</span> 
     </span>
     <span class='ocr_line' id='line_1_46' title="bbox 284 2255 1040 2306; baseline -0.009 -12"><span class='ocrx_word' id='word_1_255' title='bbox 284 2276 340 2306; x_wconf 59' lang='lat' dir='ltr'>gott</span> <span class='ocrx_word' id='word_1_256' title='bbox 351 2285 360 2301; x_wconf 89' lang='lat'>,</span> <span class='ocrx_word' id='word_1_257' title='bbox 372 2264 404 2295; x_wconf 69' lang='grc' dir='ltr'>δι</span> <span class='ocrx_word' id='word_1_258' title='bbox 418 2258 667 2294; x_wconf 84' lang='lat' dir='ltr'>absurditatibus</span> <span class='ocrx_word' id='word_1_259' title='bbox 678 2257 825 2305; x_wconf 83' lang='lat' dir='ltr'>expedire</span> <span class='ocrx_word' id='word_1_260' title='bbox 839 2270 849 2296; x_wconf 90' lang='lat'>;</span> <span class='ocrx_word' id='word_1_261' title='bbox 866 2255 985 2303; x_wconf 91' lang='lat' dir='ltr'>quibus</span> <span class='ocrx_word' id='word_1_262' title='bbox 995 2255 1040 2288; x_wconf 86' lang='lat' dir='ltr'>nil</span> 
     </span>
     <span class='ocr_line' id='line_1_47' title="bbox 284 2303 1041 2344; baseline -0.009 0"><span class='ocrx_word' id='word_1_263' title='bbox 284 2313 371 2344; x_wconf 82' lang='lat' dir='ltr'>intra</span> <span class='ocrx_word' id='word_1_264' title='bbox 383 2308 425 2344; x_wconf 84' lang='lat' dir='ltr'>est</span> <span class='ocrx_word' id='word_1_265' title='bbox 435 2311 540 2344; x_wconf 88' lang='lat' dir='ltr'>oleam</span> <span class='ocrx_word' id='word_1_266' title='bbox 552 2332 561 2344; x_wconf 88' lang='lat'><em>‚</em></span> <span class='ocrx_word' id='word_1_267' title='bbox 583 2309 629 2342; x_wconf 87' lang='lat' dir='ltr'>nil</span> <span class='ocrx_word' id='word_1_268' title='bbox 647 2318 736 2342; x_wconf 82' lang='lat' dir='ltr'>extra</span> <span class='ocrx_word' id='word_1_269' title='bbox 746 2305 789 2340; x_wconf 89' lang='lat' dir='ltr'>est</span> <span class='ocrx_word' id='word_1_270' title='bbox 808 2307 841 2339; x_wconf 89' lang='lat' dir='ltr'>in</span> <span class='ocrx_word' id='word_1_271' title='bbox 854 2317 939 2339; x_wconf 91' lang='lat' dir='ltr'>nuce</span> <span class='ocrx_word' id='word_1_272' title='bbox 951 2303 1041 2338; x_wconf 85' lang='lat' dir='ltr'>duri:</span> 
     </span>
     <span class='ocr_line' id='line_1_48' title="bbox 284 2351 1041 2406; baseline -0.012 -12"><span class='ocrx_word' id='word_1_273' title='bbox 284 2361 321 2394; x_wconf 86' lang='lat' dir='ltr'>in</span> <span class='ocrx_word' id='word_1_274' title='bbox 333 2360 435 2406; x_wconf 85' lang='lat' dir='ltr'>vulgo</span> <span class='ocrx_word' id='word_1_275' title='bbox 449 2359 514 2393; x_wconf 90' lang='lat' dir='ltr'>hoc</span> <span class='ocrx_word' id='word_1_276' title='bbox 528 2357 822 2403; x_wconf 83' lang='lat' dir='ltr'>Chronologorum</span> <span class='ocrx_word' id='word_1_277' title='bbox 839 2354 923 2388; x_wconf 80' lang='lat' dir='ltr'>stant</span> <span class='ocrx_word' id='word_1_278' title='bbox 935 2378 945 2394; x_wconf 92' lang='lat'>‚</span> <span class='ocrx_word' id='word_1_279' title='bbox 971 2351 1041 2399; x_wconf 89' lang='lat' dir='ltr'>ipso</span> 
     </span>
     <span class='ocr_line' id='line_1_49' title="bbox 285 2402 1042 2456; baseline -0.009 -14"><span class='ocrx_word' id='word_1_280' title='bbox 285 2409 396 2443; x_wconf 81' lang='lat' dir='ltr'>Briano</span> <span class='ocrx_word' id='word_1_281' title='bbox 407 2411 438 2442; x_wconf 72' lang='grc' dir='ltr'>δε</span> <span class='ocrx_word' id='word_1_282' title='bbox 450 2408 542 2456; x_wconf 62' lang='lat' dir='ltr'>(ficato</span> <span class='ocrx_word' id='word_1_283' title='bbox 551 2406 698 2441; x_wconf 85' lang='lat' dir='ltr'>lubenter</span> <span class='ocrx_word' id='word_1_284' title='bbox 708 2403 886 2440; x_wconf 84' lang='lat' dir='ltr'>fatentibus</span> <span class='ocrx_word' id='word_1_285' title='bbox 896 2429 904 2442; x_wconf 87' lang='lat'><em>‚</em></span> <span class='ocrx_word' id='word_1_286' title='bbox 918 2402 1042 2449; x_wconf 79' lang='lat' dir='ltr'>magni&gt;</span> 
     </span>
     <span class='ocr_line' id='line_1_50' title="bbox 286 2452 1042 2503; baseline -0.012 -10"><span class='ocrx_word' id='word_1_287' title='bbox 286 2458 310 2492; x_wconf 87' lang='lat' dir='ltr'>fi</span> <span class='ocrx_word' id='word_1_288' title='bbox 323 2471 391 2493; x_wconf 91' lang='lat' dir='ltr'>non</span> <span class='ocrx_word' id='word_1_289' title='bbox 401 2458 536 2492; x_wconf 77' lang='lat' dir='ltr'>maximi</span> <span class='ocrx_word' id='word_1_290' title='bbox 549 2458 607 2491; x_wconf 89' lang='lat' dir='ltr'>viri</span> <span class='ocrx_word' id='word_1_291' title='bbox 619 2482 628 2496; x_wconf 82' lang='lat'><strong><em>,</em></strong></span> <span class='ocrx_word' id='word_1_292' title='bbox 644 2453 774 2503; x_wconf 69' lang='lat' dir='ltr'>Iofiphus</span> <span class='ocrx_word' id='word_1_293' title='bbox 784 2452 911 2503; x_wconf 81' lang='lat' dir='ltr'>Scaliger</span> <span class='ocrx_word' id='word_1_294' title='bbox 921 2476 929 2490; x_wconf 76' lang='lat'>‚</span> <span class='ocrx_word' id='word_1_295' title='bbox 948 2455 1042 2485; x_wconf 78' lang='lat' dir='ltr'>Peta-</span> 
     </span>
     <span class='ocr_line' id='line_1_51' title="bbox 286 2501 1041 2551; baseline -0.009 -10"><span class='ocrx_word' id='word_1_296' title='bbox 286 2508 366 2546; x_wconf 53' lang='grc' dir='ltr'>νέαις,</span> <span class='ocrx_word' id='word_1_297' title='bbox 379 2507 519 2540; x_wconf 80' lang='lat' dir='ltr'>Gerardus</span> <span class='ocrx_word' id='word_1_298' title='bbox 528 2509 560 2541; x_wconf 92' lang='lat' dir='ltr'><em>V</em></span> <span class='ocrx_word' id='word_1_299' title='bbox 561 2506 653 2551; x_wconf 70' lang='lat' dir='ltr'>ossm,</span> <span class='ocrx_word' id='word_1_300' title='bbox 667 2503 834 2538; x_wconf 79' lang='lat' dir='ltr'>Ludovicus</span> <span class='ocrx_word' id='word_1_301' title='bbox 846 2501 976 2550; x_wconf 77' lang='lat' dir='ltr'>Capellm</span> <span class='ocrx_word' id='word_1_302' title='bbox 987 2525 997 2541; x_wconf 90' lang='lat'><strong>,</strong></span> <span class='ocrx_word' id='word_1_303' title='bbox 1009 2504 1041 2534; x_wconf 87' lang='lat'><strong>&amp;</strong></span> 
     </span>
     <span class='ocr_line' id='line_1_52' title="bbox 287 2552 1044 2603; baseline -0.009 -13"><span class='ocrx_word' id='word_1_304' title='bbox 287 2558 341 2590; x_wconf 82' lang='lat' dir='ltr'>alii</span> <span class='ocrx_word' id='word_1_305' title='bbox 354 2568 476 2603; x_wconf 81' lang='lat' dir='ltr'>magno</span> <span class='ocrx_word' id='word_1_306' title='bbox 492 2567 632 2589; x_wconf 91' lang='lat' dir='ltr'>numero</span> <span class='ocrx_word' id='word_1_307' title='bbox 645 2579 655 2595; x_wconf 91' lang='lat'><strong>,</strong></span> <span class='ocrx_word' id='word_1_308' title='bbox 678 2552 728 2588; x_wconf 89' lang='lat' dir='ltr'>sed</span> <span class='ocrx_word' id='word_1_309' title='bbox 739 2552 835 2586; x_wconf 89' lang='lat' dir='ltr'>nobis</span> <span class='ocrx_word' id='word_1_310' title='bbox 846 2563 919 2585; x_wconf 87' lang='lat' dir='ltr'>ante</span> <span class='ocrx_word' id='word_1_311' title='bbox 930 2563 1044 2584; x_wconf 87' lang='lat' dir='ltr'>omnes</span> 
     </span>
     <span class='ocr_line' id='line_1_53' title="bbox 289 2600 1041 2650; baseline -0.009 -11"><span class='ocrx_word' id='word_1_312' title='bbox 289 2604 334 2640; x_wconf 85' lang='lat' dir='ltr'>est</span> <span class='ocrx_word' id='word_1_313' title='bbox 354 2606 419 2639; x_wconf 88' lang='lat' dir='ltr'>Dei</span> <span class='ocrx_word' id='word_1_314' title='bbox 436 2606 571 2650; x_wconf 90' lang='lat' dir='ltr'>Spiritus</span> <span class='ocrx_word' id='word_1_315' title='bbox 591 2604 626 2637; x_wconf 90' lang='lat' dir='ltr'>in</span> <span class='ocrx_word' id='word_1_316' title='bbox 643 2602 837 2638; x_wconf 81' lang='lat' dir='ltr'>authenticis</span> <span class='ocrx_word' id='word_1_317' title='bbox 851 2600 1041 2646; x_wconf 89' lang='lat' dir='ltr'>Scripturis,</span> 
     </span>
     <span class='ocr_line' id='line_1_54' title="bbox 289 2647 1041 2701; baseline -0.011 -14"><span class='ocrx_word' id='word_1_318' title='bbox 289 2666 370 2701; x_wconf 79' lang='lat' dir='ltr'>quas</span> <span class='ocrx_word' id='word_1_319' title='bbox 387 2654 544 2689; x_wconf 86' lang='lat' dir='ltr'>vellemus</span> <span class='ocrx_word' id='word_1_320' title='bbox 565 2665 635 2686; x_wconf 90' lang='lat' dir='ltr'>non</span> <span class='ocrx_word' id='word_1_321' title='bbox 660 2660 864 2698; x_wconf 84' lang='lat' dir='ltr'>oppugnatas</span> <span class='ocrx_word' id='word_1_322' title='bbox 885 2649 901 2681; x_wconf 72' lang='lat' dir='ltr'>a</span> <span class='ocrx_word' id='word_1_323' title='bbox 923 2647 1041 2681; x_wconf 67' lang='lat' dir='ltr'>doetis-</span> 
     </span>
     <span class='ocr_line' id='line_1_55' title="bbox 289 2695 1038 2745; baseline -0.013 -7"><span class='ocrx_word' id='word_1_324' title='bbox 289 2703 377 2738; x_wconf 85' lang='lat' dir='ltr'>fimis</span> <span class='ocrx_word' id='word_1_325' title='bbox 398 2704 474 2737; x_wconf 88' lang='lat' dir='ltr'>viris</span> <span class='ocrx_word' id='word_1_326' title='bbox 492 2726 502 2742; x_wconf 93' lang='lat'>,</span> <span class='ocrx_word' id='word_1_327' title='bbox 535 2712 572 2735; x_wconf 88' lang='lat' dir='ltr'>ut</span> <span class='ocrx_word' id='word_1_328' title='bbox 595 2700 691 2735; x_wconf 89' lang='lat' dir='ltr'>nobis</span> <span class='ocrx_word' id='word_1_329' title='bbox 714 2697 846 2745; x_wconf 86' lang='lat' dir='ltr'>quidem</span> <span class='ocrx_word' id='word_1_330' title='bbox 882 2695 1008 2730; x_wconf 86' lang='lat' dir='ltr'>videtur</span> <span class='ocrx_word' id='word_1_331' title='bbox 1030 2721 1038 2734; x_wconf 87' lang='lat'>‚</span> 
     </span>
     <span class='ocr_line' id='line_1_56' title="bbox 291 2744 1040 2800; baseline -0.012 -14"><span class='ocrx_word' id='word_1_332' title='bbox 291 2753 490 2800; x_wconf 79' lang='lat' dir='ltr'>argumentis</span> <span class='ocrx_word' id='word_1_333' title='bbox 517 2749 608 2787; x_wconf 88' lang='lat' dir='ltr'>valde</span> <span class='ocrx_word' id='word_1_334' title='bbox 633 2748 778 2795; x_wconf 86' lang='lat' dir='ltr'>indignis</span> <span class='ocrx_word' id='word_1_335' title='bbox 801 2744 941 2793; x_wconf 86' lang='lat' dir='ltr'>ipsorum</span> <span class='ocrx_word' id='word_1_336' title='bbox 974 2756 1040 2778; x_wconf 90' lang='lat' dir='ltr'>no-</span> 
     </span>
     <span class='ocr_line' id='line_1_57' title="bbox 290 2814 389 2835; baseline -0.01 0"><span class='ocrx_word' id='word_1_337' title='bbox 290 2814 389 2835; x_wconf 72' lang='lat' dir='ltr'>lnll&#39;lC-</span> 
     </span>
    </p>

    <p class='ocr_par' dir='ltr' id='par_1_7' title="bbox 287 2844 1042 3179">
     <span class='ocr_line' id='line_1_58' title="bbox 337 2844 1039 2898; baseline -0.011 -14"><span class='ocrx_word' id='word_1_338' title='bbox 337 2852 406 2884; x_wconf 93' lang='lat' dir='ltr'>Diu</span> <span class='ocrx_word' id='word_1_339' title='bbox 431 2849 504 2898; x_wconf 87' lang='lat' dir='ltr'>post</span> <span class='ocrx_word' id='word_1_340' title='bbox 523 2847 590 2884; x_wconf 87' lang='lat' dir='ltr'>haec</span> <span class='ocrx_word' id='word_1_341' title='bbox 606 2847 723 2881; x_wconf 65' lang='lat' dir='ltr'>dietata</span> <span class='ocrx_word' id='word_1_342' title='bbox 746 2844 906 2880; x_wconf 83' lang='lat' dir='ltr'>inciditin</span> <span class='ocrx_word' id='word_1_343' title='bbox 925 2855 1039 2877; x_wconf 81' lang='lat' dir='ltr'>manus</span> 
     </span>
     <span class='ocr_line' id='line_1_59' title="bbox 287 2893 1039 2934; baseline -0.011 0"><span class='ocrx_word' id='word_1_344' title='bbox 287 2911 376 2934; x_wconf 85' lang='lat' dir='ltr'>meas</span> <span class='ocrx_word' id='word_1_345' title='bbox 387 2898 559 2933; x_wconf 69' lang='lat' dir='ltr'>doetiffimi</span> <span class='ocrx_word' id='word_1_346' title='bbox 567 2898 625 2933; x_wconf 87' lang='lat' dir='ltr'>viri</span> <span class='ocrx_word' id='word_1_347' title='bbox 634 2894 815 2931; x_wconf 84' lang='lat' dir='ltr'>Professoris</span> <span class='ocrx_word' id='word_1_348' title='bbox 824 2893 1039 2928; x_wconf 87' lang='lat' dir='ltr'>Historiarum</span> 
     </span>
     <span class='ocr_line' id='line_1_60' title="bbox 288 2943 1040 2995; baseline -0.009 -13"><span class='ocrx_word' id='word_1_349' title='bbox 288 2950 395 2984; x_wconf 87' lang='lat' dir='ltr'>Leidae</span> <span class='ocrx_word' id='word_1_350' title='bbox 423 2959 535 2983; x_wconf 89' lang='lat' dir='ltr'>contra</span> <span class='ocrx_word' id='word_1_351' title='bbox 562 2947 650 2995; x_wconf 63' lang='lat' dir='ltr'>Jfiaaci</span> <span class='ocrx_word' id='word_1_352' title='bbox 676 2945 764 2992; x_wconf 66' lang='lat' dir='ltr'>Vcssii</span> <span class='ocrx_word' id='word_1_353' title='bbox 789 2943 1040 2978; x_wconf 85' lang='lat' dir='ltr'>differtationem</span> 
     </span>
     <span class='ocr_line' id='line_1_61' title="bbox 288 2990 1040 3045; baseline -0.005 -16"><span class='ocrx_word' id='word_1_354' title='bbox 288 2997 440 3031; x_wconf 84' lang='lat' dir='ltr'>Diatriba</span> <span class='ocrx_word' id='word_1_355' title='bbox 456 3011 465 3032; x_wconf 74' lang='grc' dir='ltr'>ι</span> <span class='ocrx_word' id='word_1_356' title='bbox 497 2995 620 3045; x_wconf 86' lang='lat' dir='ltr'>gavisus</span> <span class='ocrx_word' id='word_1_357' title='bbox 640 2993 709 3029; x_wconf 90' lang='lat' dir='ltr'>sum</span> <span class='ocrx_word' id='word_1_358' title='bbox 737 2995 772 3028; x_wconf 88' lang='lat' dir='ltr'>in</span> <span class='ocrx_word' id='word_1_359' title='bbox 800 3006 832 3027; x_wconf 90' lang='lat' dir='ltr'>re</span> <span class='ocrx_word' id='word_1_360' title='bbox 867 2991 934 3040; x_wconf 54' lang='lat' dir='ltr'>ipsit</span> <span class='ocrx_word' id='word_1_361' title='bbox 970 2990 1040 3026; x_wconf 69' lang='lat' dir='ltr'>totfi</span> 
     </span>
     <span class='ocr_line' id='line_1_62' title="bbox 290 3041 1039 3081; baseline -0.005 -3"><span class='ocrx_word' id='word_1_362' title='bbox 290 3045 463 3080; x_wconf 67' lang='lat' dir='ltr'>doffiffimi</span> <span class='ocrx_word' id='word_1_363' title='bbox 492 3048 552 3081; x_wconf 89' lang='lat' dir='ltr'>viri</span> <span class='ocrx_word' id='word_1_364' title='bbox 574 3057 705 3080; x_wconf 90' lang='lat' dir='ltr'>mecum</span> <span class='ocrx_word' id='word_1_365' title='bbox 724 3041 918 3078; x_wconf 87' lang='lat' dir='ltr'>consensum</span> <span class='ocrx_word' id='word_1_366' title='bbox 940 3066 950 3081; x_wconf 94' lang='lat'>‚</span> <span class='ocrx_word' id='word_1_367' title='bbox 983 3054 1039 3076; x_wconf 91' lang='lat' dir='ltr'>va-</span> 
     </span>
     <span class='ocr_line' id='line_1_63' title="bbox 290 3087 1042 3143; baseline -0.009 -11"><span class='ocrx_word' id='word_1_368' title='bbox 290 3094 345 3126; x_wconf 73' lang='lat' dir='ltr'>riis</span> <span class='ocrx_word' id='word_1_369' title='bbox 367 3096 562 3142; x_wconf 85' lang='lat' dir='ltr'>argumentis</span> <span class='ocrx_word' id='word_1_370' title='bbox 580 3094 597 3132; x_wconf 71' lang='lat' dir='ltr'>a</span> <span class='ocrx_word' id='word_1_371' title='bbox 615 3107 668 3131; x_wconf 90' lang='lat' dir='ltr'>me</span> <span class='ocrx_word' id='word_1_372' title='bbox 692 3090 903 3143; x_wconf 81' lang='lat' dir='ltr'>praetermiffis</span> <span class='ocrx_word' id='word_1_373' title='bbox 929 3087 1042 3127; x_wconf 88' lang='lat' dir='ltr'>sufful-</span> 
     </span>
     <span class='ocr_line' id='line_1_64' title="bbox 291 3152 376 3179; baseline -0.012 -3"><span class='ocrx_word' id='word_1_374' title='bbox 291 3152 376 3179; x_wconf 86' lang='lat' dir='ltr'>tum.</span> 
     </span>
    </p>
   </div>
   <div class='ocr_carea' id='block_1_4' title="bbox 1065 2129 1071 3135">
    <p class='ocr_par' dir='ltr' id='par_1_8' title="bbox 1065 2129 1071 3135">
     <span class='ocr_line' id='line_1_65' title="bbox 1065 2129 1071 3135; baseline 0 0"><span class='ocrx_word' id='word_1_375' title='bbox 1065 2129 1071 3135; x_wconf 95' lang='lat' dir='ltr'> </span> 
     </span>
    </p>
   </div>
   <div class='ocr_carea' id='block_1_5' title="bbox 987 59 1475 100">
    <p class='ocr_par' dir='ltr' id='par_1_9' title="bbox 987 59 1475 100">
     <span class='ocr_line' id='line_1_66' title="bbox 987 59 1475 100; baseline -0.006 -1"><span class='ocrx_word' id='word_1_376' title='bbox 987 59 1475 100; x_wconf 77' lang='lat' dir='ltr'>H15TOR1CI</span> 
     </span>
    </p>
   </div>
   <div class='ocr_carea' id='block_1_6' title="bbox 1150 176 1755 236">
    <p class='ocr_par' dir='ltr' id='par_1_10' title="bbox 1150 176 1755 236">
     <span class='ocr_line' id='line_1_67' title="bbox 1150 176 1755 236; baseline -0.012 -13"><span class='ocrx_word' id='word_1_377' title='bbox 1150 182 1243 228; x_wconf 60' lang='lat' dir='ltr'>eAd</span> <span class='ocrx_word' id='word_1_378' title='bbox 1258 179 1390 236; x_wconf 74' lang='lat' dir='ltr'>Qest</span> <span class='ocrx_word' id='word_1_379' title='bbox 1406 194 1440 219; x_wconf 89' lang='lat'>2.</span> <span class='ocrx_word' id='word_1_380' title='bbox 1453 176 1755 234; x_wconf 77' lang='lat' dir='ltr'>Epochaeſsctmdae.</span> 
     </span>
    </p>
   </div>
   <div class='ocr_carea' id='block_1_7' title="bbox 1304 234 1615 271">
    <p class='ocr_par' dir='ltr' id='par_1_11' title="bbox 1304 234 1615 271">
     <span class='ocr_line' id='line_1_68' title="bbox 1304 234 1615 271; baseline -0.016 0"><span class='ocrx_word' id='word_1_381' title='bbox 1304 240 1358 271; x_wconf 80' lang='lat' dir='ltr'>De</span> <span class='ocrx_word' id='word_1_382' title='bbox 1366 236 1482 271; x_wconf 79' lang='lat' dir='ltr'>Iuniore</span> <span class='ocrx_word' id='word_1_383' title='bbox 1491 234 1615 268; x_wconf 77' lang='lat' dir='ltr'>Cainan.</span> 
     </span>
    </p>
   </div>
   <div class='ocr_carea' id='block_1_8' title="bbox 1085 310 1980 386">
    <p class='ocr_par' dir='ltr' id='par_1_12' title="bbox 1085 310 1980 386">
     <span class='ocr_line' id='line_1_69' title="bbox 1085 310 1980 386; baseline 0.019 -27"><span class='ocrx_word' id='word_1_384' title='bbox 1085 321 1247 386; x_wconf 79' lang='lat' dir='ltr'>GRavis</span> <span class='ocrx_word' id='word_1_385' title='bbox 1258 325 1323 362; x_wconf 81' lang='lat' dir='ltr'>haec</span> <span class='ocrx_word' id='word_1_386' title='bbox 1343 324 1434 362; x_wconf 75' lang='lat' dir='ltr'>valde</span> <span class='ocrx_word' id='word_1_387' title='bbox 1453 324 1492 360; x_wconf 89' lang='lat' dir='ltr'>de</span> <span class='ocrx_word' id='word_1_388' title='bbox 1515 323 1782 367; x_wconf 55' lang='lat' dir='ltr'>Cainant’luniote</span> <span class='ocrx_word' id='word_1_389' title='bbox 1797 320 1836 354; x_wconf 67' lang='lat' dir='ltr'>lis</span> <span class='ocrx_word' id='word_1_390' title='bbox 1858 310 1980 381; x_wconf 49' lang='lat' dir='ltr'>yliiziinus</span> 
     </span>
    </p>
   </div>
   <div class='ocr_carea' id='block_1_9' title="bbox 1083 368 2022 3128">
    <p class='ocr_par' dir='ltr' id='par_1_13' title="bbox 1083 368 2022 1894">
     <span class='ocr_line' id='line_1_70' title="bbox 1150 368 1981 429; baseline -0.011 -19"><span class='ocrx_word' id='word_1_391' title='bbox 1150 378 1279 424; x_wconf 84' lang='lat' dir='ltr'>magnis</span> <span class='ocrx_word' id='word_1_392' title='bbox 1289 378 1467 411; x_wconf 90' lang='lat' dir='ltr'>multorum</span> <span class='ocrx_word' id='word_1_393' title='bbox 1479 376 1625 409; x_wconf 88' lang='lat' dir='ltr'>virorum</span> <span class='ocrx_word' id='word_1_394' title='bbox 1636 368 1838 415; x_wconf 65' lang='lat' dir='ltr'>dostiffimo-</span> <span class='ocrx_word' id='word_1_395' title='bbox 1854 395 1884 429; x_wconf 86' lang='lat' dir='ltr'>s⁰</span> <span class='ocrx_word' id='word_1_396' title='bbox 1900 392 1981 421; x_wconf 75' lang='lat' dir='ltr'>itamd</span> 
     </span>
     <span class='ocr_line' id='line_1_71' title="bbox 1085 401 2022 472; baseline -0.007 -15"><span class='ocrx_word' id='word_1_397' title='bbox 1085 436 1158 458; x_wconf 89' lang='lat' dir='ltr'>rum</span> <span class='ocrx_word' id='word_1_398' title='bbox 1178 425 1344 460; x_wconf 84' lang='lat' dir='ltr'>laboribus</span> <span class='ocrx_word' id='word_1_399' title='bbox 1364 427 1466 472; x_wconf 89' lang='lat' dir='ltr'>sopita</span> <span class='ocrx_word' id='word_1_400' title='bbox 1486 428 1518 458; x_wconf 65' lang='grc' dir='ltr'>ὅ(</span> <span class='ocrx_word' id='word_1_401' title='bbox 1538 420 1777 470; x_wconf 89' lang='lat' dir='ltr'>propemodum</span> <span class='ocrx_word' id='word_1_402' title='bbox 1795 417 1841 453; x_wconf 90' lang='lat' dir='ltr'>se-</span> <span class='ocrx_word' id='word_1_403' title='bbox 1859 401 1966 462; x_wconf 47' lang='lat' dir='ltr'>(jz-„ane</span> <span class='ocrx_word' id='word_1_404' title='bbox 1980 405 1993 422; x_wconf 51' lang='grc' dir='ltr'><strong><em>ε</em></strong></span> <span class='ocrx_word' id='word_1_405' title='bbox 2020 417 2022 421; x_wconf 76' lang='grc'>’</span> 
     </span>
     <span class='ocr_line' id='line_1_72' title="bbox 1087 469 1953 523; baseline -0.007 -16"><span class='ocrx_word' id='word_1_406' title='bbox 1087 474 1179 519; x_wconf 88' lang='lat' dir='ltr'>pulta</span> <span class='ocrx_word' id='word_1_407' title='bbox 1199 473 1262 509; x_wconf 92' lang='lat' dir='ltr'>fuit</span> <span class='ocrx_word' id='word_1_408' title='bbox 1283 478 1345 518; x_wconf 88' lang='lat' dir='ltr'>(ut</span> <span class='ocrx_word' id='word_1_409' title='bbox 1356 471 1639 523; x_wconf 86' lang='lat' dir='ltr'>pauciadmodum</span> <span class='ocrx_word' id='word_1_410' title='bbox 1658 469 1840 505; x_wconf 67' lang='lat' dir='ltr'>dubitfirint</span> <span class='ocrx_word' id='word_1_411' title='bbox 1853 478 1953 513; x_wconf 75' lang='lat' dir='ltr'>juniore</span> 
     </span>
     <span class='ocr_line' id='line_1_73' title="bbox 1086 519 1978 570; baseline -0.007 -15"><span class='ocrx_word' id='word_1_412' title='bbox 1086 521 1126 556; x_wconf 90' lang='lat' dir='ltr'>de</span> <span class='ocrx_word' id='word_1_413' title='bbox 1145 523 1417 558; x_wconf 74' lang='lat' dir='ltr'>infititiiCainanis</span> <span class='ocrx_word' id='word_1_414' title='bbox 1437 523 1630 570; x_wconf 83' lang='lat' dir='ltr'>figmento)</span> <span class='ocrx_word' id='word_1_415' title='bbox 1656 519 1838 553; x_wconf 87' lang='lat' dir='ltr'>donecno-</span> <span class='ocrx_word' id='word_1_416' title='bbox 1858 519 1925 544; x_wconf 73' lang='lat' dir='ltr'>litem</span> <span class='ocrx_word' id='word_1_417' title='bbox 1939 527 1978 543; x_wconf 83' lang='lat' dir='ltr'>re-</span> 
     </span>
     <span class='ocr_line' id='line_1_74' title="bbox 1087 558 1971 620; baseline -0.007 -15"><span class='ocrx_word' id='word_1_418' title='bbox 1087 572 1134 605; x_wconf 86' lang='lat' dir='ltr'>vis</span> <span class='ocrx_word' id='word_1_419' title='bbox 1145 584 1248 620; x_wconf 88' lang='lat' dir='ltr'>nuper</span> <span class='ocrx_word' id='word_1_420' title='bbox 1260 573 1432 609; x_wconf 85' lang='lat' dir='ltr'>conatibus</span> <span class='ocrx_word' id='word_1_421' title='bbox 1447 574 1553 620; x_wconf 54' lang='grc' dir='ltr'><em>[μείω</em></span> <span class='ocrx_word' id='word_1_422' title='bbox 1563 568 1693 618; x_wconf 69' lang='lat' dir='ltr'>Voſsius,</span> <span class='ocrx_word' id='word_1_423' title='bbox 1708 572 1740 602; x_wconf 72' lang='grc' dir='ltr'>δ(</span> <span class='ocrx_word' id='word_1_424' title='bbox 1750 567 1838 601; x_wconf 84' lang='lat' dir='ltr'>Bria·</span> <span class='ocrx_word' id='word_1_425' title='bbox 1851 558 1971 596; x_wconf 46' lang='lat' dir='ltr'>susciten„</span> 
     </span>
     <span class='ocr_line' id='line_1_75' title="bbox 1084 616 1841 658; baseline -0.007 -3"><span class='ocrx_word' id='word_1_426' title='bbox 1084 633 1136 655; x_wconf 78' lang='lat' dir='ltr'>nus</span> <span class='ocrx_word' id='word_1_427' title='bbox 1146 621 1318 657; x_wconf 79' lang='lat' dir='ltr'>VValtonus</span> <span class='ocrx_word' id='word_1_428' title='bbox 1334 623 1485 658; x_wconf 90' lang='lat' dir='ltr'>homines</span> <span class='ocrx_word' id='word_1_429' title='bbox 1505 619 1680 655; x_wconf 71' lang='lat' dir='ltr'>doetiffimi</span> <span class='ocrx_word' id='word_1_430' title='bbox 1696 629 1766 651; x_wconf 87' lang='lat' dir='ltr'>eam</span> <span class='ocrx_word' id='word_1_431' title='bbox 1784 616 1841 651; x_wconf 84' lang='lat' dir='ltr'>de-</span> 
     </span>
     <span class='ocr_line' id='line_1_76' title="bbox 1083 668 1842 720; baseline -0.007 -16"><span class='ocrx_word' id='word_1_432' title='bbox 1083 669 1152 705; x_wconf 78' lang='lat' dir='ltr'>nuo</span> <span class='ocrx_word' id='word_1_433' title='bbox 1172 673 1206 706; x_wconf 92' lang='lat' dir='ltr'>in</span> <span class='ocrx_word' id='word_1_434' title='bbox 1227 673 1335 707; x_wconf 85' lang='lat' dir='ltr'>lucem</span> <span class='ocrx_word' id='word_1_435' title='bbox 1356 680 1603 720; x_wconf 82' lang='lat' dir='ltr'>protraxerunt,</span> <span class='ocrx_word' id='word_1_436' title='bbox 1629 668 1727 715; x_wconf 90' lang='lat' dir='ltr'>idque</span> <span class='ocrx_word' id='word_1_437' title='bbox 1736 678 1775 700; x_wconf 90' lang='lat' dir='ltr'>eo</span> <span class='ocrx_word' id='word_1_438' title='bbox 1785 678 1842 700; x_wconf 86' lang='lat' dir='ltr'>ex-</span> 
     </span>
     <span class='ocr_line' id='line_1_77' title="bbox 1086 716 1840 767; baseline -0.008 -13"><span class='ocrx_word' id='word_1_439' title='bbox 1086 719 1212 767; x_wconf 82' lang='lat' dir='ltr'>preffim</span> <span class='ocrx_word' id='word_1_440' title='bbox 1236 721 1300 756; x_wconf 85' lang='lat' dir='ltr'>fine</span> <span class='ocrx_word' id='word_1_441' title='bbox 1317 746 1326 759; x_wconf 90' lang='lat'>‚</span> <span class='ocrx_word' id='word_1_442' title='bbox 1352 733 1386 756; x_wconf 89' lang='lat' dir='ltr'>ut</span> <span class='ocrx_word' id='word_1_443' title='bbox 1411 718 1520 756; x_wconf 57' lang='lat' dir='ltr'>divin&amp;</span> <span class='ocrx_word' id='word_1_444' title='bbox 1541 721 1628 753; x_wconf 77' lang='lat' dir='ltr'>Lucae</span> <span class='ocrx_word' id='word_1_445' title='bbox 1646 716 1840 751; x_wconf 66' lang='lat' dir='ltr'>auetoritate</span> 
     </span>
     <span class='ocr_line' id='line_1_78' title="bbox 1084 764 1866 819; baseline -0.006 -17"><span class='ocrx_word' id='word_1_446' title='bbox 1084 779 1241 817; x_wconf 85' lang='lat' dir='ltr'>tanquam</span> <span class='ocrx_word' id='word_1_447' title='bbox 1261 781 1452 819; x_wconf 85' lang='lat' dir='ltr'>argumento</span> <span class='ocrx_word' id='word_1_448' title='bbox 1471 766 1676 816; x_wconf 80' lang='lat' dir='ltr'>irrefragabili</span> <span class='ocrx_word' id='word_1_449' title='bbox 1697 764 1842 799; x_wconf 84' lang='lat' dir='ltr'>Hebrai-</span> <span class='ocrx_word' id='word_1_450' title='bbox 1864 786 1866 788; x_wconf 97' lang='lat'>-</span> 
     </span>
     <span class='ocr_line' id='line_1_79' title="bbox 1087 814 1840 854; baseline -0.005 -4"><span class='ocrx_word' id='word_1_451' title='bbox 1087 830 1201 852; x_wconf 91' lang='lat' dir='ltr'>corum</span> <span class='ocrx_word' id='word_1_452' title='bbox 1212 821 1366 854; x_wconf 88' lang='lat' dir='ltr'>codicum</span> <span class='ocrx_word' id='word_1_453' title='bbox 1376 819 1577 854; x_wconf 86' lang='lat' dir='ltr'>authentiam</span> <span class='ocrx_word' id='word_1_454' title='bbox 1588 814 1733 852; x_wconf 88' lang='lat' dir='ltr'>eversum</span> <span class='ocrx_word' id='word_1_455' title='bbox 1746 817 1840 852; x_wconf 90' lang='lat' dir='ltr'>irent,</span> 
     </span>
     <span class='ocr_line' id='line_1_80' title="bbox 1087 865 1843 914; baseline -0.004 -15"><span class='ocrx_word' id='word_1_456' title='bbox 1087 872 1270 913; x_wconf 82' lang='lat' dir='ltr'>eorumque</span> <span class='ocrx_word' id='word_1_457' title='bbox 1291 871 1534 914; x_wconf 85' lang='lat' dir='ltr'>corruptionem</span> <span class='ocrx_word' id='word_1_458' title='bbox 1561 865 1843 903; x_wconf 81' lang='lat' dir='ltr'>demonstrarent,</span> 
     </span>
     <span class='ocr_line' id='line_1_81' title="bbox 1088 913 1841 963; baseline -0.005 -14"><span class='ocrx_word' id='word_1_459' title='bbox 1088 914 1360 963; x_wconf 86' lang='lat' dir='ltr'>quandoquidem</span> <span class='ocrx_word' id='word_1_460' title='bbox 1373 917 1407 949; x_wconf 88' lang='lat' dir='ltr'>in</span> <span class='ocrx_word' id='word_1_461' title='bbox 1420 916 1538 951; x_wconf 82' lang='lat' dir='ltr'>Christi</span> <span class='ocrx_word' id='word_1_462' title='bbox 1547 913 1733 963; x_wconf 71' lang='lat' dir='ltr'>genealogifi</span> <span class='ocrx_word' id='word_1_463' title='bbox 1742 916 1841 948; x_wconf 68' lang='lat' dir='ltr'>Luem</span> 
     </span>
     <span class='ocr_line' id='line_1_82' title="bbox 1089 963 1842 1011; baseline -0.004 -12"><span class='ocrx_word' id='word_1_464' title='bbox 1089 966 1170 1010; x_wconf 80' lang='lat' dir='ltr'>Cap.</span> <span class='ocrx_word' id='word_1_465' title='bbox 1187 977 1217 1010; x_wconf 82' lang='lat'>3.</span> <span class='ocrx_word' id='word_1_466' title='bbox 1233 977 1254 998; x_wconf 88' lang='lat' dir='ltr'>L</span> <span class='ocrx_word' id='word_1_467' title='bbox 1271 977 1293 998; x_wconf 85' lang='lat' dir='ltr'>x</span> <span class='ocrx_word' id='word_1_468' title='bbox 1310 977 1347 998; x_wconf 81' lang='lat' dir='ltr'>x.</span> <span class='ocrx_word' id='word_1_469' title='bbox 1361 967 1550 1011; x_wconf 76' lang='lat' dir='ltr'>interpretes</span> <span class='ocrx_word' id='word_1_470' title='bbox 1576 964 1746 1011; x_wconf 84' lang='lat' dir='ltr'>sequutus,</span> <span class='ocrx_word' id='word_1_471' title='bbox 1771 963 1842 996; x_wconf 88' lang='lat' dir='ltr'>He-</span> 
     </span>
     <span class='ocr_line' id='line_1_83' title="bbox 1087 1011 1841 1050; baseline -0.003 -3"><span class='ocrx_word' id='word_1_472' title='bbox 1087 1013 1215 1047; x_wconf 86' lang='lat' dir='ltr'>braicos</span> <span class='ocrx_word' id='word_1_473' title='bbox 1236 1014 1366 1048; x_wconf 87' lang='lat' dir='ltr'>codices</span> <span class='ocrx_word' id='word_1_474' title='bbox 1384 1012 1513 1048; x_wconf 87' lang='lat' dir='ltr'>deserat.</span> <span class='ocrx_word' id='word_1_475' title='bbox 1539 1011 1587 1045; x_wconf 87' lang='lat' dir='ltr'>Ex</span> <span class='ocrx_word' id='word_1_476' title='bbox 1598 1012 1755 1050; x_wconf 84' lang='lat' dir='ltr'>Davidis‚</span> <span class='ocrx_word' id='word_1_477' title='bbox 1783 1011 1841 1045; x_wconf 86' lang='lat' dir='ltr'>ad·-</span> 
     </span>
     <span class='ocr_line' id='line_1_84' title="bbox 1087 1058 1842 1112; baseline -0.003 -16"><span class='ocrx_word' id='word_1_478' title='bbox 1087 1075 1191 1110; x_wconf 90' lang='lat' dir='ltr'>eoque</span> <span class='ocrx_word' id='word_1_479' title='bbox 1210 1062 1331 1098; x_wconf 89' lang='lat' dir='ltr'>Christi</span> <span class='ocrx_word' id='word_1_480' title='bbox 1349 1058 1543 1112; x_wconf 54' lang='lat' dir='ltr'>genealogi&amp;</span> <span class='ocrx_word' id='word_1_481' title='bbox 1555 1060 1662 1094; x_wconf 88' lang='lat' dir='ltr'>Biblia</span> <span class='ocrx_word' id='word_1_482' title='bbox 1680 1059 1842 1094; x_wconf 77' lang='lat' dir='ltr'>Hebraica</span> 
     </span>
     <span class='ocr_line' id='line_1_85' title="bbox 1088 1109 1842 1157; baseline -0.005 -11"><span class='ocrx_word' id='word_1_483' title='bbox 1088 1113 1178 1146; x_wconf 86' lang='lat' dir='ltr'>Gen.</span> <span class='ocrx_word' id='word_1_484' title='bbox 1193 1124 1247 1147; x_wconf 87' lang='lat'>10.</span> <span class='ocrx_word' id='word_1_485' title='bbox 1259 1125 1289 1147; x_wconf 89' lang='lat' dir='ltr'>v.</span> <span class='ocrx_word' id='word_1_486' title='bbox 1303 1117 1378 1155; x_wconf 76' lang='lat'>4&amp;</span> <span class='ocrx_word' id='word_1_487' title='bbox 1394 1124 1448 1146; x_wconf 90' lang='lat'>11.</span> <span class='ocrx_word' id='word_1_488' title='bbox 1461 1124 1509 1157; x_wconf 85' lang='lat'>¹3·</span> <span class='ocrx_word' id='word_1_489' title='bbox 1538 1121 1565 1143; x_wconf 90' lang='lat'>1.</span> <span class='ocrx_word' id='word_1_490' title='bbox 1584 1111 1680 1143; x_wconf 85' lang='lat' dir='ltr'>etiarn</span> <span class='ocrx_word' id='word_1_491' title='bbox 1691 1109 1792 1143; x_wconf 86' lang='lat' dir='ltr'>Paral.</span> <span class='ocrx_word' id='word_1_492' title='bbox 1809 1121 1842 1143; x_wconf 91' lang='lat'>1.</span> 
     </span>
     <span class='ocr_line' id='line_1_86' title="bbox 1087 1160 1840 1207; baseline -0.007 -11"><span class='ocrx_word' id='word_1_493' title='bbox 1087 1160 1165 1199; x_wconf 84' lang='lat' dir='ltr'>vers,</span> <span class='ocrx_word' id='word_1_494' title='bbox 1180 1162 1232 1195; x_wconf 78' lang='lat'>18.</span> <span class='ocrx_word' id='word_1_495' title='bbox 1256 1164 1418 1196; x_wconf 74' lang='lat' dir='ltr'>Cainanem</span> <span class='ocrx_word' id='word_1_496' title='bbox 1430 1161 1597 1207; x_wconf 78' lang='lat' dir='ltr'>juniorem</span> <span class='ocrx_word' id='word_1_497' title='bbox 1615 1169 1808 1205; x_wconf 83' lang='lat' dir='ltr'>expungunt</span> <span class='ocrx_word' id='word_1_498' title='bbox 1827 1181 1840 1198; x_wconf 91' lang='lat'>,</span> 
     </span>
     <span class='ocr_line' id='line_1_87' title="bbox 1089 1206 1842 1258; baseline -0.007 -14"><span class='ocrx_word' id='word_1_499' title='bbox 1089 1211 1197 1246; x_wconf 86' lang='lat' dir='ltr'>Graeci</span> <span class='ocrx_word' id='word_1_500' title='bbox 1218 1222 1326 1245; x_wconf 87' lang='lat' dir='ltr'>autem</span> <span class='ocrx_word' id='word_1_501' title='bbox 1354 1212 1542 1258; x_wconf 83' lang='lat' dir='ltr'>interpretes</span> <span class='ocrx_word' id='word_1_502' title='bbox 1561 1206 1687 1242; x_wconf 86' lang='lat' dir='ltr'>addunt</span> <span class='ocrx_word' id='word_1_503' title='bbox 1705 1231 1716 1246; x_wconf 85' lang='lat'>‚</span> <span class='ocrx_word' id='word_1_504' title='bbox 1745 1209 1842 1240; x_wconf 68' lang='lat' dir='ltr'>Lucas</span> 
     </span>
     <span class='ocr_line' id='line_1_88' title="bbox 1085 1256 1843 1308; baseline -0.007 -14"><span class='ocrx_word' id='word_1_505' title='bbox 1085 1260 1146 1294; x_wconf 89' lang='lat' dir='ltr'>hos</span> <span class='ocrx_word' id='word_1_506' title='bbox 1157 1259 1322 1308; x_wconf 89' lang='lat' dir='ltr'>sequendo</span> <span class='ocrx_word' id='word_1_507' title='bbox 1331 1262 1460 1295; x_wconf 89' lang='lat' dir='ltr'>illorum</span> <span class='ocrx_word' id='word_1_508' title='bbox 1473 1260 1586 1294; x_wconf 89' lang='lat' dir='ltr'>vitium</span> <span class='ocrx_word' id='word_1_509' title='bbox 1597 1281 1606 1294; x_wconf 87' lang='lat'><em>,</em></span> <span class='ocrx_word' id='word_1_510' title='bbox 1623 1256 1743 1290; x_wconf 92' lang='lat' dir='ltr'>horum</span> <span class='ocrx_word' id='word_1_511' title='bbox 1755 1257 1843 1290; x_wconf 90' lang='lat' dir='ltr'>inte-</span> 
     </span>
     <span class='ocr_line' id='line_1_89' title="bbox 1086 1304 1842 1356; baseline -0.008 -12"><span class='ocrx_word' id='word_1_512' title='bbox 1086 1311 1239 1356; x_wconf 85' lang='lat' dir='ltr'>gritatem</span> <span class='ocrx_word' id='word_1_513' title='bbox 1252 1310 1314 1344; x_wconf 86' lang='lat' dir='ltr'>hac</span> <span class='ocrx_word' id='word_1_514' title='bbox 1334 1310 1447 1344; x_wconf 83' lang='lat' dir='ltr'>saltem</span> <span class='ocrx_word' id='word_1_515' title='bbox 1467 1320 1503 1343; x_wconf 86' lang='lat' dir='ltr'>ex</span> <span class='ocrx_word' id='word_1_516' title='bbox 1521 1318 1608 1355; x_wconf 85' lang='lat' dir='ltr'>parte</span> <span class='ocrx_word' id='word_1_517' title='bbox 1629 1304 1842 1340; x_wconf 85' lang='lat' dir='ltr'>demonstrat.</span> 
     </span>
     <span class='ocr_line' id='line_1_90' title="bbox 1087 1355 1843 1407; baseline -0.011 -12"><span class='ocrx_word' id='word_1_518' title='bbox 1087 1357 1258 1407; x_wconf 85' lang='lat' dir='ltr'>Plerosque</span> <span class='ocrx_word' id='word_1_519' title='bbox 1270 1373 1308 1394; x_wconf 83' lang='lat' dir='ltr'>ex</span> <span class='ocrx_word' id='word_1_520' title='bbox 1325 1359 1397 1406; x_wconf 80' lang='lat' dir='ltr'>ipsis</span> <span class='ocrx_word' id='word_1_521' title='bbox 1409 1358 1533 1407; x_wconf 75' lang='lat' dir='ltr'>jesuitis</span> <span class='ocrx_word' id='word_1_522' title='bbox 1544 1357 1617 1391; x_wconf 86' lang='lat' dir='ltr'>tetri</span> <span class='ocrx_word' id='word_1_523' title='bbox 1628 1355 1722 1399; x_wconf 87' lang='lat' dir='ltr'>hujus</span> <span class='ocrx_word' id='word_1_524' title='bbox 1741 1366 1843 1402; x_wconf 83' lang='lat' dir='ltr'>argu-</span> 
     </span>
     <span class='ocr_line' id='line_1_91' title="bbox 1088 1403 1843 1449; baseline -0.007 -6"><span class='ocrx_word' id='word_1_525' title='bbox 1088 1409 1211 1449; x_wconf 87' lang='lat' dir='ltr'>menti,</span> <span class='ocrx_word' id='word_1_526' title='bbox 1237 1413 1270 1443; x_wconf 69' lang='grc' dir='ltr'>δε</span> <span class='ocrx_word' id='word_1_527' title='bbox 1294 1408 1514 1444; x_wconf 79' lang='lat' dir='ltr'>conclusionis</span> <span class='ocrx_word' id='word_1_528' title='bbox 1539 1403 1649 1441; x_wconf 78' lang='lat' dir='ltr'>multo</span> <span class='ocrx_word' id='word_1_529' title='bbox 1669 1406 1843 1438; x_wconf 74' lang='lat' dir='ltr'>teterrima:</span> 
     </span>
     <span class='ocr_line' id='line_1_92' title="bbox 1087 1452 1844 1506; baseline -0.009 -14"><span class='ocrx_word' id='word_1_530' title='bbox 1087 1457 1282 1504; x_wconf 85' lang='lat' dir='ltr'>jamdudum</span> <span class='ocrx_word' id='word_1_531' title='bbox 1295 1459 1339 1492; x_wconf 87' lang='lat' dir='ltr'>ita</span> <span class='ocrx_word' id='word_1_532' title='bbox 1352 1458 1466 1506; x_wconf 88' lang='lat' dir='ltr'>puduit</span> <span class='ocrx_word' id='word_1_533' title='bbox 1479 1481 1489 1497; x_wconf 93' lang='lat'><em>‚</em></span> <span class='ocrx_word' id='word_1_534' title='bbox 1511 1466 1546 1490; x_wconf 90' lang='lat' dir='ltr'>ut</span> <span class='ocrx_word' id='word_1_535' title='bbox 1558 1452 1728 1490; x_wconf 89' lang='lat' dir='ltr'>nobiscum</span> <span class='ocrx_word' id='word_1_536' title='bbox 1738 1452 1844 1500; x_wconf 72' lang='lat' dir='ltr'>aperte</span> 
     </span>
     <span class='ocr_line' id='line_1_93' title="bbox 1087 1503 1845 1542; baseline -0.007 -2"><span class='ocrx_word' id='word_1_537' title='bbox 1087 1505 1249 1542; x_wconf 87' lang='lat' dir='ltr'>sociarent</span> <span class='ocrx_word' id='word_1_538' title='bbox 1275 1519 1362 1542; x_wconf 87' lang='lat' dir='ltr'>arma</span> <span class='ocrx_word' id='word_1_539' title='bbox 1382 1507 1420 1541; x_wconf 85' lang='lat' dir='ltr'>ad</span> <span class='ocrx_word' id='word_1_540' title='bbox 1445 1506 1615 1541; x_wconf 81' lang='lat' dir='ltr'>futilitatcs</span> <span class='ocrx_word' id='word_1_541' title='bbox 1633 1503 1688 1537; x_wconf 88' lang='lat' dir='ltr'>has</span> <span class='ocrx_word' id='word_1_542' title='bbox 1702 1514 1845 1537; x_wconf 88' lang='lat' dir='ltr'>contun-</span> 
     </span>
     <span class='ocr_line' id='line_1_94' title="bbox 1087 1550 1845 1602; baseline -0.008 -12"><span class='ocrx_word' id='word_1_543' title='bbox 1087 1556 1205 1591; x_wconf 87' lang='lat' dir='ltr'>dendas</span> <span class='ocrx_word' id='word_1_544' title='bbox 1225 1571 1234 1590; x_wconf 90' lang='grc'>.·</span> <span class='ocrx_word' id='word_1_545' title='bbox 1264 1555 1361 1591; x_wconf 83' lang='lat' dir='ltr'>fortia</span> <span class='ocrx_word' id='word_1_546' title='bbox 1378 1555 1470 1592; x_wconf 68' lang='lat' dir='ltr'>valde</span> <span class='ocrx_word' id='word_1_547' title='bbox 1492 1563 1683 1602; x_wconf 88' lang='lat' dir='ltr'>oportuerat</span> <span class='ocrx_word' id='word_1_548' title='bbox 1702 1550 1792 1586; x_wconf 75' lang='lat' dir='ltr'>fuisse</span> <span class='ocrx_word' id='word_1_549' title='bbox 1811 1554 1845 1585; x_wconf 87' lang='lat'>&amp;</span> 
     </span>
     <span class='ocr_line' id='line_1_95' title="bbox 1087 1599 1844 1651; baseline -0.011 -11"><span class='ocrx_word' id='word_1_550' title='bbox 1087 1606 1196 1640; x_wconf 75' lang='lat' dir='ltr'>multo</span> <span class='ocrx_word' id='word_1_551' title='bbox 1222 1606 1377 1641; x_wconf 87' lang='lat' dir='ltr'>validiora</span> <span class='ocrx_word' id='word_1_552' title='bbox 1404 1607 1470 1640; x_wconf 89' lang='lat' dir='ltr'>tela</span> <span class='ocrx_word' id='word_1_553' title='bbox 1493 1603 1583 1651; x_wconf 76' lang='lat' dir='ltr'>Voss&#39;ii</span> <span class='ocrx_word' id='word_1_554' title='bbox 1608 1606 1640 1636; x_wconf 89' lang='lat'>&amp;</span> <span class='ocrx_word' id='word_1_555' title='bbox 1671 1599 1844 1639; x_wconf 78' lang='lat' dir='ltr'>VValtoni,</span> 
     </span>
     <span class='ocr_line' id='line_1_96' title="bbox 1086 1648 1845 1703; baseline -0.012 -13"><span class='ocrx_word' id='word_1_556' title='bbox 1086 1656 1185 1703; x_wconf 70' lang='lat' dir='ltr'>quam</span> <span class='ocrx_word' id='word_1_557' title='bbox 1197 1656 1381 1692; x_wconf 76' lang='lat' dir='ltr'>Salmeronis,</span> <span class='ocrx_word' id='word_1_558' title='bbox 1392 1652 1553 1691; x_wconf 72' lang='lat' dir='ltr'>Torniellt,</span> <span class='ocrx_word' id='word_1_559' title='bbox 1568 1655 1600 1686; x_wconf 90' lang='lat'>&amp;</span> <span class='ocrx_word' id='word_1_560' title='bbox 1610 1648 1722 1686; x_wconf 79' lang='lat' dir='ltr'>Saliani</span> <span class='ocrx_word' id='word_1_561' title='bbox 1733 1674 1744 1689; x_wconf 89' lang='lat'>,</span> <span class='ocrx_word' id='word_1_562' title='bbox 1772 1662 1845 1697; x_wconf 83' lang='lat' dir='ltr'>quae</span> 
     </span>
     <span class='ocr_line' id='line_1_97' title="bbox 1084 1700 1843 1751; baseline -0.009 -13"><span class='ocrx_word' id='word_1_563' title='bbox 1084 1703 1227 1751; x_wconf 88' lang='lat' dir='ltr'>ipsorum</span> <span class='ocrx_word' id='word_1_564' title='bbox 1241 1704 1316 1739; x_wconf 88' lang='lat' dir='ltr'>socii</span> <span class='ocrx_word' id='word_1_565' title='bbox 1331 1702 1510 1739; x_wconf 48' lang='lat' dir='ltr'>Cornelius&amp;</span> <span class='ocrx_word' id='word_1_566' title='bbox 1520 1700 1630 1748; x_wconf 77' lang='lat' dir='ltr'>Lapide</span> <span class='ocrx_word' id='word_1_567' title='bbox 1642 1723 1652 1736; x_wconf 86' lang='lat'>‚</span> <span class='ocrx_word' id='word_1_568' title='bbox 1679 1700 1819 1733; x_wconf 69' lang='lat' dir='ltr'>Petamus</span> <span class='ocrx_word' id='word_1_569' title='bbox 1831 1722 1843 1739; x_wconf 89' lang='lat'>‚</span> 
     </span>
     <span class='ocr_line' id='line_1_98' title="bbox 1085 1748 1843 1802; baseline -0.011 -14"><span class='ocrx_word' id='word_1_570' title='bbox 1085 1754 1230 1802; x_wconf 75' lang='lat' dir='ltr'>Possinns,</span> <span class='ocrx_word' id='word_1_571' title='bbox 1252 1758 1284 1788; x_wconf 84' lang='lat'>&amp;</span> <span class='ocrx_word' id='word_1_572' title='bbox 1299 1754 1351 1788; x_wconf 89' lang='lat' dir='ltr'>alii</span> <span class='ocrx_word' id='word_1_573' title='bbox 1372 1754 1495 1789; x_wconf 90' lang='lat' dir='ltr'>dudum</span> <span class='ocrx_word' id='word_1_574' title='bbox 1514 1748 1767 1797; x_wconf 80' lang='lat' dir='ltr'>confregerunt,</span> <span class='ocrx_word' id='word_1_575' title='bbox 1790 1758 1843 1782; x_wconf 91' lang='lat' dir='ltr'>ut-</span> 
     </span>
     <span class='ocr_line' id='line_1_99' title="bbox 1086 1797 1846 1852; baseline -0.011 -14"><span class='ocrx_word' id='word_1_576' title='bbox 1086 1817 1231 1852; x_wconf 88' lang='lat' dir='ltr'>cunque,</span> <span class='ocrx_word' id='word_1_577' title='bbox 1253 1815 1416 1839; x_wconf 88' lang='lat' dir='ltr'>tentemus</span> <span class='ocrx_word' id='word_1_578' title='bbox 1436 1800 1498 1850; x_wconf 72' lang='lat' dir='ltr'>quz&#39;i</span> <span class='ocrx_word' id='word_1_579' title='bbox 1516 1800 1549 1834; x_wconf 87' lang='lat' dir='ltr'>hi</span> <span class='ocrx_word' id='word_1_580' title='bbox 1567 1797 1684 1833; x_wconf 56' lang='lat' dir='ltr'>fiduci&amp;</span> <span class='ocrx_word' id='word_1_581' title='bbox 1694 1800 1760 1834; x_wconf 80' lang='lat' dir='ltr'>nixi</span> <span class='ocrx_word' id='word_1_582' title='bbox 1772 1797 1846 1832; x_wconf 86' lang='lat' dir='ltr'>bel-</span> 
     </span>
     <span class='ocr_line' id='line_1_100' title="bbox 1085 1848 1808 1894; baseline -0.012 -6"><span class='ocrx_word' id='word_1_583' title='bbox 1085 1855 1153 1889; x_wconf 87' lang='lat' dir='ltr'>lum</span> <span class='ocrx_word' id='word_1_584' title='bbox 1166 1855 1271 1889; x_wconf 86' lang='lat' dir='ltr'>hocin</span> <span class='ocrx_word' id='word_1_585' title='bbox 1285 1852 1401 1886; x_wconf 87' lang='lat' dir='ltr'>nostris</span> <span class='ocrx_word' id='word_1_586' title='bbox 1411 1849 1558 1885; x_wconf 80' lang='lat' dir='ltr'>Ecclefiis</span> <span class='ocrx_word' id='word_1_587' title='bbox 1573 1848 1808 1894; x_wconf 85' lang='lat' dir='ltr'>redintegrent.</span> 
     </span>
    </p>

    <p class='ocr_par' dir='ltr' id='par_1_14' title="bbox 1085 1894 1998 2638">
     <span class='ocr_line' id='line_1_101' title="bbox 1132 1894 1944 1951; baseline -0.012 -13"><span class='ocrx_word' id='word_1_588' title='bbox 1132 1903 1243 1949; x_wconf 79' lang='lat' dir='ltr'>Isaacus</span> <span class='ocrx_word' id='word_1_589' title='bbox 1254 1901 1308 1937; x_wconf 89' lang='lat' dir='ltr'>ubi</span> <span class='ocrx_word' id='word_1_590' title='bbox 1321 1900 1482 1951; x_wconf 54' lang='lat' dir='ltr'>suprapag.</span> <span class='ocrx_word' id='word_1_591' title='bbox 1495 1912 1510 1932; x_wconf 86' lang='lat'>2</span> <span class='ocrx_word' id='word_1_592' title='bbox 1521 1911 1553 1931; x_wconf 91' lang='lat'>0.</span> <span class='ocrx_word' id='word_1_593' title='bbox 1562 1899 1676 1944; x_wconf 88' lang='lat' dir='ltr'>incipit</span> <span class='ocrx_word' id='word_1_594' title='bbox 1685 1897 1725 1930; x_wconf 94' lang='lat' dir='ltr'>ab</span> <span class='ocrx_word' id='word_1_595' title='bbox 1737 1898 1840 1929; x_wconf 86' lang='lat' dir='ltr'>atroci</span> <span class='ocrx_word' id='word_1_596' title='bbox 1862 1894 1944 1930; x_wconf 66' lang='lat' dir='ltr'>&#39;stum&#39;</span> 
     </span>
     <span class='ocr_line' id='line_1_102' title="bbox 1085 1936 1981 1995; baseline -0.013 -7"><span class='ocrx_word' id='word_1_597' title='bbox 1085 1955 1258 1988; x_wconf 89' lang='lat' dir='ltr'>convicio:</span> <span class='ocrx_word' id='word_1_598' title='bbox 1282 1955 1318 1985; x_wconf 91' lang='lat' dir='ltr'>In</span> <span class='ocrx_word' id='word_1_599' title='bbox 1331 1952 1462 1985; x_wconf 80' lang='lat' dir='ltr'>Cainane</span> <span class='ocrx_word' id='word_1_600' title='bbox 1475 1948 1630 1995; x_wconf 86' lang='lat' dir='ltr'>(inquit)</span> <span class='ocrx_word' id='word_1_601' title='bbox 1647 1957 1841 1993; x_wconf 85' lang='lat' dir='ltr'>expungen-</span> <span class='ocrx_word' id='word_1_602' title='bbox 1861 1936 1938 1972; x_wconf 75' lang='lat' dir='ltr'><em>Vossn&#39;</em></span> <span class='ocrx_word' id='word_1_603' title='bbox 1950 1944 1981 1982; x_wconf 46' lang='grc' dir='ltr'>ἢ·</span> 
     </span>
     <span class='ocr_line' id='line_1_103' title="bbox 1085 1976 1998 2050; baseline -0.013 -13"><span class='ocrx_word' id='word_1_604' title='bbox 1085 2002 1129 2036; x_wconf 87' lang='lat' dir='ltr'>do</span> <span class='ocrx_word' id='word_1_605' title='bbox 1142 2002 1271 2050; x_wconf 77' lang='lat' dir='ltr'>prorsus</span> <span class='ocrx_word' id='word_1_606' title='bbox 1285 1999 1411 2035; x_wconf 88' lang='lat' dir='ltr'>absurdi</span> <span class='ocrx_word' id='word_1_607' title='bbox 1422 1998 1493 2033; x_wconf 90' lang='lat' dir='ltr'>sunt</span> <span class='ocrx_word' id='word_1_608' title='bbox 1502 1998 1564 2033; x_wconf 86' lang='lat' dir='ltr'>viti</span> <span class='ocrx_word' id='word_1_609' title='bbox 1574 1996 1691 2030; x_wconf 87' lang='lat' dir='ltr'>eruditi</span> <span class='ocrx_word' id='word_1_610' title='bbox 1704 1995 1773 2042; x_wconf 91' lang='lat' dir='ltr'>plus</span> <span class='ocrx_word' id='word_1_611' title='bbox 1783 1995 1843 2028; x_wconf 90' lang='lat' dir='ltr'>tri-</span> <span class='ocrx_word' id='word_1_612' title='bbox 1862 1976 1998 2046; x_wconf 51' lang='grc' dir='ltr'>Ξζῗῗοίζι-</span> 
     </span>
     <span class='ocr_line' id='line_1_104' title="bbox 1088 2044 1910 2098; baseline -0.012 -12"><span class='ocrx_word' id='word_1_613' title='bbox 1088 2052 1223 2086; x_wconf 87' lang='lat' dir='ltr'>buentes</span> <span class='ocrx_word' id='word_1_614' title='bbox 1235 2050 1352 2098; x_wconf 83' lang='lat' dir='ltr'>Judaeis</span> <span class='ocrx_word' id='word_1_615' title='bbox 1365 2049 1514 2087; x_wconf 79' lang='lat' dir='ltr'>librariis,</span> <span class='ocrx_word' id='word_1_616' title='bbox 1531 2045 1628 2094; x_wconf 72' lang='lat' dir='ltr'>quam</span> <span class='ocrx_word' id='word_1_617' title='bbox 1640 2044 1842 2092; x_wconf 85' lang='lat' dir='ltr'>Euangelicae</span> <span class='ocrx_word' id='word_1_618' title='bbox 1863 2061 1910 2090; x_wconf 76' lang='lat' dir='ltr'>cia,</span> 
     </span>
     <span class='ocr_line' id='line_1_105' title="bbox 1089 2093 1843 2147; baseline -0.013 -11"><span class='ocrx_word' id='word_1_619' title='bbox 1089 2102 1225 2136; x_wconf 82' lang='lat' dir='ltr'>veritati.</span> <span class='ocrx_word' id='word_1_620' title='bbox 1257 2098 1357 2147; x_wconf 87' lang='lat' dir='ltr'>Resp.</span> <span class='ocrx_word' id='word_1_621' title='bbox 1382 2096 1568 2145; x_wconf 72' lang='lat' dir='ltr'>jesuiticam</span> <span class='ocrx_word' id='word_1_622' title='bbox 1595 2095 1678 2128; x_wconf 88' lang='lat' dir='ltr'>hanc</span> <span class='ocrx_word' id='word_1_623' title='bbox 1705 2093 1843 2127; x_wconf 84' lang='lat' dir='ltr'>maledi-</span> 
     </span>
     <span class='ocr_line' id='line_1_106' title="bbox 1090 2141 1843 2194; baseline -0.013 -9"><span class='ocrx_word' id='word_1_624' title='bbox 1090 2153 1229 2185; x_wconf 80' lang='lat' dir='ltr'>centiam</span> <span class='ocrx_word' id='word_1_625' title='bbox 1243 2149 1458 2194; x_wconf 85' lang='lat' dir='ltr'>comprimere</span> <span class='ocrx_word' id='word_1_626' title='bbox 1477 2141 1633 2179; x_wconf 74' lang='lat' dir='ltr'>debuisset</span> <span class='ocrx_word' id='word_1_627' title='bbox 1645 2144 1679 2176; x_wconf 88' lang='lat' dir='ltr'>in</span> <span class='ocrx_word' id='word_1_628' title='bbox 1688 2143 1780 2189; x_wconf 60' lang='grc' dir='ltr'>[βιαιο</span> <span class='ocrx_word' id='word_1_629' title='bbox 1790 2154 1843 2175; x_wconf 93' lang='lat' dir='ltr'>re-</span> 
     </span>
     <span class='ocr_line' id='line_1_107' title="bbox 1089 2189 1844 2243; baseline -0.015 -10"><span class='ocrx_word' id='word_1_630' title='bbox 1089 2200 1232 2233; x_wconf 80' lang='lat' dir='ltr'>verentia</span> <span class='ocrx_word' id='word_1_631' title='bbox 1243 2196 1352 2230; x_wconf 84' lang='lat' dir='ltr'>saltem</span> <span class='ocrx_word' id='word_1_632' title='bbox 1364 2208 1438 2243; x_wconf 87' lang='lat' dir='ltr'>erga</span> <span class='ocrx_word' id='word_1_633' title='bbox 1448 2194 1541 2231; x_wconf 87' lang='lat' dir='ltr'>duos,</span> <span class='ocrx_word' id='word_1_634' title='bbox 1557 2203 1641 2239; x_wconf 90' lang='lat' dir='ltr'>quos</span> <span class='ocrx_word' id='word_1_635' title='bbox 1652 2190 1714 2225; x_wconf 84' lang='lat' dir='ltr'>hoc</span> <span class='ocrx_word' id='word_1_636' title='bbox 1728 2189 1796 2238; x_wconf 88' lang='lat' dir='ltr'>ipso</span> <span class='ocrx_word' id='word_1_637' title='bbox 1809 2192 1844 2224; x_wconf 89' lang='lat' dir='ltr'>in</span> 
     </span>
     <span class='ocr_line' id='line_1_108' title="bbox 1089 2241 1845 2294; baseline -0.013 -12"><span class='ocrx_word' id='word_1_638' title='bbox 1089 2261 1185 2294; x_wconf 86' lang='lat' dir='ltr'>opere</span> <span class='ocrx_word' id='word_1_639' title='bbox 1193 2246 1306 2281; x_wconf 80' lang='lat' dir='ltr'>eximie</span> <span class='ocrx_word' id='word_1_640' title='bbox 1320 2243 1565 2279; x_wconf 85' lang='lat' dir='ltr'>commendavit</span> <span class='ocrx_word' id='word_1_641' title='bbox 1576 2265 1586 2282; x_wconf 88' lang='lat'><strong>,</strong></span> <span class='ocrx_word' id='word_1_642' title='bbox 1610 2241 1763 2287; x_wconf 84' lang='lat' dir='ltr'>intelligo</span> <span class='ocrx_word' id='word_1_643' title='bbox 1777 2242 1845 2273; x_wconf 87' lang='lat' dir='ltr'>Lu-</span> 
     </span>
     <span class='ocr_line' id='line_1_109' title="bbox 1090 2290 1846 2341; baseline -0.012 -11"><span class='ocrx_word' id='word_1_644' title='bbox 1090 2296 1224 2331; x_wconf 83' lang='lat' dir='ltr'>dovicum</span> <span class='ocrx_word' id='word_1_645' title='bbox 1242 2294 1410 2341; x_wconf 70' lang='lat' dir='ltr'>Capellam,</span> <span class='ocrx_word' id='word_1_646' title='bbox 1429 2297 1461 2328; x_wconf 74' lang='grc' dir='ltr'>δε</span> <span class='ocrx_word' id='word_1_647' title='bbox 1482 2292 1580 2340; x_wconf 78' lang='lat' dir='ltr'>ipsius</span> <span class='ocrx_word' id='word_1_648' title='bbox 1591 2301 1667 2325; x_wconf 89' lang='lat' dir='ltr'>toto</span> <span class='ocrx_word' id='word_1_649' title='bbox 1683 2290 1766 2324; x_wconf 90' lang='lat' dir='ltr'>orbe</span> <span class='ocrx_word' id='word_1_650' title='bbox 1782 2300 1846 2323; x_wconf 90' lang='lat' dir='ltr'>no-</span> 
     </span>
     <span class='ocr_line' id='line_1_110' title="bbox 1090 2340 1848 2391; baseline -0.013 -11"><span class='ocrx_word' id='word_1_651' title='bbox 1090 2356 1160 2380; x_wconf 89' lang='lat' dir='ltr'>tum</span> <span class='ocrx_word' id='word_1_652' title='bbox 1173 2344 1393 2379; x_wconf 73' lang='lat' dir='ltr'>doffissimum</span> <span class='ocrx_word' id='word_1_653' title='bbox 1407 2352 1574 2391; x_wconf 86' lang='lat' dir='ltr'>parentem</span> <span class='ocrx_word' id='word_1_654' title='bbox 1589 2343 1727 2374; x_wconf 84' lang='lat' dir='ltr'>Ioannem</span> <span class='ocrx_word' id='word_1_655' title='bbox 1739 2340 1848 2371; x_wconf 84' lang='lat' dir='ltr'>Gerar-</span> 
     </span>
     <span class='ocr_line' id='line_1_111' title="bbox 1090 2390 1849 2442; baseline -0.014 -12"><span class='ocrx_word' id='word_1_656' title='bbox 1090 2395 1177 2434; x_wconf 80' lang='lat' dir='ltr'>dum,</span> <span class='ocrx_word' id='word_1_657' title='bbox 1192 2394 1245 2429; x_wconf 81' lang='lat' dir='ltr'>hic</span> <span class='ocrx_word' id='word_1_658' title='bbox 1260 2394 1411 2442; x_wconf 82' lang='lat' dir='ltr'>Isagoges</span> <span class='ocrx_word' id='word_1_659' title='bbox 1430 2391 1470 2426; x_wconf 90' lang='lat' dir='ltr'>ab</span> <span class='ocrx_word' id='word_1_660' title='bbox 1489 2391 1582 2432; x_wconf 68' lang='lat' dir='ltr'>Jfaaco</span> <span class='ocrx_word' id='word_1_661' title='bbox 1597 2390 1686 2423; x_wconf 87' lang='lat' dir='ltr'>editae</span> <span class='ocrx_word' id='word_1_662' title='bbox 1702 2398 1774 2437; x_wconf 77' lang='lat' dir='ltr'>pag.</span> <span class='ocrx_word' id='word_1_663' title='bbox 1792 2397 1849 2429; x_wconf 83' lang='lat'>50.</span> 
     </span>
     <span class='ocr_line' id='line_1_112' title="bbox 1091 2435 1847 2491; baseline -0.017 -12"><span class='ocrx_word' id='word_1_664' title='bbox 1091 2446 1146 2479; x_wconf 88' lang='lat' dir='ltr'>ille</span> <span class='ocrx_word' id='word_1_665' title='bbox 1160 2443 1403 2491; x_wconf 83' lang='lat' dir='ltr'>Chronologiae</span> <span class='ocrx_word' id='word_1_666' title='bbox 1420 2441 1479 2475; x_wconf 85' lang='lat' dir='ltr'>suae</span> <span class='ocrx_word' id='word_1_667' title='bbox 1491 2439 1581 2474; x_wconf 85' lang='lat' dir='ltr'>sactae</span> <span class='ocrx_word' id='word_1_668' title='bbox 1599 2437 1617 2472; x_wconf 72' lang='grc' dir='ltr'>εὶ</span> <span class='ocrx_word' id='word_1_669' title='bbox 1628 2435 1785 2472; x_wconf 87' lang='lat' dir='ltr'>VValtono</span> <span class='ocrx_word' id='word_1_670' title='bbox 1795 2446 1847 2481; x_wconf 93' lang='lat' dir='ltr'>ty-</span> 
     </span>
     <span class='ocr_line' id='line_1_113' title="bbox 1092 2487 1847 2543; baseline -0.019 -14"><span class='ocrx_word' id='word_1_671' title='bbox 1092 2498 1141 2541; x_wconf 85' lang='lat' dir='ltr'>pis</span> <span class='ocrx_word' id='word_1_672' title='bbox 1153 2494 1303 2543; x_wconf 72' lang='lat' dir='ltr'>dataepag.</span> <span class='ocrx_word' id='word_1_673' title='bbox 1313 2506 1358 2538; x_wconf 63' lang='lat'>7.&gt;</span> <span class='ocrx_word' id='word_1_674' title='bbox 1369 2491 1531 2525; x_wconf 83' lang='lat' dir='ltr'>Cainanem</span> <span class='ocrx_word' id='word_1_675' title='bbox 1541 2487 1711 2522; x_wconf 87' lang='lat' dir='ltr'>insititium</span> <span class='ocrx_word' id='word_1_676' title='bbox 1721 2497 1755 2517; x_wconf 89' lang='lat' dir='ltr'>ex</span> <span class='ocrx_word' id='word_1_677' title='bbox 1762 2496 1847 2530; x_wconf 88' lang='lat' dir='ltr'>pun-</span> 
     </span>
     <span class='ocr_line' id='line_1_114' title="bbox 1089 2535 1842 2592; baseline -0.017 -14"><span class='ocrx_word' id='word_1_678' title='bbox 1089 2554 1171 2592; x_wconf 85' lang='lat' dir='ltr'>gunt</span> <span class='ocrx_word' id='word_1_679' title='bbox 1183 2544 1221 2576; x_wconf 83' lang='lat' dir='ltr'>iis</span> <span class='ocrx_word' id='word_1_680' title='bbox 1232 2543 1452 2589; x_wconf 82' lang='lat' dir='ltr'>argumentis,</span> <span class='ocrx_word' id='word_1_681' title='bbox 1472 2536 1592 2583; x_wconf 87' lang='lat' dir='ltr'>quibus</span> <span class='ocrx_word' id='word_1_682' title='bbox 1603 2546 1707 2581; x_wconf 88' lang='lat' dir='ltr'>neque</span> <span class='ocrx_word' id='word_1_683' title='bbox 1719 2535 1842 2581; x_wconf 66' lang='lat' dir='ltr'>Istum,</span> 
     </span>
     <span class='ocr_line' id='line_1_115' title="bbox 1089 2582 1711 2638; baseline -0.018 -11"><span class='ocrx_word' id='word_1_684' title='bbox 1089 2605 1196 2638; x_wconf 90' lang='lat' dir='ltr'>neque</span> <span class='ocrx_word' id='word_1_685' title='bbox 1207 2591 1328 2624; x_wconf 79' lang='lat' dir='ltr'>Brianus</span> <span class='ocrx_word' id='word_1_686' title='bbox 1339 2597 1500 2622; x_wconf 87' lang='lat' dir='ltr'>conantur</span> <span class='ocrx_word' id='word_1_687' title='bbox 1510 2582 1711 2632; x_wconf 86' lang='lat' dir='ltr'>respondere.</span> 
     </span>
    </p>

    <p class='ocr_par' dir='ltr' id='par_1_15' title="bbox 1086 2629 1845 3128">
     <span class='ocr_line' id='line_1_116' title="bbox 1138 2629 1842 2685; baseline -0.016 -12"><span class='ocrx_word' id='word_1_688' title='bbox 1138 2640 1248 2685; x_wconf 80' lang='lat' dir='ltr'>Pergit</span> <span class='ocrx_word' id='word_1_689' title='bbox 1258 2640 1366 2685; x_wconf 67' lang='lat' dir='ltr'>[fiacus</span> <span class='ocrx_word' id='word_1_690' title='bbox 1377 2638 1410 2670; x_wconf 89' lang='lat' dir='ltr'>in</span> <span class='ocrx_word' id='word_1_691' title='bbox 1423 2635 1623 2670; x_wconf 53' lang='lat' dir='ltr'>convitiis&amp;</span> <span class='ocrx_word' id='word_1_692' title='bbox 1635 2629 1842 2666; x_wconf 80' lang='lat' dir='ltr'>acerbissimis</span> 
     </span>
     <span class='ocr_line' id='line_1_117' title="bbox 1089 2677 1842 2734; baseline -0.015 -11"><span class='ocrx_word' id='word_1_693' title='bbox 1089 2689 1280 2722; x_wconf 88' lang='lat' dir='ltr'>calumniis:</span> <span class='ocrx_word' id='word_1_694' title='bbox 1296 2683 1448 2734; x_wconf 70' lang='lat' dir='ltr'>Improbe</span> <span class='ocrx_word' id='word_1_695' title='bbox 1462 2685 1598 2731; x_wconf 86' lang='lat' dir='ltr'>(inquit)</span> <span class='ocrx_word' id='word_1_696' title='bbox 1612 2680 1754 2716; x_wconf 87' lang='lat' dir='ltr'>sentiunt</span> <span class='ocrx_word' id='word_1_697' title='bbox 1765 2677 1842 2714; x_wconf 71' lang='lat' dir='ltr'>cum</span> 
     </span>
     <span class='ocr_line' id='line_1_118' title="bbox 1088 2729 1844 2773; baseline -0.016 -1"><span class='ocrx_word' id='word_1_698' title='bbox 1088 2738 1200 2772; x_wconf 88' lang='lat' dir='ltr'>dicunt</span> <span class='ocrx_word' id='word_1_699' title='bbox 1224 2749 1244 2771; x_wconf 80' lang='lat'>1.</span> <span class='ocrx_word' id='word_1_700' title='bbox 1260 2749 1282 2771; x_wconf 79' lang='lat' dir='ltr'><strong>x</strong></span> <span class='ocrx_word' id='word_1_701' title='bbox 1299 2749 1335 2770; x_wconf 83' lang='lat' dir='ltr'>x.</span> <span class='ocrx_word' id='word_1_702' title='bbox 1363 2734 1500 2770; x_wconf 86' lang='lat' dir='ltr'>seniores</span> <span class='ocrx_word' id='word_1_703' title='bbox 1517 2735 1603 2768; x_wconf 89' lang='lat' dir='ltr'>viros</span> <span class='ocrx_word' id='word_1_704' title='bbox 1623 2729 1750 2765; x_wconf 63' lang='lat' dir='ltr'>sanftos</span> <span class='ocrx_word' id='word_1_705' title='bbox 1768 2740 1844 2773; x_wconf 86' lang='lat' dir='ltr'>pro-</span> 
     </span>
     <span class='ocr_line' id='line_1_119' title="bbox 1088 2776 1843 2834; baseline -0.019 -12"><span class='ocrx_word' id='word_1_706' title='bbox 1088 2786 1152 2834; x_wconf 54' lang='lat' dir='ltr'>pria</span> <span class='ocrx_word' id='word_1_707' title='bbox 1165 2786 1300 2821; x_wconf 90' lang='lat' dir='ltr'>libidine</span> <span class='ocrx_word' id='word_1_708' title='bbox 1309 2785 1470 2819; x_wconf 75' lang='lat' dir='ltr'>Cainanem</span> <span class='ocrx_word' id='word_1_709' title='bbox 1480 2783 1574 2818; x_wconf 89' lang='lat' dir='ltr'>istum</span> <span class='ocrx_word' id='word_1_710' title='bbox 1583 2776 1747 2818; x_wconf 70' lang='lat' dir='ltr'>addidisse,</span> <span class='ocrx_word' id='word_1_711' title='bbox 1758 2777 1843 2810; x_wconf 86' lang='lat' dir='ltr'>mul-</span> 
     </span>
     <span class='ocr_line' id='line_1_120' title="bbox 1086 2826 1845 2883; baseline -0.018 -11"><span class='ocrx_word' id='word_1_712' title='bbox 1086 2837 1122 2870; x_wconf 75' lang='lat' dir='ltr'>to</span> <span class='ocrx_word' id='word_1_713' title='bbox 1135 2835 1212 2872; x_wconf 72' lang='lat' dir='ltr'>vero</span> <span class='ocrx_word' id='word_1_714' title='bbox 1230 2833 1412 2883; x_wconf 75' lang='lat' dir='ltr'>improbius</span> <span class='ocrx_word' id='word_1_715' title='bbox 1424 2859 1434 2872; x_wconf 94' lang='lat'>‚</span> <span class='ocrx_word' id='word_1_716' title='bbox 1454 2830 1527 2868; x_wconf 70' lang='lat' dir='ltr'>cum</span> <span class='ocrx_word' id='word_1_717' title='bbox 1541 2831 1654 2865; x_wconf 90' lang='lat' dir='ltr'>dicunt</span> <span class='ocrx_word' id='word_1_718' title='bbox 1669 2826 1845 2872; x_wconf 81' lang='lat' dir='ltr'>Euangeli-</span> 
     </span>
     <span class='ocr_line' id='line_1_121' title="bbox 1087 2872 1845 2920; baseline -0.017 0"><span class='ocrx_word' id='word_1_719' title='bbox 1087 2886 1164 2920; x_wconf 78' lang='lat' dir='ltr'>stam</span> <span class='ocrx_word' id='word_1_720' title='bbox 1176 2888 1287 2920; x_wconf 82' lang='lat' dir='ltr'>Lucam</span> <span class='ocrx_word' id='word_1_721' title='bbox 1298 2898 1412 2919; x_wconf 90' lang='lat' dir='ltr'>eorum</span> <span class='ocrx_word' id='word_1_722' title='bbox 1430 2882 1540 2918; x_wconf 86' lang='lat' dir='ltr'>fraude</span> <span class='ocrx_word' id='word_1_723' title='bbox 1557 2878 1719 2913; x_wconf 64' lang='lat' dir='ltr'>seductum</span> <span class='ocrx_word' id='word_1_724' title='bbox 1744 2872 1845 2909; x_wconf 81' lang='lat' dir='ltr'>erras-</span> 
     </span>
     <span class='ocr_line' id='line_1_122' title="bbox 1087 2924 1842 2980; baseline -0.016 -11"><span class='ocrx_word' id='word_1_725' title='bbox 1087 2933 1131 2969; x_wconf 91' lang='lat' dir='ltr'>se.</span> <span class='ocrx_word' id='word_1_726' title='bbox 1157 2934 1254 2980; x_wconf 90' lang='lat' dir='ltr'>Resp.</span> <span class='ocrx_word' id='word_1_727' title='bbox 1284 2937 1355 2969; x_wconf 88' lang='lat' dir='ltr'>Cur</span> <span class='ocrx_word' id='word_1_728' title='bbox 1365 2933 1430 2968; x_wconf 77' lang='lat' dir='ltr'>sinc</span> <span class='ocrx_word' id='word_1_729' title='bbox 1446 2932 1517 2966; x_wconf 93' lang='lat' dir='ltr'>ullo</span> <span class='ocrx_word' id='word_1_730' title='bbox 1533 2929 1651 2963; x_wconf 83' lang='lat' dir='ltr'>merito</span> <span class='ocrx_word' id='word_1_731' title='bbox 1663 2951 1672 2967; x_wconf 87' lang='lat'>‚</span> <span class='ocrx_word' id='word_1_732' title='bbox 1691 2925 1747 2959; x_wconf 93' lang='lat' dir='ltr'>suo</span> <span class='ocrx_word' id='word_1_733' title='bbox 1762 2924 1842 2971; x_wconf 86' lang='lat' dir='ltr'>patri</span> 
     </span>
     <span class='ocr_line' id='line_1_123' title="bbox 1089 2974 1843 3021; baseline -0.02 -1"><span class='ocrx_word' id='word_1_734' title='bbox 1089 2988 1139 3021; x_wconf 91' lang='lat' dir='ltr'>vir</span> <span class='ocrx_word' id='word_1_735' title='bbox 1155 2983 1354 3018; x_wconf 69' lang='lat' dir='ltr'>doctissimus</span> <span class='ocrx_word' id='word_1_736' title='bbox 1373 2994 1437 3016; x_wconf 86' lang='lat' dir='ltr'>tam</span> <span class='ocrx_word' id='word_1_737' title='bbox 1456 2982 1634 3014; x_wconf 86' lang='lat' dir='ltr'>immanem</span> <span class='ocrx_word' id='word_1_738' title='bbox 1648 2974 1843 3021; x_wconf 87' lang='lat' dir='ltr'>improbita-</span> 
     </span>
     <span class='ocr_line' id='line_1_124' title="bbox 1088 3020 1842 3080; baseline -0.017 -12"><span class='ocrx_word' id='word_1_739' title='bbox 1088 3045 1155 3069; x_wconf 89' lang='lat' dir='ltr'>tem</span> <span class='ocrx_word' id='word_1_740' title='bbox 1166 3034 1341 3080; x_wconf 82' lang='lat' dir='ltr'>impingit?</span> <span class='ocrx_word' id='word_1_741' title='bbox 1367 3030 1486 3078; x_wconf 87' lang='lat' dir='ltr'>Ecquis</span> <span class='ocrx_word' id='word_1_742' title='bbox 1497 3039 1640 3075; x_wconf 90' lang='lat' dir='ltr'>unquam</span> <span class='ocrx_word' id='word_1_743' title='bbox 1655 3027 1688 3059; x_wconf 91' lang='lat' dir='ltr'>in</span> <span class='ocrx_word' id='word_1_744' title='bbox 1705 3020 1842 3058; x_wconf 53' lang='lat' dir='ltr'>Ecclesia</span> 
     </span>
     <span class='ocr_line' id='line_1_125' title="bbox 1090 3071 1841 3128; baseline -0.02 -9"><span class='ocrx_word' id='word_1_745' title='bbox 1090 3083 1259 3118; x_wconf 62' lang='lat' dir='ltr'>reformata</span> <span class='ocrx_word' id='word_1_746' title='bbox 1272 3081 1460 3128; x_wconf 88' lang='lat' dir='ltr'>scriptorem</span> <span class='ocrx_word' id='word_1_747' title='bbox 1472 3079 1577 3112; x_wconf 92' lang='lat' dir='ltr'>ullum</span> <span class='ocrx_word' id='word_1_748' title='bbox 1594 3076 1772 3113; x_wconf 66' lang='grc' dir='ltr'>θεόπνευςον</span> <span class='ocrx_word' id='word_1_749' title='bbox 1782 3071 1841 3105; x_wconf 89' lang='lat' dir='ltr'>da-</span> 
     </span>
    </p>
   </div>
   <div class='ocr_carea' id='block_1_10' title="bbox 1090 3120 1839 3203">
    <p class='ocr_par' dir='ltr' id='par_1_16' title="bbox 1090 3120 1839 3203">
     <span class='ocr_line' id='line_1_126' title="bbox 1090 3120 1839 3203; baseline -0.021 -34"><span class='ocrx_word' id='word_1_750' title='bbox 1090 3134 1213 3169; x_wconf 81' lang='lat' dir='ltr'>mnavit</span> <span class='ocrx_word' id='word_1_751' title='bbox 1223 3133 1347 3172; x_wconf 88' lang='lat' dir='ltr'>erroris,</span> <span class='ocrx_word' id='word_1_752' title='bbox 1362 3140 1416 3165; x_wconf 82' lang='lat' dir='ltr'>aut</span> <span class='ocrx_word' id='word_1_753' title='bbox 1428 3126 1616 3175; x_wconf 82' lang='lat' dir='ltr'>cujusquam</span> <span class='ocrx_word' id='word_1_754' title='bbox 1628 3123 1737 3160; x_wconf 79' lang='lat' dir='ltr'>fraude</span> <span class='ocrx_word' id='word_1_755' title='bbox 1745 3120 1839 3203; x_wconf 51' lang='lat' dir='ltr'>gdu-</span> 
     </span>
     <span class='ocr_line' id='line_1_127' title="bbox 1781 3181 1838 3203; baseline -0.018 -1"><span class='ocrx_word' id='word_1_756' title='bbox 1781 3181 1838 3203; x_wconf 79' lang='lat' dir='ltr'>um</span> 
     </span>
    </p>
   </div>
  </div>
 </body>
</html>
