2048 3343
83 2986 185 3012 mimum·

448 100 515 130 ET
571 91 1257 134 Cnnouotocxcx

188 171 261 208 sunt
272 165 335 210 ufi)
356 177 469 216 praeter
480 166 545 202 hoc
555 168 688 215 inqu-am
698 191 708 207 ‚
721 169 830 201 textus
843 167 939 202 Grae-

187 232 246 256 cus
264 217 360 252 hodie
386 221 417 252 δι
435 219 518 253 olim
539 214 681 251 maxime
694 215 893 262 approbatus
907 218 940 250 in

187 279 277 315 cup.5
286 293 293 301 .
306 268 395 302 Gen.
406 265 660 301 manifestissimo
672 275 780 299 errore
792 277 940 300 corrum-

189 320 277 366 pitur
293 341 302 356 ‚
322 314 496 363 Methus-ilae
512 316 598 349 enim
615 315 715 348 vitam
727 315 872 350 extendit
884 316 938 349 ul-

189 379 240 402 tra
249 367 422 401 Diluvium
443 363 534 399 annis
551 363 728 398 minimum
742 365 941 412 quatuorde-

191 419 272 456 cim,
286 415 307 451 fi
317 427 384 449 non
395 415 531 461 viginti,
544 425 602 448 nec
612 425 685 448 eum
702 416 857 449 tamenin
869 427 941 449 arca

190 467 262 503 vult
281 464 322 498 ab
339 476 420 512 aqua
437 462 603 498 salvatum.
640 464 753 498 Nemo
764 463 904 504 dubitat,
918 464 940 499 fi

189 510 391 559 Methusilem
405 515 554 561 genuerit
577 511 682 547 filium
706 511 834 547 Lamech
855 525 941 548 anno

188 566 262 600 vitae
288 561 348 598 suae
374 561 554 597 centesimo
588 560 782 609 sexagesimo
807 565 939 611 quinto,

186 623 291 662 prout
301 613 414 660 legunt
431 612 537 646 Biblia
556 612 670 646 Graeca
684 613 818 659 optimae
841 624 941 652 notre,

184 665 267 711 quin
283 660 424 696 omnino
445 659 652 696 necessarium
674 659 711 694 sit
730 660 839 696 vixisse
861 663 942 696 Me-

187 711 329 761 thusalem
340 722 392 746 tot
405 723 509 746 annos
522 710 591 757 post
605 711 791 745 Diluvium.

236 765 484 810 Argumentum
507 759 570 793 hoc
586 758 743 793 VValrono
763 770 875 794 movet
888 758 941 793 bi-

187 812 253 846 lem
267 811 282 851 ‚'
293 809 380 857 quasi
392 813 448 845 Aa
471 809 572 847 uliinm
583 809 663 842 olim
676 811 703 843 ei
720 807 940 843 satisfecisset:

188 860 242 895 sed
255 859 433 894 meminisse
443 824 590 893 {cbebat
611 860 658 892 vir
671 858 786 892 dotffiis
797 856 939 892 eversam

186 909 204 945 ὲ
225 909 256 944 se
274 910 436 960 Augustini
456 907 720 955 responsionem3
737 905 858 940 fatetur
870 906 941 951 post

186 955 398 1001 Hieronymum
410 958 591 1007 Augustinm
606 983 615 996 ,
641 956 744 990 dubio
757 967 819 1001 prae
833 955 940 987 mani-

187 1007 263 1049 bus,
276 1008 365 1056 quod
376 1008 499 1040 multos
511 1006 565 1038 suo
576 1005 684 1038 seculo
695 1002 940 1041 vexabat,nu110

188 1059 253 1093 alio
268 1057 370 1091 modo
383 1053 522 1088 satisfieri
535 1049 629 1099 posse,
641 1063 738 1100 quam
751 1052 938 1085 reducendo

188 1106 370 1142 versionem
383 1105 528 1135 Graecam
539 1100 576 1134 ad
588 1099 715 1135 fontem
729 1100 942 1138 Hebraicum,

189 1160 221 1191 δι
231 1151 420 1190 confitendo
434 1160 560 1184 textum
573 1151 727 1185 Graecum
738 1161 942 1198 corruptum.

187 1201 362 1240 Profitetur
382 1200 514 1247 quidem
539 1198 648 1234 vidisse
670 1199 700 1234 se
728 1199 857 1234 codices
877 1210 943 1233 tres

188 1255 334 1291 Graecos,
349 1254 380 1284 &
394 1262 495 1284 unum
507 1251 663 1283 Latinum
676 1273 684 1288 ,
695 1249 752 1297 qui
766 1247 941 1283 secundum

187 1302 242 1336 He
249 1301 389 1335 braicam
403 1301 571 1334 veritate-m
587 1300 732 1346 legerent
745 1296 944 1345 Metlmstzlem

186 1350 326 1399 genuisse
348 1347 474 1383 Lamech
493 1361 581 1383 anno
602 1351 673 1383 vitae
689 1347 749 1382 suae
765 1347 943 1382 centesimo

188 1398 392 1447 oftogesirno
406 1397 543 1446 septimo
554 1424 563 1438 ,
583 1410 651 1432 non
664 1397 842 1432 centesimo
853 1396 923 1431 sexa
932 1417 942 1423 -

188 1449 313 1498 gesimo
327 1448 467 1496 septimo
484 1472 490 1485 ‚
507 1446 560 1482 sed
577 1448 729 1495 nunquid
744 1445 942 1482 libetVVal-

187 1511 255 1534 tono
267 1499 430 1550 Augustini
441 1498 553 1533 vadere
564 1500 638 1532 via?
661 1510 702 1531 an
715 1498 785 1531 vult
797 1496 944 1531 VValto-

191 1562 243 1583 nuo
257 1550 370 1584 Graeca
386 1547 438 1582 hic
459 1561 499 1583 ex
518 1547 666 1582 Hebraeis
679 1547 795 1581 debere
809 1549 944 1594 corrigi,

189 1599 242 1635 vel
261 1600 369 1644 potius
389 1598 526 1632 Hebraea
544 1611 583 1631 ex
606 1598 747 1631 Graecis?
773 1598 826 1630 An
840 1597 945 1630 ullum

190 1661 231 1682 ex
254 1648 358 1681 tribus
385 1647 449 1680 istis
474 1646 709 1693 exemplaribus
731 1648 852 1681 Graecis
872 1647 945 1681 He-

191 1697 303 1732 braico
312 1697 416 1730 textui
436 1694 586 1731 consonis
602 1696 760 1731 existimat
772 1696 870 1729 bodie
886 1710 945 1731 ex-

194 1750 287 1780 tare?
313 1751 438 1780 Annon
451 1746 553 1779 editio
563 1771 573 1785 ‚
594 1757 690 1794 quam
703 1747 734 1790 ip
742 1743 769 1778 se
779 1757 814 1778 ut
823 1745 945 1780 verissi-

195 1808 283 1830 mam
313 1808 320 1827 i
339 1807 406 1829 xx.
428 1799 640 1842 Iiiterpretum
654 1794 832 1829 versionem
846 1796 878 1828 in
889 1797 944 1829 Bi-

196 1845 268 1878 bliis
281 1843 340 1877 suis
349 1846 506 1880 collocat,
524 1843 639 1879 diserte
652 1845 729 1891 legit
742 1843 804 1877 sine
817 1843 881 1878 ulla
891 1858 944 1879 va-

192 1895 304 1928 rietate
324 1890 526 1939 Aletbnsalem
546 1892 684 1940 genuisse
708 1891 834 1926 Lamech
859 1906 946 1929 anno

192 1941 250 1976 suo
261 1941 436 1977 centesimo
447 1942 643 1990 sexagesimo
655 1943 785 1989 quinto;
801 1945 875 1977 licet
886 1957 944 1978 au-

192 2002 260 2026 tem
274 1994 331 2026 tria
349 2003 405 2026 aut
417 2003 558 2040 quatuor
577 1992 658 2026 olim
675 1994 874 2039 exemplaria
890 1993 944 2027 ali-

193 2051 243 2075 ter
260 2041 398 2088 legerint
419 2055 428 2080 ς
456 2042 531 2075 cum
553 2053 661 2076 tamen
673 2043 775 2075 multa
795 2043 896 2075 millia
906 2042 946 2076 ab

194 2090 344 2125 Ecclesiis
355 2093 389 2124 &
412 2091 559 2125 Patribus
572 2091 721 2137 usurpata
732 2088 928 2137 exemplaria
938 2116 946 2131 ‚

193 2139 374 2175 secundum
387 2139 482 2187 ipsius
494 2140 644 2174 VValtoni
656 2141 891 2179 textum,aliter
901 2141 948 2174 le-

193 2200 284 2238 gant,
295 2202 395 2237 pauca
407 2188 556 2235 pluribus
568 2204 636 2225 non
647 2189 867 2236 praejudicant.

243 2238 389 2285 Qarto.
400 2238 579 2274 Sicalculus
591 2241 946 2275 Graecorumtextuum

193 2288 379 2338 praeferatur
404 2289 529 2323 calculo
565 2290 750 2325 Bibliorum
787 2286 948 2322 Hebraeo-

193 2351 266 2373 rum
276 2363 286 2378 ,
296 2349 367 2372 tum
380 2339 615 2388 Chronologia
626 2351 697 2374 tota
707 2338 790 2372 sacra
803 2336 948 2372 funditus

195 2397 357 2422 evertetur
382 2412 392 2428 ,
418 2388 542 2424 additio
563 2392 653 2424 enim
673 2400 836 2422 annorum
858 2387 947 2421 mille

195 2437 451 2484 quingentorum
473 2461 482 2472 ‚
504 2451 621 2473 omnes
642 2440 783 2474 rationes
793 2439 946 2471 omnium

196 2486 374 2520 recentium
398 2484 692 2534 Chronologorum
719 2487 947 2526 conturbabit3

196 2546 310 2570 eorum
322 2530 473 2567 dissensus
486 2534 524 2567 de
536 2535 649 2569 diebus
661 2559 670 2573 ,
691 2535 853 2568 mensibus
864 2559 873 2573 ‚
895 2546 949 2568 aut

199 2585 307 2623 annis,
326 2582 516 2617 extendetur
536 2584 575 2618 ad
597 2585 720 2631 integra
738 2582 927 2630 quindecim
942 2607 951 2622 ,

200 2637 232 2668 &
244 2633 332 2678 plura
343 2631 459 2672 secula,
472 2632 626 2682 quicquid
638 2645 673 2668 cx
683 2631 854 2678 eclipsibus
868 2655 876 2667 ,
897 2642 951 2665 aur

200 2682 348 2717 motibus
361 2681 514 2716 astrorum
526 2684 605 2717 lucis
620 2684 656 2716 ad
674 2693 862 2728 temporum
875 2680 951 2714 cha-

202 2733 343 2765 rasteres
359 2729 507 2777 figendos
523 2734 581 2775 viri
599 2733 686 2766 doeh
705 2730 755 2766 vel
776 2731 858 2764 olim
870 2755 879 2770 ‚
900 2730 950 2764 vel

204 2793 306 2828 nuper
317 2781 494 2815 attulerunt
506 2804 514 2816 ‚
529 2792 636 2815 totum
651 2778 815 2815 evanescet
827 2779 884 2813 hac
894 2792 951 2813 eo-

205 2843 275 2863 rum
287 2830 452 2865 additione
468 2840 520 2864 tot
531 2829 722 2865 seculorum.
740 2826 874 2862 Eversio
887 2828 952 2862 haec

208 2878 450 2927 chronologiae
472 2879 563 2915 sacrae
582 2880 749 2928 permultis
775 2877 952 2912 doctorum

210 2940 276 2961 non
287 2930 346 2962 erit
359 2930 439 2963 levis
449 2931 581 2974 jaeiura.

260 2977 402 3023 Qintb.
429 2981 490 3014 Vel
505 2981 688 3014 amicorum
705 2973 880 3012 reverenti&
899 2974 954 3008 ab·

214 3022 327 3060 stinere
335 3027 515 3064 debuerunt
527 3028 602 3064 cum
617 3030 738 3076 Ishacua,
752 3038 820 3061 tum
834 3025 956 3059 Brianm

215 3073 257 3107 ab
268 3073 323 3108 hac
333 3076 387 3110 lite
412 3091 421 3111 t
447 3080 501 3113 ille
515 3081 607 3128 ,quia
619 3090 708 3125 pater
722 3081 839 3111 loannes
852 3078 956 3108 Gerar-

216 3123 267 3156 dus
277 3125 309 3156 in
319 3121 447 3173 isagoge
457 3128 508 3162 sua
518 3129 878 3174 Chronologica‚quam
894 3123 956 3171 ipse

217 3175 324 3220 Istacm
343 3186 444 3221 nuper
463 3177 565 3213 edidit
588 3178 650 3213 unii
668 3190 742 3212 cum
755 3177 807 3213 sua
817 3172 960 3210 disserta—

1316 94 1503 137 L1n.1.
1694 113 1738 149 13

990 170 1083 203 tione
1107 179 1181 216 pag.
1197 180 1254 212 34·
1281 171 1312 203 δι
1342 183 1388 215 35.
1415 171 1586 208 absurdum
1608 171 1660 207 liic
1679 169 1740 206 esse

991 218 1184 252 Graecorum
1203 217 1365 252 calculum
1378 219 1533 262 affirmat,
1553 226 1583 257 &
1605 223 1741 257 inextri-

989 266 1130 301 cabilem
1150 291 1161 307 ,
1187 266 1244 301 nisi
1263 267 1303 301 ad
1320 268 1448 304 codices
1467 271 1623 307 Hebraeos
1636 271 1742 306 refor-

991 327 1098 350 metur
1118 329 1126 350 ε
1152 315 1204 350 hic
1218 341 1228 357 ‚
1248 315 1336 363 quud
1349 317 1512 364 singularis
1524 324 1592 365 ejus
1607 323 1740 360 amicus,¹

989 369 1079 410 cujus
1104 364 1221 400 sacram
1247 366 1519 415 Chronologiam
1545 372 1639 404 toties
1665 370 1682 404 zi
1710 368 1741 404 se

989 414 1255 449 commendatam
1275 416 1332 462 ipsi
1351 419 1441 463 operi
1466 415 1598 451 Biblico
1619 419 1741 453 infersit

994 464 1157 498 Ludovicus
1180 464 1322 510 Capellm.
1358 466 1637 515 Qotviscunque
1658 469 1740 502 alios

991 513 1147 548 Hebraici
1158 512 1262 548 textus
1273 514 1366 549 locos
1379 513 1522 550 solicitet
1536 539 1545 556 ‚
1566 529 1634 550 non
1646 514 1742 549 ausus

991 574 1101 598 tamen
1118 559 1183 597 fuit
1201 561 1380 598 censoriam
1392 563 1477 599 suam
1491 566 1649 613 virgulam
1662 565 1744 598 locis

992 624 1050 659 prae
1074 612 1222 648 manibus
1238 613 1328 647 Gen.
1344 623 1375 660 5.
1402 615 1561 661 applicare
1573 639 1582 655 ‚
1601 627 1657 649 cur
1675 626 1745 648 non

992 659 1069 708 ergo
1090 662 1186 695 etiam
1200 662 1374 698 Waltonus
1391 664 1501 712 Capelli
1518 665 1672 712 exemplo
1691 664 1744 697 in-

990 712 1094 744 taetos
1106 711 1261 759 reliquit?

1176 808 1251 848 (ζμ
1272 811 1309 838 AE.
1333 810 1350 837 s
1373 811 1399 838 τ
1421 812 1434 840 1
1457 812 1484 839 o
1526 809 1564 839 V·

1057 874 1215 921 Quamdiu
1225 873 1321 909 Noab
1338 877 1501 926 remanfirit
1510 878 1540 912 in
1553 879 1649 912 ὤνια
1660 882 1676 913 ἓ

995 953 1181 1034 QUinto
1193 956 1344 1000 quaeritur
1356 977 1364 988 ,
1388 958 1543 1002 quamdiu
1562 957 1654 992 Noah
1664 970 1738 993 cum

1075 1001 1131 1037 suo
1157 1005 1319 1037 comitatu
1348 1004 1381 1037 in
1408 1007 1492 1038 Arca
1528 1007 1738 1043 remanserit?

988 1051 1086 1098 Resp.
1114 1053 1279 1100 integrum
1291 1065 1410 1087 annum
1424 1051 1559 1087 solarem
1572 1078 1582 1093 ,
1599 1057 1688 1101 quod
1699 1057 1738 1091 sic

989 1101 1237 1136 demonstratur.
1258 1102 1375 1136 Genes.
1390 1116 1494 1150 7.cap.
1513 1117 1546 1138 v.
1563 1115 1612 1143 11,
1629 1116 1682 1150 13.
1707 1108 1740 1139 in

987 1151 1127 1184 articulo
1146 1151 1209 1185 diei
1222 1164 1291 1197 quo
1304 1154 1389 1198 rupti
1409 1150 1483 1186 sunt
1500 1151 1607 1186 fontes
1630 1153 1741 1200 Abyssi

991 1210 1117 1247 magnae
1127 1201 1278 1248 ingressus
1289 1200 1333 1235 est
1344 1214 1448 1235 arcam
1464 1204 1535 1235 Noa
1548 1227 1555 1239 ,
1570 1203 1624 1236 ille
1636 1215 1741 1238 autem

990 1248 1058 1283 dies
1073 1248 1184 1284 diserte
1200 1251 1319 1285 dicitur
1334 1250 1479 1285 decimus
1491 1249 1643 1298 septimus
1655 1266 1744 1288 men-

1761 961 1882 1001 &immiste

1762 1003 1882 1031 Noahw'n

1760 1048 1842 1074 ,Arca
1851 1055 1902 1070 an-

1761 1096 1790 1112 no
1800 1086 1884 1113 Solari

1762 1138 1808 1154 uno
1817 1127 1900 1161 (7]ἶό-

1760 1176 1776 1205 p
1780 1178 1807 1193 ra
1817 1170 1836 1194 L
1840 1177 1904 1193 una-

1765 1219 1813 1235 rem
1822 1207 1901 1234 dceliur

1766 1248 1883 1277 midecim.

990 1297 1028 1332 sis
1039 1297 1166 1333 secundi
1179 1302 1255 1334 anni
1266 1298 1488 1335 sexcentesimi
1500 1304 1571 1336 vitae
1583 1303 1674 1341 Noae,
1691 1300 1764 1338 seu»

991 1350 1068 1382 anni
1092 1350 1206 1384 mundi
1235 1350 1394 1384 millesimi
1408 1350 1630 1385 sexcentesimi
1644 1354 1745 1399 quin-

992 1396 1169 1446 quagesimi
1187 1397 1267 1433 sexti
1288 1413 1296 1438 ;
1323 1404 1354 1434 &
1377 1401 1490 1448 cap-8.
1510 1413 1537 1433 v.
1552 1407 1606 1434 16.
1634 1402 1745 1449 egredi

990 1446 1091 1492 jussus
1107 1448 1151 1482 est
1171 1451 1241 1482 Noa
1261 1449 1414 1484 vicesimo
1434 1449 1570 1497 septimo
1589 1450 1642 1484 die
1662 1451 1747 1495 eius-

993 1497 1064 1530 dem
1080 1497 1194 1532 mensis
1204 1496 1333 1534 secundi
1345 1503 1416 1534 anni
1428 1499 1605 1548 sequenti&
1618 1500 1749 1534 soxcen-

994 1546 1096 1581 tesimi
1110 1549 1203 1594 primi
1215 1550 1300 1588 Noa,
1312 1552 1344 1583 δι
1355 1549 1517 1584 millesimi
1528 1548 1747 1585 sexcentesimi

995 1597 1252 1645 quinquagesimi
1263 1597 1388 1645 septimi
1402 1599 1527 1634 mundi.

1044 1646 1136 1680 Idem
1147 1649 1243 1681 etiam
1256 1647 1466 1682 demonstrari
1487 1648 1591 1695 potest
1612 1661 1668 1696 pet
1678 1661 1751 1696 par-

994 1707 1062 1731 tes:
1081 1697 1226 1744 Gen.7.1
1237 1708 1270 1731 2.
1283 1696 1389 1732 statim
1402 1697 1472 1745 post
1485 1697 1657 1745 ingressum
1671 1701 1747 1733 Noa

997 1748 1030 1781 in
1044 1759 1148 1781 arcam
1160 1773 1168 1786 ‚
1188 1745 1268 1782 fausta
1285 1747 1329 1781 est
1348 1760 1402 1794 per
1413 1745 1627 1794 quadraginta
1636 1747 1703 1781 dies
1714 1752 1749 1782 &

997 1796 1213 1844 quadraginta
1225 1797 1337 1830 noctes
1350 1797 1460 1843 pluvia
1480 1797 1638 1830 continua
1652 1820 1661 1836 ,
1681 1797 1749 1844 quii.

997 1844 1130 1880 cessante
1151 1846 1385 1891 praevaluerunt
1408 1858 1497 1892 aquae
1524 1846 1750 1888 (creverintne

995 1908 1034 1928 an
1049 1907 1117 1929 non
1129 1894 1198 1941 post
1211 1895 1286 1928 illos
1296 1894 1362 1929 dies
1376 1907 1443 1929 non
1452 1894 1592 1937 dicitur)
1609 1895 1648 1929 ad
1659 1895 1748 1929 diem

998 1942 1093 1991 usque
1114 1943 1324 1978 centesimum
1337 1944 1640 1991 quinquagesimum
1655 1969 1665 1983 ,
1683 1944 1748 1978 hoc

997 1992 1041 2027 est
1054 2017 1063 2032 ,
1079 1993 1118 2028 ad
1128 1993 1215 2027 diem
1224 1993 1560 2039 decimumseptimum
1575 1992 1690 2027 mensis
1701 1994 1750 2026 se-

998 2044 1113 2090 ptimi:
1140 2053 1273 2077 centum
1284 2044 1522 2091 quinquaginta
1547 2043 1610 2076 dies
1626 2041 1748 2076 faciunt

997 2094 1141 2139 quinque
1160 2091 1284 2125 menses
1303 2094 1501 2126 tricenorum
1524 2091 1665 2139 singulos
1675 2090 1749 2125 dica

998 2152 1082 2178 ruiti,
1095 2142 1144 2175 his
1157 2140 1236 2175 adde
1250 2142 1379 2189 triginta
1391 2142 1455 2176 dies
1469 2142 1565 2188 primi
1579 2140 1695 2175 mensis
1709 2143 1746 2175 δε

997 2190 1136 2225 sedecim
1149 2189 1275 2225 secundi
1285 2193 1340 2239 qui
1352 2191 1510 2225 fluxerunt
1521 2204 1560 2225 eo
1572 2203 1658 2225 anno
1671 2202 1747 2224 ante

997 2241 1124 2275 Diluvii
1146 2241 1279 2274 initium
1292 2266 1302 2280 ,
1321 2242 1506 2289 pervenitur
1523 2241 1560 2274 ad
1580 2240 1747 2274 decimum

998 2289 1172 2337 septimum
1186 2292 1293 2337 quinti
1306 2290 1420 2325 mensis
1430 2292 1554 2324 Diluvii
1566 2314 1573 2325 ‚
1593 2289 1643 2324 sed
1656 2288 1750 2336 septi-

998 2340 1044 2374 mi
1066 2340 1180 2374 mensis
1200 2341 1278 2374 anni
1296 2343 1455 2376 currentis
1479 2340 1591 2374 mundi
1620 2342 1654 2374 &
1677 2340 1749 2373 vitae

997 2386 1129 2424 Noachi.

1047 2438 1198 2473 Substitit
1224 2451 1295 2473 arca
1322 2439 1355 2473 in
1382 2438 1557 2473 verticibus
1583 2437 1747 2473 montium

997 2489 1146 2523 Armeniae
1156 2498 1230 2524 ante
1241 2500 1397 2536 aquarum
1414 2489 1632 2523 decretionem
1646 2509 1655 2522 5
1674 2497 1747 2519 nam

1768 2449 1886 2485 Substitit

1768 2495 1848 2520 ..Arca
1857 2501 1906 2518 an-

998 2538 1179 2571 decrescere
1199 2539 1388 2583 inceperunt
1407 2549 1494 2582 aquae
1514 2535 1583 2582 ipso
1597 2536 1648 2569 die
1661 2533 1748 2568 deci·
1767 2539 1790 2559 ’θ
1804 2531 1884 2560 decre-

999 2584 1196 2631 moseptimo
1205 2597 1272 2632 quo
1283 2583 1468 2630 quiescebat
1480 2596 1551 2618 arca
1579 2596 1587 2618 ε
1612 2583 1747 2618 excede-

999 2633 1079 2667 bant
1096 2646 1135 2667 eo
1163 2634 1213 2667 die
1231 2645 1323 2680 aquae
1348 2631 1553 2668 summorum
1579 2634 1747 2668 montium

1000 2685 1135 2718 vertices
1146 2678 1275 2716 tantum
1295 2681 1422 2717 cubitos
1438 2682 1622 2730 quindecim
1634 2708 1644 2722 ,
1657 2684 1703 2717 ita
1714 2695 1749 2718 ut

1000 2744 1072 2767 arca
1082 2732 1215 2778 triginta
1231 2731 1359 2766 cubitos
1370 2733 1434 2766 alta
1445 2757 1454 2771 ,
1472 2731 1602 2766 cubitos
1614 2733 1750 2780 quinde-

1001 2783 1067 2815 cim
1081 2782 1170 2828 aquis
1182 2783 1367 2815 eminuerit.
1403 2782 1500 2816 Nulla
1517 2781 1566 2814 liic
1584 2781 1749 2816 necessitas

1000 2831 1149 2865 incubuit
1159 2833 1325 2877 Interpreti
1336 2832 1452 2865 Latino
1462 2830 1596 2865 addendi
1609 2843 1749 2866 numero

1001 2880 1166 2914 Hebraico
1177 2880 1242 2914 dies
1253 2881 1399 2928 integros
1412 2881 1518 2915 decem
1533 2904 1543 2919 ,
1565 2881 1752 2928 quasiaquae

1002 2928 1180 2964 decrescere
1192 2930 1324 2977 quidem
1343 2931 1518 2976 inciperent
1537 2929 1587 2964 die
1602 2931 1754 2964 decimo-

1003 2978 1140 3026 septimo
1153 2978 1267 3013 mensis
1278 2978 1403 3026 septimi
1416 3006 1424 3019 ,
1443 2978 1493 3013 sed
1513 2992 1582 3013 arca
1604 2992 1673 3014 non
1692 2978 1752 3014 nisi

1005 3029 1074 3076 post
1085 3029 1195 3063 decem
1215 3029 1339 3062 dierum
1359 3029 1603 3063 decrementum
1616 3031 1752 3077 quieve-

1004 3080 1045 3112 rit
1065 3093 1073 3112 ε
1092 3090 1156 3112 tam
1170 3080 1257 3112 enim
1268 3077 1361 3112 facile
1373 3076 1433 3111 fuit
1445 3091 1521 3113 arcae
1532 3078 1688 3125 quiescere
1699 3078 1751 3112 die

1005 3129 1112 3175 primo
1123 3129 1316 3162 decrementi
1326 3140 1479 3175 aquarum
1493 3131 1587 3176 quam
1601 3128 1653 3161 die
1664 3140 1752 3175 quo-

1006 3180 1052 3213 vis
1070 3177 1237 3226 posteriori
1255 3191 1262 3212 ε
1284 3191 1357 3212 nam
1371 3189 1542 3212 ventorum
1553 3179 1583 3215 vi
1595 3174 1751 3260 applicati}

1363 3227 1389 3259 B
1419 3240 1433 3273 3
1710 3238 1727 3260 a

1764 2575 1852 2600 tionem
1860 2582 1889 2599 a-

1766 2625 1878 2654 quarum.
