<?xml version="1.0" encoding="UTF-8"?>
<!DOCTYPE html PUBLIC "-//W3C//DTD XHTML 1.0 Transitional//EN"
    "http://www.w3.org/TR/xhtml1/DTD/xhtml1-transitional.dtd">
<html xmlns="http://www.w3.org/1999/xhtml" xml:lang="en" lang="en">
 <head>
  <title>
</title>
<meta http-equiv="Content-Type" content="text/html;charset=utf-8" />
  <meta name='ocr-system' content='tesseract 3.04.00' />
  <meta name='ocr-capabilities' content='ocr_page ocr_carea ocr_par ocr_line ocrx_word'/>
</head>
<body>
  <div class='ocr_page' id='page_1' title='image "./operishistoricie00bail_0460.png"; bbox 0 0 2048 3343; ppageno 0'>
   <div class='ocr_carea' id='block_1_1' title="bbox 279 87 1063 3111">
    <p class='ocr_par' dir='ltr' id='par_1_1' title="bbox 279 87 1063 3111">
     <span class='ocr_line' id='line_1_1' title="bbox 301 87 700 133; baseline -0.01 -1"><span class='ocrx_word' id='word_1_1' title='bbox 301 102 362 133; x_wconf 67' lang='lat'>122</span> <span class='ocrx_word' id='word_1_2' title='bbox 608 87 648 128; x_wconf 88' lang='lat' dir='ltr'>D</span> <span class='ocrx_word' id='word_1_3' title='bbox 679 102 700 128; x_wconf 78' lang='grc' dir='ltr'>Ε</span> 
     </span>
     <span class='ocr_line' id='line_1_2' title="bbox 303 157 1063 207; baseline -0.004 -12"><span class='ocrx_word' id='word_1_4' title='bbox 303 165 468 195; x_wconf 78' lang='lat' dir='ltr'>moventur</span> <span class='ocrx_word' id='word_1_5' title='bbox 482 157 548 193; x_wconf 87' lang='lat' dir='ltr'>lites</span> <span class='ocrx_word' id='word_1_6' title='bbox 564 183 574 198; x_wconf 91' lang='lat'>‚</span> <span class='ocrx_word' id='word_1_7' title='bbox 600 157 666 193; x_wconf 89' lang='lat' dir='ltr'>sunt</span> <span class='ocrx_word' id='word_1_8' title='bbox 683 159 853 206; x_wconf 86' lang='lat' dir='ltr'><strong>plerunque</strong></span> <span class='ocrx_word' id='word_1_9' title='bbox 866 172 957 194; x_wconf 84' lang='lat' dir='ltr'>merae</span> <span class='ocrx_word' id='word_1_10' title='bbox 969 159 1063 207; x_wconf 84' lang='lat' dir='ltr'>logo-</span> 
     </span>
     <span class='ocr_line' id='line_1_3' title="bbox 303 208 1061 255; baseline -0.003 -11"><span class='ocrx_word' id='word_1_11' title='bbox 303 208 449 247; x_wconf 82' lang='lat' dir='ltr'>machiae,</span> <span class='ocrx_word' id='word_1_12' title='bbox 467 212 498 243; x_wconf 89' lang='lat'>&amp;</span> <span class='ocrx_word' id='word_1_13' title='bbox 512 208 532 242; x_wconf 84' lang='lat' dir='ltr'>si</span> <span class='ocrx_word' id='word_1_14' title='bbox 545 209 669 255; x_wconf 90' lang='lat' dir='ltr'>quando</span> <span class='ocrx_word' id='word_1_15' title='bbox 681 209 767 242; x_wconf 87' lang='lat' dir='ltr'>realis</span> <span class='ocrx_word' id='word_1_16' title='bbox 781 208 826 243; x_wconf 91' lang='lat' dir='ltr'>est</span> <span class='ocrx_word' id='word_1_17' title='bbox 837 208 1061 248; x_wconf 86' lang='lat' dir='ltr'>controversia,</span> 
     </span>
     <span class='ocr_line' id='line_1_4' title="bbox 307 256 1061 305; baseline -0.001 -13"><span class='ocrx_word' id='word_1_18' title='bbox 307 258 457 292; x_wconf 79' lang='lat' dir='ltr'>existimas</span> <span class='ocrx_word' id='word_1_19' title='bbox 470 257 508 291; x_wconf 87' lang='lat' dir='ltr'>ab</span> <span class='ocrx_word' id='word_1_20' title='bbox 521 256 757 293; x_wconf 89' lang='lat' dir='ltr'>adversariorum</span> <span class='ocrx_word' id='word_1_21' title='bbox 770 256 845 305; x_wconf 70' lang='lat' dir='ltr'>saepe</span> <span class='ocrx_word' id='word_1_22' title='bbox 860 269 942 305; x_wconf 86' lang='lat' dir='ltr'>parte</span> <span class='ocrx_word' id='word_1_23' title='bbox 955 258 1061 293; x_wconf 88' lang='lat' dir='ltr'>verita-</span> 
     </span>
     <span class='ocr_line' id='line_1_5' title="bbox 306 306 1059 354; baseline 0 -13"><span class='ocrx_word' id='word_1_24' title='bbox 306 318 370 341; x_wconf 80' lang='lat' dir='ltr'>tem</span> <span class='ocrx_word' id='word_1_25' title='bbox 382 306 546 341; x_wconf 82' lang='lat' dir='ltr'>consistere</span> <span class='ocrx_word' id='word_1_26' title='bbox 556 331 566 346; x_wconf 92' lang='lat'>‚</span> <span class='ocrx_word' id='word_1_27' title='bbox 591 306 613 341; x_wconf 88' lang='lat' dir='ltr'>si</span> <span class='ocrx_word' id='word_1_28' title='bbox 626 308 753 354; x_wconf 87' lang='lat' dir='ltr'>quando</span> <span class='ocrx_word' id='word_1_29' title='bbox 769 319 870 341; x_wconf 88' lang='lat' dir='ltr'>autem</span> <span class='ocrx_word' id='word_1_30' title='bbox 883 308 924 340; x_wconf 89' lang='lat' dir='ltr'>illi</span> <span class='ocrx_word' id='word_1_31' title='bbox 938 317 1039 341; x_wconf 88' lang='lat' dir='ltr'>errent</span> <span class='ocrx_word' id='word_1_32' title='bbox 1050 331 1059 347; x_wconf 92' lang='lat'>‚</span> 
     </span>
     <span class='ocr_line' id='line_1_6' title="bbox 307 354 1061 402; baseline 0 -12"><span class='ocrx_word' id='word_1_33' title='bbox 307 356 460 390; x_wconf 83' lang='lat' dir='ltr'>arbitraris</span> <span class='ocrx_word' id='word_1_34' title='bbox 472 354 608 402; x_wconf 86' lang='lat' dir='ltr'>ipsorum</span> <span class='ocrx_word' id='word_1_35' title='bbox 622 369 741 391; x_wconf 83' lang='lat' dir='ltr'>errores</span> <span class='ocrx_word' id='word_1_36' title='bbox 752 356 830 391; x_wconf 82' lang='lat' dir='ltr'>adeo</span> <span class='ocrx_word' id='word_1_37' title='bbox 842 357 932 396; x_wconf 89' lang='lat' dir='ltr'>leves,</span> <span class='ocrx_word' id='word_1_38' title='bbox 951 368 984 391; x_wconf 88' lang='lat' dir='ltr'>ut</span> <span class='ocrx_word' id='word_1_39' title='bbox 997 369 1061 390; x_wconf 91' lang='lat' dir='ltr'>non</span> 
     </span>
     <span class='ocr_line' id='line_1_7' title="bbox 306 404 1061 453; baseline 0.001 -15"><span class='ocrx_word' id='word_1_40' title='bbox 306 404 442 444; x_wconf 87' lang='lat' dir='ltr'>obstent,</span> <span class='ocrx_word' id='word_1_41' title='bbox 456 407 521 452; x_wconf 74' lang='lat' dir='ltr'>quo</span> <span class='ocrx_word' id='word_1_42' title='bbox 533 405 634 440; x_wconf 77' lang='lat' dir='ltr'>minus</span> <span class='ocrx_word' id='word_1_43' title='bbox 647 405 727 453; x_wconf 86' lang='lat' dir='ltr'>ipsos</span> <span class='ocrx_word' id='word_1_44' title='bbox 735 417 767 440; x_wconf 92' lang='lat' dir='ltr'>ut</span> <span class='ocrx_word' id='word_1_45' title='bbox 780 404 885 440; x_wconf 86' lang='lat' dir='ltr'>fratres</span> <span class='ocrx_word' id='word_1_46' title='bbox 893 406 923 439; x_wconf 92' lang='lat' dir='ltr'>in</span> <span class='ocrx_word' id='word_1_47' title='bbox 932 405 1061 440; x_wconf 88' lang='lat' dir='ltr'>Christo</span> 
     </span>
     <span class='ocr_line' id='line_1_8' title="bbox 304 453 1061 501; baseline 0.001 -14"><span class='ocrx_word' id='word_1_48' title='bbox 304 454 465 501; x_wconf 80' lang='lat' dir='ltr'>amplexari</span> <span class='ocrx_word' id='word_1_49' title='bbox 474 455 650 495; x_wconf 85' lang='lat' dir='ltr'>debeamus,</span> <span class='ocrx_word' id='word_1_50' title='bbox 664 454 739 489; x_wconf 85' lang='lat' dir='ltr'>&amp;ad</span> <span class='ocrx_word' id='word_1_51' title='bbox 752 457 857 489; x_wconf 85' lang='lat' dir='ltr'>omnia</span> <span class='ocrx_word' id='word_1_52' title='bbox 867 454 971 493; x_wconf 85' lang='lat' dir='ltr'>nostra</span> <span class='ocrx_word' id='word_1_53' title='bbox 983 453 1061 489; x_wconf 89' lang='lat' dir='ltr'>sacra</span> 
     </span>
     <span class='ocr_line' id='line_1_9' title="bbox 302 502 1057 552; baseline 0 -16"><span class='ocrx_word' id='word_1_54' title='bbox 302 503 475 542; x_wconf 80' lang='lat' dir='ltr'>admittere,</span> <span class='ocrx_word' id='word_1_55' title='bbox 489 517 590 551; x_wconf 88' lang='lat' dir='ltr'>neque</span> <span class='ocrx_word' id='word_1_56' title='bbox 600 504 638 538; x_wconf 88' lang='lat' dir='ltr'>ab</span> <span class='ocrx_word' id='word_1_57' title='bbox 649 505 712 539; x_wconf 89' lang='lat' dir='ltr'>ullo</span> <span class='ocrx_word' id='word_1_58' title='bbox 721 502 856 552; x_wconf 88' lang='lat' dir='ltr'>ipsorum</span> <span class='ocrx_word' id='word_1_59' title='bbox 869 514 951 538; x_wconf 91' lang='lat' dir='ltr'>coetu</span> <span class='ocrx_word' id='word_1_60' title='bbox 963 503 1057 542; x_wconf 86' lang='lat' dir='ltr'>sacto,</span> 
     </span>
     <span class='ocr_line' id='line_1_10' title="bbox 303 552 1056 600; baseline -0.004 -13"><span class='ocrx_word' id='word_1_61' title='bbox 303 552 424 587; x_wconf 76' lang='lat' dir='ltr'>cultuve</span> <span class='ocrx_word' id='word_1_62' title='bbox 437 552 597 588; x_wconf 87' lang='lat' dir='ltr'>abstinere.</span> <span class='ocrx_word' id='word_1_63' title='bbox 630 555 701 587; x_wconf 88' lang='lat' dir='ltr'>Tua</span> <span class='ocrx_word' id='word_1_64' title='bbox 714 554 778 588; x_wconf 84' lang='lat' dir='ltr'>haec</span> <span class='ocrx_word' id='word_1_65' title='bbox 786 564 898 600; x_wconf 85' lang='lat' dir='ltr'>aperta,</span> <span class='ocrx_word' id='word_1_66' title='bbox 911 553 1056 599; x_wconf 84' lang='lat' dir='ltr'>ingenua-</span> 
     </span>
     <span class='ocr_line' id='line_1_11' title="bbox 301 600 1058 649; baseline -0.003 -13"><span class='ocrx_word' id='word_1_67' title='bbox 301 614 363 649; x_wconf 89' lang='lat' dir='ltr'>que</span> <span class='ocrx_word' id='word_1_68' title='bbox 380 600 528 636; x_wconf 81' lang='lat' dir='ltr'>confessio</span> <span class='ocrx_word' id='word_1_69' title='bbox 542 602 664 639; x_wconf 87' lang='lat' dir='ltr'>effecit,</span> <span class='ocrx_word' id='word_1_70' title='bbox 689 614 724 636; x_wconf 91' lang='lat' dir='ltr'>ut</span> <span class='ocrx_word' id='word_1_71' title='bbox 740 602 843 648; x_wconf 76' lang='lat' dir='ltr'>primo</span> <span class='ocrx_word' id='word_1_72' title='bbox 863 602 901 634; x_wconf 91' lang='lat' dir='ltr'>de</span> <span class='ocrx_word' id='word_1_73' title='bbox 913 600 1015 635; x_wconf 88' lang='lat' dir='ltr'>haeresi</span> <span class='ocrx_word' id='word_1_74' title='bbox 1027 602 1058 634; x_wconf 92' lang='lat' dir='ltr'>in</span> 
     </span>
     <span class='ocr_line' id='line_1_12' title="bbox 300 648 1056 698; baseline -0.001 -14"><span class='ocrx_word' id='word_1_75' title='bbox 300 663 412 698; x_wconf 81' lang='lat' dir='ltr'>genere</span> <span class='ocrx_word' id='word_1_76' title='bbox 426 650 658 697; x_wconf 81' lang='lat' dir='ltr'>disceptaremus</span> <span class='ocrx_word' id='word_1_77' title='bbox 672 675 680 687; x_wconf 87' lang='lat'><em>‚</em></span> <span class='ocrx_word' id='word_1_78' title='bbox 706 664 779 684; x_wconf 91' lang='lat' dir='ltr'>num</span> <span class='ocrx_word' id='word_1_79' title='bbox 793 648 953 697; x_wconf 86' lang='lat' dir='ltr'>quisquam</span> <span class='ocrx_word' id='word_1_80' title='bbox 968 673 976 686; x_wconf 89' lang='lat'>‚</span> <span class='ocrx_word' id='word_1_81' title='bbox 1002 651 1056 697; x_wconf 88' lang='lat' dir='ltr'>qui</span> 
     </span>
     <span class='ocr_line' id='line_1_13' title="bbox 300 697 1054 747; baseline -0.001 -13"><span class='ocrx_word' id='word_1_82' title='bbox 300 701 464 747; x_wconf 86' lang='lat' dir='ltr'>opiniones</span> <span class='ocrx_word' id='word_1_83' title='bbox 483 700 545 734; x_wconf 89' lang='lat' dir='ltr'>suas</span> <span class='ocrx_word' id='word_1_84' title='bbox 563 701 683 734; x_wconf 90' lang='lat' dir='ltr'>utlibet</span> <span class='ocrx_word' id='word_1_85' title='bbox 696 701 726 733; x_wconf 92' lang='lat' dir='ltr'>in</span> <span class='ocrx_word' id='word_1_86' title='bbox 743 698 770 733; x_wconf 90' lang='lat' dir='ltr'>se</span> <span class='ocrx_word' id='word_1_87' title='bbox 783 697 865 733; x_wconf 86' lang='lat' dir='ltr'>falsas</span> <span class='ocrx_word' id='word_1_88' title='bbox 878 698 940 746; x_wconf 88' lang='lat' dir='ltr'>ipse</span> <span class='ocrx_word' id='word_1_89' title='bbox 953 710 1054 733; x_wconf 89' lang='lat' dir='ltr'>tamen</span> 
     </span>
     <span class='ocr_line' id='line_1_14' title="bbox 299 747 1054 788; baseline -0.003 -4"><span class='ocrx_word' id='word_1_90' title='bbox 299 762 383 784; x_wconf 88' lang='lat' dir='ltr'>veras</span> <span class='ocrx_word' id='word_1_91' title='bbox 403 749 500 784; x_wconf 89' lang='lat' dir='ltr'>credit</span> <span class='ocrx_word' id='word_1_92' title='bbox 512 774 522 788; x_wconf 93' lang='lat'>,</span> <span class='ocrx_word' id='word_1_93' title='bbox 545 750 576 782; x_wconf 87' lang='lat' dir='ltr'>in</span> <span class='ocrx_word' id='word_1_94' title='bbox 595 747 667 782; x_wconf 85' lang='lat' dir='ltr'>foro</span> <span class='ocrx_word' id='word_1_95' title='bbox 682 749 746 782; x_wconf 90' lang='lat' dir='ltr'>Dei</span> <span class='ocrx_word' id='word_1_96' title='bbox 765 748 924 782; x_wconf 88' lang='lat' dir='ltr'>haereticus</span> <span class='ocrx_word' id='word_1_97' title='bbox 941 747 1054 782; x_wconf 88' lang='lat' dir='ltr'>censeri</span> 
     </span>
     <span class='ocr_line' id='line_1_15' title="bbox 298 796 1050 846; baseline -0.001 -13"><span class='ocrx_word' id='word_1_98' title='bbox 298 798 457 846; x_wconf 82' lang='lat' dir='ltr'>poffit‚aut</span> <span class='ocrx_word' id='word_1_99' title='bbox 470 801 536 843; x_wconf 87' lang='lat' dir='ltr'>jure</span> <span class='ocrx_word' id='word_1_100' title='bbox 550 796 674 831; x_wconf 71' lang='lat' dir='ltr'>ecclefia</span> <span class='ocrx_word' id='word_1_101' title='bbox 688 797 807 844; x_wconf 84' lang='lat' dir='ltr'>expelli.</span> <span class='ocrx_word' id='word_1_102' title='bbox 839 801 918 831; x_wconf 87' lang='lat' dir='ltr'>Mox</span> <span class='ocrx_word' id='word_1_103' title='bbox 929 796 1050 832; x_wconf 85' lang='lat' dir='ltr'>descen-</span> 
     </span>
     <span class='ocr_line' id='line_1_16' title="bbox 297 845 1052 894; baseline -0.003 -12"><span class='ocrx_word' id='word_1_104' title='bbox 297 848 397 882; x_wconf 87' lang='lat' dir='ltr'>dimus</span> <span class='ocrx_word' id='word_1_105' title='bbox 416 848 452 880; x_wconf 91' lang='lat' dir='ltr'>ad</span> <span class='ocrx_word' id='word_1_106' title='bbox 474 859 529 880; x_wconf 88' lang='lat' dir='ltr'>eos</span> <span class='ocrx_word' id='word_1_107' title='bbox 546 845 699 893; x_wconf 87' lang='lat' dir='ltr'>speciatim</span> <span class='ocrx_word' id='word_1_108' title='bbox 715 847 768 893; x_wconf 82' lang='lat' dir='ltr'>qui</span> <span class='ocrx_word' id='word_1_109' title='bbox 782 846 876 894; x_wconf 75' lang='lat' dir='ltr'>vulgo</span> <span class='ocrx_word' id='word_1_110' title='bbox 891 847 1052 881; x_wconf 80' lang='lat' dir='ltr'>haeretico-</span> 
     </span>
     <span class='ocr_line' id='line_1_17' title="bbox 296 895 1049 935; baseline 0 -5"><span class='ocrx_word' id='word_1_111' title='bbox 296 909 364 931; x_wconf 84' lang='lat' dir='ltr'>rum</span> <span class='ocrx_word' id='word_1_112' title='bbox 378 897 505 929; x_wconf 85' lang='lat' dir='ltr'>nomine</span> <span class='ocrx_word' id='word_1_113' title='bbox 519 895 714 935; x_wconf 84' lang='lat' dir='ltr'>infamantur,</span> <span class='ocrx_word' id='word_1_114' title='bbox 723 909 797 929; x_wconf 86' lang='lat' dir='ltr'>num</span> <span class='ocrx_word' id='word_1_115' title='bbox 812 908 921 930; x_wconf 88' lang='lat' dir='ltr'>eorum</span> <span class='ocrx_word' id='word_1_116' title='bbox 929 896 988 930; x_wconf 87' lang='lat' dir='ltr'>ulla</span> <span class='ocrx_word' id='word_1_117' title='bbox 996 897 1049 930; x_wconf 85' lang='lat' dir='ltr'>do·</span> 
     </span>
     <span class='ocr_line' id='line_1_18' title="bbox 296 945 1051 994; baseline 0 -15"><span class='ocrx_word' id='word_1_118' title='bbox 296 957 395 994; x_wconf 82' lang='lat' dir='ltr'>gmara</span> <span class='ocrx_word' id='word_1_119' title='bbox 408 947 473 989; x_wconf 87' lang='lat' dir='ltr'>ejus</span> <span class='ocrx_word' id='word_1_120' title='bbox 487 945 579 979; x_wconf 85' lang='lat' dir='ltr'>essent</span> <span class='ocrx_word' id='word_1_121' title='bbox 592 946 743 992; x_wconf 86' lang='lat' dir='ltr'>pravitatis</span> <span class='ocrx_word' id='word_1_122' title='bbox 752 970 760 985; x_wconf 95' lang='lat'>‚</span> <span class='ocrx_word' id='word_1_123' title='bbox 781 945 825 979; x_wconf 86' lang='lat' dir='ltr'>ob</span> <span class='ocrx_word' id='word_1_124' title='bbox 838 959 929 993; x_wconf 88' lang='lat' dir='ltr'>quam</span> <span class='ocrx_word' id='word_1_125' title='bbox 941 946 1051 980; x_wconf 69' lang='grc' dir='ltr'>3υὲὶο-</span> 
     </span>
     <span class='ocr_line' id='line_1_19' title="bbox 297 994 1050 1030; baseline 0 -1"><span class='ocrx_word' id='word_1_126' title='bbox 297 1008 345 1029; x_wconf 89' lang='lat' dir='ltr'>res</span> <span class='ocrx_word' id='word_1_127' title='bbox 355 994 468 1029; x_wconf 76' lang='lat' dir='ltr'>merito</span> <span class='ocrx_word' id='word_1_128' title='bbox 483 1008 522 1029; x_wconf 85' lang='lat' dir='ltr'>ex</span> <span class='ocrx_word' id='word_1_129' title='bbox 536 994 647 1029; x_wconf 89' lang='lat' dir='ltr'>nostris</span> <span class='ocrx_word' id='word_1_130' title='bbox 661 994 794 1029; x_wconf 84' lang='lat' dir='ltr'>coetibus</span> <span class='ocrx_word' id='word_1_131' title='bbox 809 995 1050 1030; x_wconf 82' lang='lat' dir='ltr'>excluderentur.</span> 
     </span>
     <span class='ocr_line' id='line_1_20' title="bbox 294 1043 1050 1092; baseline 0 -13"><span class='ocrx_word' id='word_1_132' title='bbox 294 1045 468 1091; x_wconf 84' lang='lat' dir='ltr'>Incepimus</span> <span class='ocrx_word' id='word_1_133' title='bbox 482 1045 497 1078; x_wconf 72' lang='lat' dir='ltr'>a</span> <span class='ocrx_word' id='word_1_134' title='bbox 512 1047 639 1082; x_wconf 60' lang='lat' dir='ltr'>Vorffm,</span> <span class='ocrx_word' id='word_1_135' title='bbox 655 1043 741 1092; x_wconf 90' lang='lat' dir='ltr'>quod</span> <span class='ocrx_word' id='word_1_136' title='bbox 754 1047 818 1089; x_wconf 88' lang='lat' dir='ltr'>ejus</span> <span class='ocrx_word' id='word_1_137' title='bbox 831 1057 950 1078; x_wconf 83' lang='lat' dir='ltr'>errores</span> <span class='ocrx_word' id='word_1_138' title='bbox 965 1045 1050 1079; x_wconf 91' lang='lat' dir='ltr'>vide-</span> 
     </span>
     <span class='ocr_line' id='line_1_21' title="bbox 295 1092 1053 1142; baseline -0.001 -14"><span class='ocrx_word' id='word_1_139' title='bbox 295 1105 399 1128; x_wconf 86' lang='lat' dir='ltr'>rentur</span> <span class='ocrx_word' id='word_1_140' title='bbox 412 1092 634 1141; x_wconf 68' lang='lat' dir='ltr'>profundissimi</span> <span class='ocrx_word' id='word_1_141' title='bbox 650 1118 660 1133; x_wconf 90' lang='lat'><em>‚</em></span> <span class='ocrx_word' id='word_1_142' title='bbox 685 1094 739 1141; x_wconf 88' lang='lat' dir='ltr'>qui</span> <span class='ocrx_word' id='word_1_143' title='bbox 758 1094 855 1127; x_wconf 84' lang='lat' dir='ltr'>imum</span> <span class='ocrx_word' id='word_1_144' title='bbox 877 1094 1053 1142; x_wconf 86' lang='lat' dir='ltr'>Religionis</span> 
     </span>
     <span class='ocr_line' id='line_1_22' title="bbox 296 1141 1052 1190; baseline 0 -13"><span class='ocrx_word' id='word_1_145' title='bbox 296 1145 399 1177; x_wconf 86' lang='lat' dir='ltr'>omnis</span> <span class='ocrx_word' id='word_1_146' title='bbox 411 1143 543 1188; x_wconf 81' lang='lat' dir='ltr'>lapidem</span> <span class='ocrx_word' id='word_1_147' title='bbox 555 1168 564 1182; x_wconf 88' lang='lat'>‚</span> <span class='ocrx_word' id='word_1_148' title='bbox 578 1141 669 1190; x_wconf 82' lang='lat' dir='ltr'>ipsam</span> <span class='ocrx_word' id='word_1_149' title='bbox 678 1141 831 1177; x_wconf 75' lang='lat' dir='ltr'>essentiam</span> <span class='ocrx_word' id='word_1_150' title='bbox 846 1143 980 1177; x_wconf 85' lang='lat' dir='ltr'>divinam</span> <span class='ocrx_word' id='word_1_151' title='bbox 993 1144 1052 1177; x_wconf 89' lang='lat' dir='ltr'>im-</span> 
     </span>
     <span class='ocr_line' id='line_1_23' title="bbox 295 1192 1052 1240; baseline -0.001 -13"><span class='ocrx_word' id='word_1_152' title='bbox 295 1203 458 1240; x_wconf 85' lang='lat' dir='ltr'>peterent:</span> <span class='ocrx_word' id='word_1_153' title='bbox 483 1193 642 1240; x_wconf 88' lang='lat' dir='ltr'>plerosque</span> <span class='ocrx_word' id='word_1_154' title='bbox 660 1192 732 1226; x_wconf 83' lang='lat' dir='ltr'>huic</span> <span class='ocrx_word' id='word_1_155' title='bbox 750 1193 917 1239; x_wconf 88' lang='lat' dir='ltr'>imputatos</span> <span class='ocrx_word' id='word_1_156' title='bbox 933 1205 1052 1226; x_wconf 88' lang='lat' dir='ltr'>errores</span> 
     </span>
     <span class='ocr_line' id='line_1_24' title="bbox 294 1240 1052 1289; baseline 0 -14"><span class='ocrx_word' id='word_1_157' title='bbox 294 1255 353 1289; x_wconf 91' lang='lat' dir='ltr'>pro</span> <span class='ocrx_word' id='word_1_158' title='bbox 363 1242 537 1277; x_wconf 84' lang='lat' dir='ltr'>veritatibus</span> <span class='ocrx_word' id='word_1_159' title='bbox 550 1240 698 1276; x_wconf 87' lang='lat' dir='ltr'>habuisti:</span> <span class='ocrx_word' id='word_1_160' title='bbox 711 1242 742 1275; x_wconf 90' lang='lat' dir='ltr'>in</span> <span class='ocrx_word' id='word_1_161' title='bbox 756 1242 837 1276; x_wconf 88' lang='lat' dir='ltr'>libro</span> <span class='ocrx_word' id='word_1_162' title='bbox 851 1244 915 1287; x_wconf 86' lang='lat' dir='ltr'>ejus</span> <span class='ocrx_word' id='word_1_163' title='bbox 930 1242 967 1276; x_wconf 91' lang='lat' dir='ltr'>de</span> <span class='ocrx_word' id='word_1_164' title='bbox 976 1243 1052 1276; x_wconf 89' lang='lat' dir='ltr'>Deo</span> 
     </span>
     <span class='ocr_line' id='line_1_25' title="bbox 295 1290 1053 1338; baseline 0 -14"><span class='ocrx_word' id='word_1_165' title='bbox 295 1291 371 1325; x_wconf 83' lang='lat' dir='ltr'>nihil</span> <span class='ocrx_word' id='word_1_166' title='bbox 385 1290 509 1338; x_wconf 69' lang='lat' dir='ltr'>culpasti</span> <span class='ocrx_word' id='word_1_167' title='bbox 519 1302 627 1338; x_wconf 85' lang='lat' dir='ltr'>praeter</span> <span class='ocrx_word' id='word_1_168' title='bbox 637 1292 903 1324; x_wconf 88' lang='lat' dir='ltr'>incommodiores</span> <span class='ocrx_word' id='word_1_169' title='bbox 913 1290 1053 1337; x_wconf 84' lang='lat' dir='ltr'>quasdam</span> 
     </span>
     <span class='ocr_line' id='line_1_26' title="bbox 294 1338 1050 1387; baseline -0.001 -13"><span class='ocrx_word' id='word_1_170' title='bbox 294 1338 441 1374; x_wconf 83' lang='lat' dir='ltr'>formulas</span> <span class='ocrx_word' id='word_1_171' title='bbox 456 1340 617 1385; x_wconf 89' lang='lat' dir='ltr'>loquendi:</span> <span class='ocrx_word' id='word_1_172' title='bbox 644 1339 814 1383; x_wconf 71' lang='lat' dir='ltr'>subjeetum</span> <span class='ocrx_word' id='word_1_173' title='bbox 825 1340 887 1374; x_wconf 93' lang='lat' dir='ltr'>hoc</span> <span class='ocrx_word' id='word_1_174' title='bbox 900 1351 962 1374; x_wconf 84' lang='lat' dir='ltr'>erat</span> <span class='ocrx_word' id='word_1_175' title='bbox 976 1352 1050 1387; x_wconf 87' lang='lat' dir='ltr'>prae-</span> 
     </span>
     <span class='ocr_line' id='line_1_27' title="bbox 294 1387 1053 1424; baseline 0 0"><span class='ocrx_word' id='word_1_176' title='bbox 294 1390 430 1424; x_wconf 88' lang='lat' dir='ltr'>cedentis</span> <span class='ocrx_word' id='word_1_177' title='bbox 451 1389 561 1424; x_wconf 84' lang='lat' dir='ltr'>nostrae</span> <span class='ocrx_word' id='word_1_178' title='bbox 578 1389 766 1424; x_wconf 54' lang='lat' dir='ltr'>collationi&amp;</span> <span class='ocrx_word' id='word_1_179' title='bbox 802 1390 983 1424; x_wconf 84' lang='lat' dir='ltr'>Proximum</span> <span class='ocrx_word' id='word_1_180' title='bbox 995 1387 1053 1424; x_wconf 85' lang='lat' dir='ltr'>fuit</span> 
     </span>
     <span class='ocr_line' id='line_1_28' title="bbox 294 1439 1050 1488; baseline 0.003 -15"><span class='ocrx_word' id='word_1_181' title='bbox 294 1451 327 1473; x_wconf 92' lang='lat' dir='ltr'>ut</span> <span class='ocrx_word' id='word_1_182' title='bbox 334 1442 558 1473; x_wconf 73' lang='lat' dir='ltr'>Socinianornm</span> <span class='ocrx_word' id='word_1_183' title='bbox 565 1439 861 1475; x_wconf 84' lang='lat' dir='ltr'>contraTrinitatem</span> <span class='ocrx_word' id='word_1_184' title='bbox 869 1441 975 1488; x_wconf 84' lang='lat' dir='ltr'>placita</span> <span class='ocrx_word' id='word_1_185' title='bbox 983 1453 1050 1488; x_wconf 88' lang='lat' dir='ltr'>per-</span> 
     </span>
     <span class='ocr_line' id='line_1_29' title="bbox 293 1487 1047 1537; baseline 0.003 -14"><span class='ocrx_word' id='word_1_186' title='bbox 293 1487 512 1537; x_wconf 80' lang='lat' dir='ltr'>pendissemus:</span> <span class='ocrx_word' id='word_1_187' title='bbox 527 1489 589 1523; x_wconf 83' lang='lat' dir='ltr'>istis</span> <span class='ocrx_word' id='word_1_188' title='bbox 598 1488 754 1524; x_wconf 71' lang='lat' dir='ltr'>affirmasti</span> <span class='ocrx_word' id='word_1_189' title='bbox 767 1500 797 1524; x_wconf 91' lang='lat' dir='ltr'>te</span> <span class='ocrx_word' id='word_1_190' title='bbox 810 1503 875 1524; x_wconf 89' lang='lat' dir='ltr'>non</span> <span class='ocrx_word' id='word_1_191' title='bbox 885 1487 1047 1525; x_wconf 87' lang='lat' dir='ltr'>subscribe-</span> 
     </span>
     <span class='ocr_line' id='line_1_30' title="bbox 294 1539 1049 1588; baseline 0.001 -15"><span class='ocrx_word' id='word_1_192' title='bbox 294 1551 326 1573; x_wconf 88' lang='lat' dir='ltr'>re</span> <span class='ocrx_word' id='word_1_193' title='bbox 336 1563 346 1578; x_wconf 90' lang='lat'><em>,</em></span> <span class='ocrx_word' id='word_1_194' title='bbox 361 1551 417 1572; x_wconf 92' lang='lat' dir='ltr'>nec</span> <span class='ocrx_word' id='word_1_195' title='bbox 429 1540 556 1578; x_wconf 82' lang='lat' dir='ltr'>mirum,</span> <span class='ocrx_word' id='word_1_196' title='bbox 579 1552 648 1573; x_wconf 91' lang='lat' dir='ltr'>cum</span> <span class='ocrx_word' id='word_1_197' title='bbox 663 1539 778 1573; x_wconf 90' lang='lat' dir='ltr'>nullum</span> <span class='ocrx_word' id='word_1_198' title='bbox 790 1550 863 1574; x_wconf 88' lang='lat' dir='ltr'>tunc</span> <span class='ocrx_word' id='word_1_199' title='bbox 875 1539 1049 1588; x_wconf 88' lang='lat' dir='ltr'>cujusquam</span> 
     </span>
     <span class='ocr_line' id='line_1_31' title="bbox 292 1587 1048 1636; baseline 0.004 -16"><span class='ocrx_word' id='word_1_200' title='bbox 292 1590 443 1621; x_wconf 66' lang='lat' dir='ltr'>Soctniam&#39;</span> <span class='ocrx_word' id='word_1_201' title='bbox 457 1587 598 1636; x_wconf 89' lang='lat' dir='ltr'>scriptum</span> <span class='ocrx_word' id='word_1_202' title='bbox 614 1587 741 1636; x_wconf 78' lang='lat' dir='ltr'>legisses.</span> <span class='ocrx_word' id='word_1_203' title='bbox 777 1591 921 1623; x_wconf 66' lang='lat' dir='ltr'>Smalcz&#39;us</span> <span class='ocrx_word' id='word_1_204' title='bbox 940 1595 969 1625; x_wconf 72' lang='grc' dir='ltr'>ὃ(</span> <span class='ocrx_word' id='word_1_205' title='bbox 984 1592 1048 1624; x_wconf 87' lang='lat' dir='ltr'><em>Vol-</em></span> 
     </span>
     <span class='ocr_line' id='line_1_32' title="bbox 293 1637 1047 1685; baseline 0.007 -15"><span class='ocrx_word' id='word_1_206' title='bbox 293 1637 402 1680; x_wconf 42' lang='lat' dir='ltr'>laelius,</span> <span class='ocrx_word' id='word_1_207' title='bbox 422 1650 501 1685; x_wconf 90' lang='lat' dir='ltr'>quos</span> <span class='ocrx_word' id='word_1_208' title='bbox 516 1638 532 1672; x_wconf 73' lang='lat' dir='ltr'>a</span> <span class='ocrx_word' id='word_1_209' title='bbox 545 1651 594 1672; x_wconf 91' lang='lat' dir='ltr'>me</span> <span class='ocrx_word' id='word_1_210' title='bbox 607 1638 765 1672; x_wconf 85' lang='lat' dir='ltr'>mutuabas</span> <span class='ocrx_word' id='word_1_211' title='bbox 778 1663 787 1675; x_wconf 89' lang='lat'><em>‚</em></span> <span class='ocrx_word' id='word_1_212' title='bbox 813 1641 952 1674; x_wconf 83' lang='lat' dir='ltr'>nondum</span> <span class='ocrx_word' id='word_1_213' title='bbox 968 1641 1004 1675; x_wconf 90' lang='lat' dir='ltr'>ad</span> <span class='ocrx_word' id='word_1_214' title='bbox 1018 1651 1047 1674; x_wconf 89' lang='lat' dir='ltr'>te</span> 
     </span>
     <span class='ocr_line' id='line_1_33' title="bbox 291 1687 1046 1736; baseline 0.005 -15"><span class='ocrx_word' id='word_1_215' title='bbox 291 1698 490 1734; x_wconf 86' lang='lat' dir='ltr'>pervenerant</span> <span class='ocrx_word' id='word_1_216' title='bbox 501 1713 511 1727; x_wconf 97' lang='lat'><em>‚</em></span> <span class='ocrx_word' id='word_1_217' title='bbox 536 1699 692 1736; x_wconf 88' lang='lat' dir='ltr'>utcunque</span> <span class='ocrx_word' id='word_1_218' title='bbox 711 1687 911 1735; x_wconf 83' lang='lat' dir='ltr'>profitebaris</span> <span class='ocrx_word' id='word_1_219' title='bbox 925 1691 1026 1724; x_wconf 90' lang='lat' dir='ltr'>nullos</span> <span class='ocrx_word' id='word_1_220' title='bbox 1038 1713 1046 1726; x_wconf 86' lang='lat'>‚</span> 
     </span>
     <span class='ocr_line' id='line_1_34' title="bbox 291 1737 1042 1786; baseline 0.005 -17"><span class='ocrx_word' id='word_1_221' title='bbox 291 1749 372 1784; x_wconf 89' lang='lat' dir='ltr'>quos</span> <span class='ocrx_word' id='word_1_222' title='bbox 389 1738 552 1770; x_wconf 73' lang='lat' dir='ltr'>Socinianis</span> <span class='ocrx_word' id='word_1_223' title='bbox 570 1739 738 1786; x_wconf 88' lang='lat' dir='ltr'>imputatos</span> <span class='ocrx_word' id='word_1_224' title='bbox 751 1737 886 1774; x_wconf 84' lang='lat' dir='ltr'>audivisti</span> <span class='ocrx_word' id='word_1_225' title='bbox 901 1752 1020 1773; x_wconf 88' lang='lat' dir='ltr'>errores</span> <span class='ocrx_word' id='word_1_226' title='bbox 1032 1764 1042 1779; x_wconf 92' lang='lat'>,</span> 
     </span>
     <span class='ocr_line' id='line_1_35' title="bbox 290 1785 1042 1835; baseline 0.003 -15"><span class='ocrx_word' id='word_1_227' title='bbox 290 1785 382 1831; x_wconf 87' lang='lat' dir='ltr'>justas</span> <span class='ocrx_word' id='word_1_228' title='bbox 395 1786 453 1821; x_wconf 91' lang='lat' dir='ltr'>tibi</span> <span class='ocrx_word' id='word_1_229' title='bbox 465 1787 559 1823; x_wconf 90' lang='lat' dir='ltr'>videri</span> <span class='ocrx_word' id='word_1_230' title='bbox 575 1785 770 1835; x_wconf 85' lang='lat' dir='ltr'>separationis</span> <span class='ocrx_word' id='word_1_231' title='bbox 784 1786 893 1822; x_wconf 82' lang='lat' dir='ltr'>causas.</span> <span class='ocrx_word' id='word_1_232' title='bbox 919 1788 975 1822; x_wconf 81' lang='lat' dir='ltr'>Ista</span> <span class='ocrx_word' id='word_1_233' title='bbox 982 1790 1042 1824; x_wconf 88' lang='lat' dir='ltr'>vel-</span> 
     </span>
     <span class='ocr_line' id='line_1_36' title="bbox 289 1835 1042 1874; baseline 0.004 -5"><span class='ocrx_word' id='word_1_234' title='bbox 289 1835 352 1870; x_wconf 87' lang='lat' dir='ltr'>lem</span> <span class='ocrx_word' id='word_1_235' title='bbox 371 1835 509 1871; x_wconf 78' lang='lat' dir='ltr'>accurate</span> <span class='ocrx_word' id='word_1_236' title='bbox 527 1835 752 1871; x_wconf 85' lang='lat' dir='ltr'>discuffissemus</span> <span class='ocrx_word' id='word_1_237' title='bbox 767 1862 775 1874; x_wconf 93' lang='lat'>‚</span> <span class='ocrx_word' id='word_1_238' title='bbox 795 1851 866 1872; x_wconf 89' lang='lat' dir='ltr'>nam</span> <span class='ocrx_word' id='word_1_239' title='bbox 884 1837 973 1872; x_wconf 83' lang='lat' dir='ltr'>labor</span> <span class='ocrx_word' id='word_1_240' title='bbox 992 1838 1042 1873; x_wconf 88' lang='lat' dir='ltr'>hic</span> 
     </span>
     <span class='ocr_line' id='line_1_37' title="bbox 289 1884 1040 1934; baseline 0.008 -16"><span class='ocrx_word' id='word_1_241' title='bbox 289 1884 475 1932; x_wconf 86' lang='lat' dir='ltr'>quaestiones</span> <span class='ocrx_word' id='word_1_242' title='bbox 487 1886 595 1920; x_wconf 87' lang='lat' dir='ltr'>multas</span> <span class='ocrx_word' id='word_1_243' title='bbox 609 1886 801 1934; x_wconf 82' lang='lat' dir='ltr'>insequentes</span> <span class='ocrx_word' id='word_1_244' title='bbox 812 1887 996 1928; x_wconf 57' lang='lat' dir='ltr'>illustrasset,</span> <span class='ocrx_word' id='word_1_245' title='bbox 1010 1894 1040 1924; x_wconf 90' lang='lat'>&amp;</span> 
     </span>
     <span class='ocr_line' id='line_1_38' title="bbox 291 1934 1042 1982; baseline 0.004 -14"><span class='ocrx_word' id='word_1_246' title='bbox 291 1934 471 1981; x_wconf 72' lang='lat' dir='ltr'>amputzisset</span> <span class='ocrx_word' id='word_1_247' title='bbox 487 1948 496 1975; x_wconf 90' lang='lat'>;</span> <span class='ocrx_word' id='word_1_248' title='bbox 523 1948 593 1969; x_wconf 84' lang='lat' dir='ltr'>nam</span> <span class='ocrx_word' id='word_1_249' title='bbox 611 1935 630 1968; x_wconf 85' lang='lat' dir='ltr'>fi</span> <span class='ocrx_word' id='word_1_250' title='bbox 645 1935 798 1982; x_wconf 74' lang='lat' dir='ltr'>probasses</span> <span class='ocrx_word' id='word_1_251' title='bbox 817 1940 1042 1971; x_wconf 71' lang='lat' dir='ltr'>Socz&#39;nianorum</span> 
     </span>
     <span class='ocr_line' id='line_1_39' title="bbox 289 1985 1042 2031; baseline 0.008 -14"><span class='ocrx_word' id='word_1_252' title='bbox 289 1985 491 2031; x_wconf 84' lang='lat' dir='ltr'>negationem</span> <span class='ocrx_word' id='word_1_253' title='bbox 515 1985 680 2019; x_wconf 85' lang='lat' dir='ltr'>divinitatis</span> <span class='ocrx_word' id='word_1_254' title='bbox 693 1985 829 2026; x_wconf 84' lang='lat' dir='ltr'>Christi,</span> <span class='ocrx_word' id='word_1_255' title='bbox 848 1985 1042 2023; x_wconf 83' lang='lat' dir='ltr'>subfistentiae</span> 
     </span>
     <span class='ocr_line' id='line_1_40' title="bbox 289 2033 1041 2083; baseline 0.007 -17"><span class='ocrx_word' id='word_1_256' title='bbox 289 2033 422 2079; x_wconf 71' lang='lat' dir='ltr'>Spiritus</span> <span class='ocrx_word' id='word_1_257' title='bbox 442 2034 544 2067; x_wconf 69' lang='lat' dir='ltr'>Saneti</span> <span class='ocrx_word' id='word_1_258' title='bbox 558 2059 566 2073; x_wconf 84' lang='lat'><em>,</em></span> <span class='ocrx_word' id='word_1_259' title='bbox 592 2035 779 2069; x_wconf 88' lang='lat' dir='ltr'>&amp;trinitatis</span> <span class='ocrx_word' id='word_1_260' title='bbox 800 2035 995 2083; x_wconf 87' lang='lat' dir='ltr'>personarum</span> <span class='ocrx_word' id='word_1_261' title='bbox 1009 2038 1041 2072; x_wconf 89' lang='lat' dir='ltr'>in</span> 
     </span>
     <span class='ocr_line' id='line_1_41' title="bbox 289 2082 1040 2134; baseline 0.009 -19"><span class='ocrx_word' id='word_1_262' title='bbox 289 2084 403 2116; x_wconf 85' lang='lat' dir='ltr'>unitate</span> <span class='ocrx_word' id='word_1_263' title='bbox 411 2082 670 2124; x_wconf 74' lang='lat' dir='ltr'>essentiaedivinae,</span> <span class='ocrx_word' id='word_1_264' title='bbox 683 2084 792 2130; x_wconf 81' lang='lat' dir='ltr'>justam</span> <span class='ocrx_word' id='word_1_265' title='bbox 806 2099 870 2119; x_wconf 87' lang='lat' dir='ltr'>non</span> <span class='ocrx_word' id='word_1_266' title='bbox 879 2086 1040 2134; x_wconf 83' lang='lat' dir='ltr'>essequen—</span> 
     </span>
     <span class='ocr_line' id='line_1_42' title="bbox 289 2131 1041 2177; baseline 0.009 -13"><span class='ocrx_word' id='word_1_267' title='bbox 289 2145 381 2177; x_wconf 79' lang='lat' dir='ltr'>quam</span> <span class='ocrx_word' id='word_1_268' title='bbox 395 2132 410 2165; x_wconf 75' lang='lat' dir='ltr'>a</span> <span class='ocrx_word' id='word_1_269' title='bbox 426 2131 537 2166; x_wconf 85' lang='lat' dir='ltr'>nostris</span> <span class='ocrx_word' id='word_1_270' title='bbox 551 2133 637 2167; x_wconf 86' lang='lat' dir='ltr'>sactis</span> <span class='ocrx_word' id='word_1_271' title='bbox 650 2134 770 2168; x_wconf 85' lang='lat' dir='ltr'>arcendi</span> <span class='ocrx_word' id='word_1_272' title='bbox 785 2134 901 2170; x_wconf 84' lang='lat' dir='ltr'>causam</span> <span class='ocrx_word' id='word_1_273' title='bbox 914 2160 922 2173; x_wconf 87' lang='lat'>‚</span> <span class='ocrx_word' id='word_1_274' title='bbox 943 2136 1041 2171; x_wconf 85' lang='lat' dir='ltr'>dedis-</span> 
     </span>
     <span class='ocr_line' id='line_1_43' title="bbox 290 2179 1041 2232; baseline 0.011 -20"><span class='ocrx_word' id='word_1_275' title='bbox 290 2179 351 2213; x_wconf 87' lang='lat' dir='ltr'>sem</span> <span class='ocrx_word' id='word_1_276' title='bbox 364 2182 459 2214; x_wconf 67' lang='lat' dir='ltr'>victas</span> <span class='ocrx_word' id='word_1_277' title='bbox 473 2194 577 2215; x_wconf 86' lang='lat' dir='ltr'>manus</span> <span class='ocrx_word' id='word_1_278' title='bbox 593 2206 601 2218; x_wconf 87' lang='lat'><strong>,</strong></span> <span class='ocrx_word' id='word_1_279' title='bbox 626 2193 790 2229; x_wconf 86' lang='lat' dir='ltr'>totamque</span> <span class='ocrx_word' id='word_1_280' title='bbox 809 2195 892 2218; x_wconf 88' lang='lat' dir='ltr'>tuam</span> <span class='ocrx_word' id='word_1_281' title='bbox 910 2187 1041 2232; x_wconf 80' lang='lat' dir='ltr'>primam</span> 
     </span>
     <span class='ocr_line' id='line_1_44' title="bbox 288 2229 1042 2274; baseline 0.012 -14"><span class='ocrx_word' id='word_1_282' title='bbox 288 2229 534 2274; x_wconf 83' lang='lat' dir='ltr'>propofitionem</span> <span class='ocrx_word' id='word_1_283' title='bbox 552 2231 755 2265; x_wconf 67' lang='lat' dir='ltr'>concessissem</span> <span class='ocrx_word' id='word_1_284' title='bbox 769 2255 779 2270; x_wconf 88' lang='lat'>‚</span> <span class='ocrx_word' id='word_1_285' title='bbox 809 2234 954 2268; x_wconf 88' lang='lat' dir='ltr'>nimirum</span> <span class='ocrx_word' id='word_1_286' title='bbox 972 2236 1042 2269; x_wconf 90' lang='lat' dir='ltr'>nul-</span> 
     </span>
     <span class='ocr_line' id='line_1_45' title="bbox 288 2277 1042 2324; baseline 0.005 -14"><span class='ocrx_word' id='word_1_287' title='bbox 288 2278 351 2312; x_wconf 91' lang='lat' dir='ltr'>lum</span> <span class='ocrx_word' id='word_1_288' title='bbox 359 2277 473 2324; x_wconf 84' lang='lat' dir='ltr'>dogma</span> <span class='ocrx_word' id='word_1_289' title='bbox 481 2278 693 2313; x_wconf 78' lang='lat' dir='ltr'>pontificium,</span> <span class='ocrx_word' id='word_1_290' title='bbox 708 2281 824 2312; x_wconf 89' lang='lat' dir='ltr'>nullum</span> <span class='ocrx_word' id='word_1_291' title='bbox 831 2286 980 2320; x_wconf 79' lang='lat' dir='ltr'>Arminii,</span> <span class='ocrx_word' id='word_1_292' title='bbox 990 2295 1042 2314; x_wconf 89' lang='lat' dir='ltr'>ne-</span> 
     </span>
     <span class='ocr_line' id='line_1_46' title="bbox 288 2325 1043 2373; baseline 0.004 -14"><span class='ocrx_word' id='word_1_293' title='bbox 288 2339 349 2372; x_wconf 91' lang='lat' dir='ltr'>que</span> <span class='ocrx_word' id='word_1_294' title='bbox 367 2327 441 2360; x_wconf 77' lang='lat' dir='ltr'>alifis</span> <span class='ocrx_word' id='word_1_295' title='bbox 454 2325 628 2373; x_wconf 87' lang='lat' dir='ltr'>cujusquam</span> <span class='ocrx_word' id='word_1_296' title='bbox 642 2351 652 2366; x_wconf 91' lang='lat'>‚</span> <span class='ocrx_word' id='word_1_297' title='bbox 677 2328 730 2373; x_wconf 88' lang='lat' dir='ltr'>qui</span> <span class='ocrx_word' id='word_1_298' title='bbox 744 2327 910 2362; x_wconf 89' lang='lat' dir='ltr'>Christiani</span> <span class='ocrx_word' id='word_1_299' title='bbox 927 2341 1043 2362; x_wconf 90' lang='lat' dir='ltr'>nomen</span> 
     </span>
     <span class='ocr_line' id='line_1_47' title="bbox 286 2373 1042 2422; baseline 0.004 -14"><span class='ocrx_word' id='word_1_300' title='bbox 286 2373 362 2414; x_wconf 87' lang='lat' dir='ltr'>fert,</span> <span class='ocrx_word' id='word_1_301' title='bbox 377 2374 490 2409; x_wconf 74' lang='lat' dir='ltr'>merito</span> <span class='ocrx_word' id='word_1_302' title='bbox 503 2375 652 2422; x_wconf 88' lang='lat' dir='ltr'>impedire</span> <span class='ocrx_word' id='word_1_303' title='bbox 665 2375 798 2409; x_wconf 87' lang='lat' dir='ltr'>nostram</span> <span class='ocrx_word' id='word_1_304' title='bbox 813 2389 883 2410; x_wconf 91' lang='lat' dir='ltr'>cum</span> <span class='ocrx_word' id='word_1_305' title='bbox 900 2378 975 2416; x_wconf 69' lang='lat' dir='ltr'>ulla,</span> <span class='ocrx_word' id='word_1_306' title='bbox 992 2388 1042 2412; x_wconf 89' lang='lat' dir='ltr'>aut</span> 
     </span>
     <span class='ocr_line' id='line_1_48' title="bbox 287 2423 1040 2472; baseline 0.005 -15"><span class='ocrx_word' id='word_1_307' title='bbox 287 2425 435 2458; x_wconf 88' lang='lat' dir='ltr'>omnibus</span> <span class='ocrx_word' id='word_1_308' title='bbox 448 2423 534 2458; x_wconf 61' lang='lat' dir='ltr'>seritis</span> <span class='ocrx_word' id='word_1_309' title='bbox 547 2425 668 2472; x_wconf 88' lang='lat' dir='ltr'>plenam</span> <span class='ocrx_word' id='word_1_310' title='bbox 682 2426 847 2465; x_wconf 88' lang='lat' dir='ltr'>unionem,</span> <span class='ocrx_word' id='word_1_311' title='bbox 861 2439 894 2460; x_wconf 90' lang='lat' dir='ltr'>ac</span> <span class='ocrx_word' id='word_1_312' title='bbox 907 2426 937 2459; x_wconf 90' lang='lat' dir='ltr'>in</span> <span class='ocrx_word' id='word_1_313' title='bbox 946 2440 1040 2461; x_wconf 88' lang='lat' dir='ltr'>unum</span> 
     </span>
     <span class='ocr_line' id='line_1_49' title="bbox 286 2473 1038 2522; baseline 0.003 -14"><span class='ocrx_word' id='word_1_314' title='bbox 286 2484 403 2508; x_wconf 80' lang='lat' dir='ltr'>coetum</span> <span class='ocrx_word' id='word_1_315' title='bbox 410 2474 717 2522; x_wconf 85' lang='lat' dir='ltr'>redintegrationem:</span> <span class='ocrx_word' id='word_1_316' title='bbox 732 2474 831 2508; x_wconf 81' lang='lat' dir='ltr'>statim</span> <span class='ocrx_word' id='word_1_317' title='bbox 840 2473 962 2521; x_wconf 89' lang='lat' dir='ltr'>sequuta</span> <span class='ocrx_word' id='word_1_318' title='bbox 969 2474 1038 2510; x_wconf 89' lang='lat' dir='ltr'>fuis-</span> 
     </span>
     <span class='ocr_line' id='line_1_50' title="bbox 284 2522 1038 2571; baseline 0.005 -15"><span class='ocrx_word' id='word_1_319' title='bbox 284 2522 328 2557; x_wconf 87' lang='lat' dir='ltr'>set</span> <span class='ocrx_word' id='word_1_320' title='bbox 346 2526 538 2571; x_wconf 87' lang='lat' dir='ltr'>Papanorum</span> <span class='ocrx_word' id='word_1_321' title='bbox 558 2536 697 2557; x_wconf 90' lang='lat' dir='ltr'>errorum</span> <span class='ocrx_word' id='word_1_322' title='bbox 717 2523 938 2562; x_wconf 81' lang='lat' dir='ltr'>consideratio,</span> <span class='ocrx_word' id='word_1_323' title='bbox 963 2538 1038 2560; x_wconf 86' lang='lat' dir='ltr'>num</span> 
     </span>
     <span class='ocr_line' id='line_1_51' title="bbox 284 2572 1037 2622; baseline 0.004 -16"><span class='ocrx_word' id='word_1_324' title='bbox 284 2572 397 2607; x_wconf 89' lang='lat' dir='ltr'>horum</span> <span class='ocrx_word' id='word_1_325' title='bbox 412 2573 456 2608; x_wconf 88' lang='lat' dir='ltr'>vel</span> <span class='ocrx_word' id='word_1_326' title='bbox 470 2574 630 2620; x_wconf 82' lang='lat' dir='ltr'>dogmata,</span> <span class='ocrx_word' id='word_1_327' title='bbox 643 2573 690 2607; x_wconf 91' lang='lat' dir='ltr'>vel</span> <span class='ocrx_word' id='word_1_328' title='bbox 700 2585 803 2619; x_wconf 83' lang='lat' dir='ltr'>praxes</span> <span class='ocrx_word' id='word_1_329' title='bbox 812 2598 822 2612; x_wconf 92' lang='lat'><em>‚</em></span> <span class='ocrx_word' id='word_1_330' title='bbox 835 2574 879 2608; x_wconf 93' lang='lat' dir='ltr'>ob</span> <span class='ocrx_word' id='word_1_331' title='bbox 887 2587 953 2622; x_wconf 83' lang='lat' dir='ltr'>quae</span> <span class='ocrx_word' id='word_1_332' title='bbox 961 2578 1037 2609; x_wconf 86' lang='lat' dir='ltr'>Pro-</span> 
     </span>
     <span class='ocr_line' id='line_1_52' title="bbox 284 2620 1037 2662; baseline 0.007 -8"><span class='ocrx_word' id='word_1_333' title='bbox 284 2620 426 2656; x_wconf 85' lang='lat' dir='ltr'>testantes</span> <span class='ocrx_word' id='word_1_334' title='bbox 442 2621 480 2655; x_wconf 89' lang='lat' dir='ltr'>ab</span> <span class='ocrx_word' id='word_1_335' title='bbox 493 2623 529 2655; x_wconf 92' lang='lat' dir='ltr'>iis</span> <span class='ocrx_word' id='word_1_336' title='bbox 542 2622 657 2656; x_wconf 91' lang='lat' dir='ltr'>dudum</span> <span class='ocrx_word' id='word_1_337' title='bbox 672 2620 867 2662; x_wconf 87' lang='lat' dir='ltr'>secesserunt,</span> <span class='ocrx_word' id='word_1_338' title='bbox 884 2634 945 2658; x_wconf 85' lang='lat' dir='ltr'>tam</span> <span class='ocrx_word' id='word_1_339' title='bbox 957 2625 1037 2659; x_wconf 86' lang='lat' dir='ltr'>leves</span> 
     </span>
     <span class='ocr_line' id='line_1_53' title="bbox 284 2669 1037 2718; baseline 0.004 -14"><span class='ocrx_word' id='word_1_340' title='bbox 284 2669 378 2706; x_wconf 86' lang='lat' dir='ltr'>essent</span> <span class='ocrx_word' id='word_1_341' title='bbox 390 2676 420 2705; x_wconf 89' lang='lat'>&amp;</span> <span class='ocrx_word' id='word_1_342' title='bbox 435 2669 553 2704; x_wconf 82' lang='lat' dir='ltr'>frivolae</span> <span class='ocrx_word' id='word_1_343' title='bbox 565 2671 786 2718; x_wconf 82' lang='lat' dir='ltr'>logomach&#39;iae,</span> <span class='ocrx_word' id='word_1_344' title='bbox 807 2683 839 2705; x_wconf 89' lang='lat' dir='ltr'>ut</span> <span class='ocrx_word' id='word_1_345' title='bbox 851 2673 963 2706; x_wconf 87' lang='lat' dir='ltr'>nullam</span> <span class='ocrx_word' id='word_1_346' title='bbox 977 2675 1037 2707; x_wconf 89' lang='lat' dir='ltr'>ini-</span> 
     </span>
     <span class='ocr_line' id='line_1_54' title="bbox 284 2719 1034 2765; baseline 0.004 -11"><span class='ocrx_word' id='word_1_347' title='bbox 284 2721 331 2754; x_wconf 88' lang='lat' dir='ltr'>tio</span> <span class='ocrx_word' id='word_1_348' title='bbox 348 2719 458 2754; x_wconf 90' lang='lat' dir='ltr'>nostris</span> <span class='ocrx_word' id='word_1_349' title='bbox 474 2720 643 2765; x_wconf 85' lang='lat' dir='ltr'>majoribus</span> <span class='ocrx_word' id='word_1_350' title='bbox 655 2719 826 2754; x_wconf 87' lang='lat' dir='ltr'>discedendi</span> <span class='ocrx_word' id='word_1_351' title='bbox 839 2734 874 2754; x_wconf 81' lang='lat' dir='ltr'>ex</span> <span class='ocrx_word' id='word_1_352' title='bbox 889 2723 1034 2758; x_wconf 66' lang='lat' dir='ltr'>Romana</span> 
     </span>
     <span class='ocr_line' id='line_1_55' title="bbox 285 2768 1032 2816; baseline 0.005 -13"><span class='ocrx_word' id='word_1_353' title='bbox 285 2769 409 2804; x_wconf 75' lang='lat' dir='ltr'>ecclesia</span> <span class='ocrx_word' id='word_1_354' title='bbox 421 2768 537 2803; x_wconf 85' lang='lat' dir='ltr'>causam</span> <span class='ocrx_word' id='word_1_355' title='bbox 551 2770 744 2816; x_wconf 87' lang='lat' dir='ltr'>praebuerint,</span> <span class='ocrx_word' id='word_1_356' title='bbox 758 2782 814 2803; x_wconf 90' lang='lat' dir='ltr'>nec</span> <span class='ocrx_word' id='word_1_357' title='bbox 827 2771 918 2804; x_wconf 91' lang='lat' dir='ltr'>nobis</span> <span class='ocrx_word' id='word_1_358' title='bbox 928 2771 1032 2807; x_wconf 85' lang='lat' dir='ltr'>hodie,</span> 
     </span>
     <span class='ocr_line' id='line_1_56' title="bbox 284 2818 1030 2866; baseline 0.004 -15"><span class='ocrx_word' id='word_1_359' title='bbox 284 2829 318 2851; x_wconf 86' lang='lat' dir='ltr'>ut</span> <span class='ocrx_word' id='word_1_360' title='bbox 330 2830 410 2852; x_wconf 83' lang='lat' dir='ltr'>extra</span> <span class='ocrx_word' id='word_1_361' title='bbox 423 2831 488 2852; x_wconf 83' lang='lat' dir='ltr'>eam</span> <span class='ocrx_word' id='word_1_362' title='bbox 503 2818 684 2866; x_wconf 82' lang='lat' dir='ltr'>synagogam</span> <span class='ocrx_word' id='word_1_363' title='bbox 701 2832 929 2866; x_wconf 78' lang='lat' dir='ltr'>permaneamus</span> <span class='ocrx_word' id='word_1_364' title='bbox 938 2834 947 2861; x_wconf 81' lang='lat'>3</span> <span class='ocrx_word' id='word_1_365' title='bbox 970 2824 1030 2856; x_wconf 86' lang='lat' dir='ltr'>Ar-</span> 
     </span>
     <span class='ocr_line' id='line_1_57' title="bbox 283 2867 1031 2915; baseline 0.005 -14"><span class='ocrx_word' id='word_1_366' title='bbox 283 2868 408 2901; x_wconf 84' lang='lat' dir='ltr'>miniani</span> <span class='ocrx_word' id='word_1_367' title='bbox 434 2868 567 2915; x_wconf 88' lang='lat' dir='ltr'>denique</span> <span class='ocrx_word' id='word_1_368' title='bbox 593 2869 708 2902; x_wconf 84' lang='lat' dir='ltr'>articuli</span> <span class='ocrx_word' id='word_1_369' title='bbox 736 2867 881 2902; x_wconf 86' lang='lat' dir='ltr'>venissent</span> <span class='ocrx_word' id='word_1_370' title='bbox 903 2871 941 2904; x_wconf 91' lang='lat' dir='ltr'>ad</span> <span class='ocrx_word' id='word_1_371' title='bbox 966 2882 1031 2905; x_wconf 90' lang='lat' dir='ltr'>ma-</span> 
     </span>
     <span class='ocr_line' id='line_1_58' title="bbox 283 2917 1027 2964; baseline 0.004 -14"><span class='ocrx_word' id='word_1_372' title='bbox 283 2929 350 2950; x_wconf 88' lang='lat' dir='ltr'>nus.</span> <span class='ocrx_word' id='word_1_373' title='bbox 378 2918 471 2951; x_wconf 85' lang='lat' dir='ltr'>Ordo</span> <span class='ocrx_word' id='word_1_374' title='bbox 485 2917 534 2951; x_wconf 86' lang='lat' dir='ltr'>hic</span> <span class='ocrx_word' id='word_1_375' title='bbox 547 2917 686 2951; x_wconf 87' lang='lat' dir='ltr'>naturalis</span> <span class='ocrx_word' id='word_1_376' title='bbox 705 2921 736 2952; x_wconf 73' lang='grc' dir='ltr'>δε</span> <span class='ocrx_word' id='word_1_377' title='bbox 756 2917 926 2964; x_wconf 87' lang='lat' dir='ltr'>perspicuus</span> <span class='ocrx_word' id='word_1_378' title='bbox 944 2931 1006 2953; x_wconf 87' lang='lat' dir='ltr'>erat</span> <span class='ocrx_word' id='word_1_379' title='bbox 1018 2944 1027 2959; x_wconf 87' lang='lat'>‚</span> 
     </span>
     <span class='ocr_line' id='line_1_59' title="bbox 282 2964 1027 3014; baseline 0.003 -15"><span class='ocrx_word' id='word_1_380' title='bbox 282 2966 486 2999; x_wconf 84' lang='lat' dir='ltr'>commodum</span> <span class='ocrx_word' id='word_1_381' title='bbox 500 2964 566 3005; x_wconf 87' lang='lat' dir='ltr'>fuit,</span> <span class='ocrx_word' id='word_1_382' title='bbox 581 2977 613 3000; x_wconf 83' lang='lat' dir='ltr'>ut</span> <span class='ocrx_word' id='word_1_383' title='bbox 626 2979 696 3000; x_wconf 85' lang='lat' dir='ltr'>eum</span> <span class='ocrx_word' id='word_1_384' title='bbox 709 2991 716 3003; x_wconf 94' lang='lat'>‚</span> <span class='ocrx_word' id='word_1_385' title='bbox 731 2978 824 3013; x_wconf 91' lang='lat' dir='ltr'>prout</span> <span class='ocrx_word' id='word_1_386' title='bbox 837 2968 1005 3014; x_wconf 82' lang='lat' dir='ltr'>incepimus</span> <span class='ocrx_word' id='word_1_387' title='bbox 1017 2993 1027 3008; x_wconf 91' lang='lat'><em>‚</em></span> 
     </span>
     <span class='ocr_line' id='line_1_60' title="bbox 279 3013 1026 3064; baseline 0.005 -17"><span class='ocrx_word' id='word_1_388' title='bbox 279 3014 479 3062; x_wconf 84' lang='lat' dir='ltr'>prosequutus</span> <span class='ocrx_word' id='word_1_389' title='bbox 490 3013 869 3064; x_wconf 83' lang='lat' dir='ltr'>fuisses.Qandoqui‹lem</span> <span class='ocrx_word' id='word_1_390' title='bbox 878 3028 978 3051; x_wconf 89' lang='lat' dir='ltr'>autem</span> <span class='ocrx_word' id='word_1_391' title='bbox 987 3018 1026 3051; x_wconf 92' lang='lat' dir='ltr'>ti-</span> 
     </span>
     <span class='ocr_line' id='line_1_61' title="bbox 280 3062 1024 3111; baseline 0.007 -16"><span class='ocrx_word' id='word_1_392' title='bbox 280 3062 312 3096; x_wconf 89' lang='lat' dir='ltr'>bi</span> <span class='ocrx_word' id='word_1_393' title='bbox 326 3064 445 3097; x_wconf 78' lang='lat' dir='ltr'>libuerit</span> <span class='ocrx_word' id='word_1_394' title='bbox 458 3066 562 3099; x_wconf 90' lang='lat' dir='ltr'>locum</span> <span class='ocrx_word' id='word_1_395' title='bbox 581 3066 757 3111; x_wconf 86' lang='lat' dir='ltr'>proximum</span> <span class='ocrx_word' id='word_1_396' title='bbox 771 3065 905 3100; x_wconf 88' lang='lat' dir='ltr'>tribuere</span> <span class='ocrx_word' id='word_1_397' title='bbox 923 3067 977 3100; x_wconf 88' lang='lat' dir='ltr'>uni</span> <span class='ocrx_word' id='word_1_398' title='bbox 989 3078 1024 3100; x_wconf 87' lang='lat' dir='ltr'>ex</span> 
     </span>
    </p>
   </div>
   <div class='ocr_carea' id='block_1_2' title="bbox 1058 1115 1075 2066">
    <p class='ocr_par' dir='ltr' id='par_1_2' title="bbox 1058 1115 1075 2066">
     <span class='ocr_line' id='line_1_62' title="bbox 1058 1115 1075 2066; baseline 0 0"><span class='ocrx_word' id='word_1_399' title='bbox 1058 1115 1075 2066; x_wconf 95' lang='lat' dir='ltr'> </span> 
     </span>
    </p>
   </div>
   <div class='ocr_carea' id='block_1_3' title="bbox 1046 2243 1065 3111">
    <p class='ocr_par' dir='ltr' id='par_1_3' title="bbox 1046 2243 1065 3111">
     <span class='ocr_line' id='line_1_63' title="bbox 1046 2243 1065 3111; baseline 0 0"><span class='ocrx_word' id='word_1_400' title='bbox 1046 2243 1065 3111; x_wconf 95' lang='lat' dir='ltr'> </span> 
     </span>
    </p>
   </div>
   <div class='ocr_carea' id='block_1_4' title="bbox 760 89 1551 129">
    <p class='ocr_par' dir='ltr' id='par_1_4' title="bbox 760 89 1551 129">
     <span class='ocr_line' id='line_1_64' title="bbox 760 89 1551 129; baseline -0.003 0"><span class='ocrx_word' id='word_1_401' title='bbox 760 89 1551 129; x_wconf 54' lang='lat' dir='ltr'>Pnffinssrxnarxowfl</span> 
     </span>
    </p>
   </div>
   <div class='ocr_carea' id='block_1_5' title="bbox 1058 158 2006 3115">
    <p class='ocr_par' dir='ltr' id='par_1_5' title="bbox 1095 158 1788 195">
     <span class='ocr_line' id='line_1_65' title="bbox 1095 158 1788 195; baseline 0 -1"><span class='ocrx_word' id='word_1_402' title='bbox 1095 160 1234 195; x_wconf 87' lang='lat' dir='ltr'>berrimo</span> <span class='ocrx_word' id='word_1_403' title='bbox 1247 159 1300 194; x_wconf 88' lang='lat' dir='ltr'>illo</span> <span class='ocrx_word' id='word_1_404' title='bbox 1313 158 1352 193; x_wconf 87' lang='lat' dir='ltr'>de</span> <span class='ocrx_word' id='word_1_405' title='bbox 1371 158 1639 194; x_wconf 87' lang='lat' dir='ltr'>Pr-aedestinatione</span> <span class='ocrx_word' id='word_1_406' title='bbox 1651 159 1788 194; x_wconf 88' lang='lat' dir='ltr'>articulo.</span> 
     </span>
    </p>

    <p class='ocr_par' dir='ltr' id='par_1_6' title="bbox 1142 207 1851 256">
     <span class='ocr_line' id='line_1_66' title="bbox 1142 207 1851 256; baseline 0 -12"><span class='ocrx_word' id='word_1_407' title='bbox 1142 207 1318 256; x_wconf 87' lang='lat' dir='ltr'>Priusquam</span> <span class='ocrx_word' id='word_1_408' title='bbox 1333 207 1479 255; x_wconf 88' lang='lat' dir='ltr'>disputas,</span> <span class='ocrx_word' id='word_1_409' title='bbox 1493 208 1602 243; x_wconf 86' lang='lat' dir='ltr'>definis</span> <span class='ocrx_word' id='word_1_410' title='bbox 1617 209 1804 244; x_wconf 70' lang='lat' dir='ltr'>eleetionem</span> <span class='ocrx_word' id='word_1_411' title='bbox 1818 211 1851 244; x_wconf 86' lang='lat'>&amp;</span> 
     </span>
    </p>

    <p class='ocr_par' dir='ltr' id='par_1_7' title="bbox 1089 257 1850 649">
     <span class='ocr_line' id='line_1_67' title="bbox 1093 257 1850 306; baseline 0.001 -14"><span class='ocrx_word' id='word_1_412' title='bbox 1093 259 1348 306; x_wconf 82' lang='lat' dir='ltr'>reprobationem</span> <span class='ocrx_word' id='word_1_413' title='bbox 1361 282 1371 298; x_wconf 93' lang='lat'>‚</span> <span class='ocrx_word' id='word_1_414' title='bbox 1401 257 1507 305; x_wconf 76' lang='lat' dir='ltr'>postea</span> <span class='ocrx_word' id='word_1_415' title='bbox 1521 257 1590 305; x_wconf 81' lang='lat' dir='ltr'>sigis</span> <span class='ocrx_word' id='word_1_416' title='bbox 1602 258 1777 305; x_wconf 65' lang='lat' dir='ltr'>quaestionis</span> <span class='ocrx_word' id='word_1_417' title='bbox 1790 258 1850 293; x_wconf 82' lang='lat' dir='ltr'>sta-</span> 
     </span>
     <span class='ocr_line' id='line_1_68' title="bbox 1093 303 1849 355; baseline 0 -13"><span class='ocrx_word' id='word_1_418' title='bbox 1093 319 1171 349; x_wconf 91' lang='lat' dir='ltr'>tum,</span> <span class='ocrx_word' id='word_1_419' title='bbox 1185 310 1328 342; x_wconf 90' lang='lat' dir='ltr'>nominas</span> <span class='ocrx_word' id='word_1_420' title='bbox 1341 307 1496 354; x_wconf 79' lang='lat' dir='ltr'>oppositas</span> <span class='ocrx_word' id='word_1_421' title='bbox 1512 317 1621 354; x_wconf 87' lang='lat' dir='ltr'>partes,</span> <span class='ocrx_word' id='word_1_422' title='bbox 1636 303 1706 354; x_wconf 85' lang='lat' dir='ltr'>post</span> <span class='ocrx_word' id='word_1_423' title='bbox 1719 306 1849 355; x_wconf 84' lang='lat' dir='ltr'>disputa-</span> 
     </span>
     <span class='ocr_line' id='line_1_69' title="bbox 1092 356 1846 405; baseline -0.001 -13"><span class='ocrx_word' id='word_1_424' title='bbox 1092 358 1213 392; x_wconf 87' lang='lat' dir='ltr'>tionem</span> <span class='ocrx_word' id='word_1_425' title='bbox 1226 357 1293 392; x_wconf 72' lang='lat' dir='ltr'>fuse</span> <span class='ocrx_word' id='word_1_426' title='bbox 1306 356 1419 391; x_wconf 75' lang='lat' dir='ltr'>disseris</span> <span class='ocrx_word' id='word_1_427' title='bbox 1431 357 1469 391; x_wconf 89' lang='lat' dir='ltr'>de</span> <span class='ocrx_word' id='word_1_428' title='bbox 1483 356 1587 390; x_wconf 66' lang='lat' dir='ltr'>naturzi</span> <span class='ocrx_word' id='word_1_429' title='bbox 1605 359 1670 401; x_wconf 86' lang='lat' dir='ltr'>ejus</span> <span class='ocrx_word' id='word_1_430' title='bbox 1682 356 1846 405; x_wconf 83' lang='lat' dir='ltr'>dogmatis,</span> 
     </span>
     <span class='ocr_line' id='line_1_70' title="bbox 1093 405 1849 454; baseline -0.001 -13"><span class='ocrx_word' id='word_1_431' title='bbox 1093 406 1178 454; x_wconf 90' lang='lat' dir='ltr'>quod</span> <span class='ocrx_word' id='word_1_432' title='bbox 1191 409 1292 441; x_wconf 89' lang='lat' dir='ltr'>tueris.</span> <span class='ocrx_word' id='word_1_433' title='bbox 1318 406 1490 441; x_wconf 86' lang='lat' dir='ltr'>Methodus</span> <span class='ocrx_word' id='word_1_434' title='bbox 1504 405 1568 440; x_wconf 85' lang='lat' dir='ltr'>haec</span> <span class='ocrx_word' id='word_1_435' title='bbox 1583 405 1622 440; x_wconf 86' lang='lat' dir='ltr'>sat</span> <span class='ocrx_word' id='word_1_436' title='bbox 1634 406 1710 440; x_wconf 89' lang='lat' dir='ltr'>mihi</span> <span class='ocrx_word' id='word_1_437' title='bbox 1725 408 1823 454; x_wconf 86' lang='lat' dir='ltr'>placet</span> <span class='ocrx_word' id='word_1_438' title='bbox 1836 431 1849 446; x_wconf 90' lang='lat'><em>,</em></span> 
     </span>
     <span class='ocr_line' id='line_1_71' title="bbox 1092 453 1847 502; baseline 0.003 -14"><span class='ocrx_word' id='word_1_439' title='bbox 1092 457 1161 490; x_wconf 91' lang='lat' dir='ltr'>&amp;in</span> <span class='ocrx_word' id='word_1_440' title='bbox 1175 455 1210 489; x_wconf 71' lang='lat' dir='ltr'>ea</span> <span class='ocrx_word' id='word_1_441' title='bbox 1223 458 1255 492; x_wconf 59' lang='grc' dir='ltr'>»ἕξ</span> <span class='ocrx_word' id='word_1_442' title='bbox 1265 455 1342 487; x_wconf 52' lang='lat' dir='ltr'>midias</span> <span class='ocrx_word' id='word_1_443' title='bbox 1356 465 1386 490; x_wconf 88' lang='lat' dir='ltr'>te</span> <span class='ocrx_word' id='word_1_444' title='bbox 1399 453 1515 502; x_wconf 90' lang='lat' dir='ltr'>sequar.</span> <span class='ocrx_word' id='word_1_445' title='bbox 1525 455 1585 489; x_wconf 88' lang='lat' dir='ltr'>Sed</span> <span class='ocrx_word' id='word_1_446' title='bbox 1597 456 1628 489; x_wconf 90' lang='lat' dir='ltr'>in</span> <span class='ocrx_word' id='word_1_447' title='bbox 1642 457 1768 491; x_wconf 70' lang='lat' dir='ltr'>materia</span> <span class='ocrx_word' id='word_1_448' title='bbox 1776 454 1847 490; x_wconf 90' lang='lat' dir='ltr'>sub-</span> 
     </span>
     <span class='ocr_line' id='line_1_72' title="bbox 1090 503 1847 552; baseline 0.003 -14"><span class='ocrx_word' id='word_1_449' title='bbox 1090 503 1172 548; x_wconf 60' lang='lat' dir='ltr'>jeeta</span> <span class='ocrx_word' id='word_1_450' title='bbox 1184 503 1222 537; x_wconf 89' lang='lat' dir='ltr'>ab</span> <span class='ocrx_word' id='word_1_451' title='bbox 1235 503 1324 538; x_wconf 90' lang='lat' dir='ltr'>initio</span> <span class='ocrx_word' id='word_1_452' title='bbox 1337 504 1373 538; x_wconf 86' lang='lat' dir='ltr'>ad</span> <span class='ocrx_word' id='word_1_453' title='bbox 1386 503 1480 538; x_wconf 83' lang='lat' dir='ltr'>finem</span> <span class='ocrx_word' id='word_1_454' title='bbox 1493 504 1592 551; x_wconf 68' lang='lat' dir='ltr'>prope</span> <span class='ocrx_word' id='word_1_455' title='bbox 1611 503 1686 538; x_wconf 90' lang='lat' dir='ltr'>nihil</span> <span class='ocrx_word' id='word_1_456' title='bbox 1701 505 1745 539; x_wconf 89' lang='lat' dir='ltr'>est</span> <span class='ocrx_word' id='word_1_457' title='bbox 1759 503 1847 552; x_wconf 85' lang='lat' dir='ltr'>quod</span> 
     </span>
     <span class='ocr_line' id='line_1_73' title="bbox 1090 551 1847 602; baseline 0.001 -15"><span class='ocrx_word' id='word_1_458' title='bbox 1090 565 1156 587; x_wconf 92' lang='lat' dir='ltr'>non</span> <span class='ocrx_word' id='word_1_459' title='bbox 1168 551 1340 599; x_wconf 88' lang='lat' dir='ltr'>displiceat,</span> <span class='ocrx_word' id='word_1_460' title='bbox 1361 551 1501 588; x_wconf 73' lang='lat' dir='ltr'>diffensfis</span> <span class='ocrx_word' id='word_1_461' title='bbox 1516 554 1577 586; x_wconf 89' lang='lat' dir='ltr'>mei</span> <span class='ocrx_word' id='word_1_462' title='bbox 1587 554 1719 588; x_wconf 87' lang='lat' dir='ltr'>rationes</span> <span class='ocrx_word' id='word_1_463' title='bbox 1732 555 1847 602; x_wconf 91' lang='lat' dir='ltr'>imper-</span> 
     </span>
     <span class='ocr_line' id='line_1_74' title="bbox 1089 602 1646 649; baseline 0.002 -13"><span class='ocrx_word' id='word_1_464' title='bbox 1089 603 1161 641; x_wconf 85' lang='lat' dir='ltr'>tiar,</span> <span class='ocrx_word' id='word_1_465' title='bbox 1178 614 1251 649; x_wconf 81' lang='lat' dir='ltr'>quas</span> <span class='ocrx_word' id='word_1_466' title='bbox 1264 614 1322 648; x_wconf 89' lang='lat' dir='ltr'>pro</span> <span class='ocrx_word' id='word_1_467' title='bbox 1335 602 1424 636; x_wconf 87' lang='lat' dir='ltr'>libitu</span> <span class='ocrx_word' id='word_1_468' title='bbox 1438 613 1470 636; x_wconf 91' lang='lat' dir='ltr'>tu</span> <span class='ocrx_word' id='word_1_469' title='bbox 1483 603 1646 637; x_wconf 84' lang='lat' dir='ltr'>examines.</span> 
     </span>
    </p>

    <p class='ocr_par' dir='ltr' id='par_1_8' title="bbox 1075 650 2006 1824">
     <span class='ocr_line' id='line_1_75' title="bbox 1134 650 2005 700; baseline 0.005 -16"><span class='ocrx_word' id='word_1_470' title='bbox 1134 652 1227 685; x_wconf 89' lang='lat' dir='ltr'>Initio</span> <span class='ocrx_word' id='word_1_471' title='bbox 1246 650 1398 699; x_wconf 86' lang='lat' dir='ltr'>profiteor</span> <span class='ocrx_word' id='word_1_472' title='bbox 1412 651 1487 685; x_wconf 90' lang='lat' dir='ltr'>nihil</span> <span class='ocrx_word' id='word_1_473' title='bbox 1500 651 1579 698; x_wconf 88' lang='lat' dir='ltr'>apud</span> <span class='ocrx_word' id='word_1_474' title='bbox 1591 664 1642 686; x_wconf 90' lang='lat' dir='ltr'>me</span> <span class='ocrx_word' id='word_1_475' title='bbox 1659 653 1759 699; x_wconf 72' lang='lat' dir='ltr'>gratiae</span> <span class='ocrx_word' id='word_1_476' title='bbox 1772 652 1842 687; x_wconf 89' lang='lat' dir='ltr'>addi</span> <span class='ocrx_word' id='word_1_477' title='bbox 1854 661 1949 688; x_wconf 82' lang='lat' dir='ltr'>Omnia</span> <span class='ocrx_word' id='word_1_478' title='bbox 1956 666 2005 700; x_wconf 85' lang='lat' dir='ltr'>op-</span> 
     </span>
     <span class='ocr_line' id='line_1_76' title="bbox 1086 698 2006 747; baseline 0.003 -13"><span class='ocrx_word' id='word_1_479' title='bbox 1086 698 1198 747; x_wconf 90' lang='lat' dir='ltr'>scripto</span> <span class='ocrx_word' id='word_1_480' title='bbox 1211 712 1267 734; x_wconf 91' lang='lat' dir='ltr'>tuo</span> <span class='ocrx_word' id='word_1_481' title='bbox 1279 700 1317 734; x_wconf 88' lang='lat' dir='ltr'>ab</span> <span class='ocrx_word' id='word_1_482' title='bbox 1324 700 1503 735; x_wconf 69' lang='lat' dir='ltr'>auetoribus</span> <span class='ocrx_word' id='word_1_483' title='bbox 1515 701 1595 735; x_wconf 88' lang='lat' dir='ltr'>unde</span> <span class='ocrx_word' id='word_1_484' title='bbox 1603 701 1676 736; x_wconf 90' lang='lat' dir='ltr'>illud</span> <span class='ocrx_word' id='word_1_485' title='bbox 1689 699 1841 738; x_wconf 82' lang='lat' dir='ltr'>exscribis.</span> <span class='ocrx_word' id='word_1_486' title='bbox 1850 705 2006 737; x_wconf 63' lang='lat' dir='ltr'>PWssmisar-</span> 
     </span>
     <span class='ocr_line' id='line_1_77' title="bbox 1089 749 2005 808; baseline 0.004 -25"><span class='ocrx_word' id='word_1_487' title='bbox 1089 751 1249 799; x_wconf 82' lang='lat' dir='ltr'>Qicquid</span> <span class='ocrx_word' id='word_1_488' title='bbox 1256 750 1351 784; x_wconf 89' lang='lat' dir='ltr'>habes</span> <span class='ocrx_word' id='word_1_489' title='bbox 1360 774 1368 787; x_wconf 85' lang='lat'>‚</span> <span class='ocrx_word' id='word_1_490' title='bbox 1384 751 1509 785; x_wconf 90' lang='lat' dir='ltr'>invenio</span> <span class='ocrx_word' id='word_1_491' title='bbox 1517 749 1596 797; x_wconf 76' lang='lat' dir='ltr'>pene</span> <span class='ocrx_word' id='word_1_492' title='bbox 1604 762 1704 785; x_wconf 89' lang='lat' dir='ltr'>totum</span> <span class='ocrx_word' id='word_1_493' title='bbox 1713 775 1720 787; x_wconf 87' lang='lat'>‚</span> <span class='ocrx_word' id='word_1_494' title='bbox 1733 764 1838 798; x_wconf 85' lang='lat' dir='ltr'>prooe-</span> <span class='ocrx_word' id='word_1_495' title='bbox 1848 749 2005 808; x_wconf 63' lang='lat' dir='ltr'>gumlentaex</span> 
     </span>
     <span class='ocr_line' id='line_1_78' title="bbox 1085 781 1992 852; baseline 0.004 -20"><span class='ocrx_word' id='word_1_496' title='bbox 1085 800 1182 833; x_wconf 88' lang='lat' dir='ltr'>mium</span> <span class='ocrx_word' id='word_1_497' title='bbox 1195 824 1206 839; x_wconf 93' lang='lat'>‚</span> <span class='ocrx_word' id='word_1_498' title='bbox 1232 799 1462 834; x_wconf 87' lang='lat' dir='ltr'>conclusionem</span> <span class='ocrx_word' id='word_1_499' title='bbox 1477 825 1487 840; x_wconf 88' lang='lat'>‚</span> <span class='ocrx_word' id='word_1_500' title='bbox 1513 798 1747 847; x_wconf 82' lang='lat' dir='ltr'>disputationem</span> <span class='ocrx_word' id='word_1_501' title='bbox 1761 802 1839 836; x_wconf 88' lang='lat' dir='ltr'>inte·</span> <span class='ocrx_word' id='word_1_502' title='bbox 1851 781 1992 852; x_wconf 46' lang='lat' dir='ltr'>gagg?-</span> 
     </span>
     <span class='ocr_line' id='line_1_79' title="bbox 1085 846 1965 900; baseline 0.007 -19"><span class='ocrx_word' id='word_1_503' title='bbox 1085 860 1187 895; x_wconf 85' lang='lat' dir='ltr'>gram,</span> <span class='ocrx_word' id='word_1_504' title='bbox 1199 846 1357 896; x_wconf 83' lang='lat' dir='ltr'>scripturas</span> <span class='ocrx_word' id='word_1_505' title='bbox 1366 873 1375 887; x_wconf 96' lang='lat'>‚</span> <span class='ocrx_word' id='word_1_506' title='bbox 1388 852 1502 888; x_wconf 81' lang='lat' dir='ltr'>Patres,</span> <span class='ocrx_word' id='word_1_507' title='bbox 1516 851 1661 890; x_wconf 90' lang='lat' dir='ltr'>rationes,</span> <span class='ocrx_word' id='word_1_508' title='bbox 1674 852 1752 897; x_wconf 85' lang='lat' dir='ltr'>apud</span> <span class='ocrx_word' id='word_1_509' title='bbox 1764 854 1838 900; x_wconf 81' lang='lat' dir='ltr'>Spa-</span> <span class='ocrx_word' id='word_1_510' title='bbox 1851 861 1891 887; x_wconf 82' lang='lat' dir='ltr'>dio</span> <span class='ocrx_word' id='word_1_511' title='bbox 1915 862 1965 898; x_wconf 83' lang='lat' dir='ltr'><em>Vos.</em></span> 
     </span>
     <span class='ocr_line' id='line_1_80' title="bbox 1083 897 2002 949; baseline 0.009 -19"><span class='ocrx_word' id='word_1_512' title='bbox 1083 897 1219 942; x_wconf 72' lang='lat' dir='ltr'>latenfi’m</span> <span class='ocrx_word' id='word_1_513' title='bbox 1230 898 1267 932; x_wconf 87' lang='lat' dir='ltr'>de</span> <span class='ocrx_word' id='word_1_514' title='bbox 1280 897 1456 945; x_wconf 67' lang='lat' dir='ltr'>Republica</span> <span class='ocrx_word' id='word_1_515' title='bbox 1468 897 1663 934; x_wconf 72' lang='lat' dir='ltr'>ecclesiastica</span> <span class='ocrx_word' id='word_1_516' title='bbox 1671 900 1723 934; x_wconf 91' lang='lat' dir='ltr'>lib.</span> <span class='ocrx_word' id='word_1_517' title='bbox 1731 913 1762 945; x_wconf 89' lang='lat'>7.</span> <span class='ocrx_word' id='word_1_518' title='bbox 1775 914 1839 949; x_wconf 91' lang='lat' dir='ltr'>cap.</span> <span class='ocrx_word' id='word_1_519' title='bbox 1848 899 1947 938; x_wconf 78' lang='lat' dir='ltr'><em>fiofimt</em></span> <span class='ocrx_word' id='word_1_520' title='bbox 1960 903 2002 931; x_wconf 78' lang='lat' dir='ltr'>de-</span> 
     </span>
     <span class='ocr_line' id='line_1_81' title="bbox 1085 941 1953 994; baseline 0.006 -14"><span class='ocrx_word' id='word_1_521' title='bbox 1085 959 1122 981; x_wconf 87' lang='lat'>11.</span> <span class='ocrx_word' id='word_1_522' title='bbox 1147 946 1251 994; x_wconf 87' lang='lat' dir='ltr'>quaest.</span> <span class='ocrx_word' id='word_1_523' title='bbox 1271 961 1305 994; x_wconf 86' lang='lat'>4.</span> <span class='ocrx_word' id='word_1_524' title='bbox 1341 957 1450 994; x_wconf 87' lang='lat' dir='ltr'>praeter</span> <span class='ocrx_word' id='word_1_525' title='bbox 1472 960 1580 994; x_wconf 86' lang='lat' dir='ltr'>paucas</span> <span class='ocrx_word' id='word_1_526' title='bbox 1605 948 1776 984; x_wconf 89' lang='lat' dir='ltr'>additiones</span> <span class='ocrx_word' id='word_1_527' title='bbox 1801 964 1840 985; x_wconf 88' lang='lat' dir='ltr'>ex</span> <span class='ocrx_word' id='word_1_528' title='bbox 1849 941 1953 980; x_wconf 49' lang='lat' dir='ltr'>simma·</span> 
     </span>
     <span class='ocr_line' id='line_1_82' title="bbox 1086 995 1837 1044; baseline 0.007 -15"><span class='ocrx_word' id='word_1_529' title='bbox 1086 996 1215 1030; x_wconf 67' lang='lat' dir='ltr'>Gerardi</span> <span class='ocrx_word' id='word_1_530' title='bbox 1221 997 1302 1040; x_wconf 69' lang='lat' dir='ltr'>Wffii</span> <span class='ocrx_word' id='word_1_531' title='bbox 1316 995 1452 1030; x_wconf 86' lang='lat' dir='ltr'>historiae</span> <span class='ocrx_word' id='word_1_532' title='bbox 1458 997 1625 1044; x_wconf 84' lang='lat' dir='ltr'>Pelagianae</span> <span class='ocrx_word' id='word_1_533' title='bbox 1636 997 1688 1031; x_wconf 80' lang='lat' dir='ltr'>lib.</span> <span class='ocrx_word' id='word_1_534' title='bbox 1694 1003 1724 1032; x_wconf 88' lang='lat'>6.</span> <span class='ocrx_word' id='word_1_535' title='bbox 1733 998 1837 1034; x_wconf 75' lang='lat' dir='ltr'>Thesi-</span> 
     </span>
     <span class='ocr_line' id='line_1_83' title="bbox 1085 1045 1840 1092; baseline 0.007 -14"><span class='ocrx_word' id='word_1_536' title='bbox 1085 1057 1133 1091; x_wconf 85' lang='lat'>¹4·</span> <span class='ocrx_word' id='word_1_537' title='bbox 1146 1058 1187 1092; x_wconf 83' lang='lat'>¹5·</span> <span class='ocrx_word' id='word_1_538' title='bbox 1200 1048 1223 1078; x_wconf 87' lang='lat' dir='ltr'><em>S</em></span> <span class='ocrx_word' id='word_1_539' title='bbox 1239 1047 1369 1091; x_wconf 86' lang='lat' dir='ltr'>alatenfis</span> <span class='ocrx_word' id='word_1_540' title='bbox 1382 1046 1456 1080; x_wconf 89' lang='lat' dir='ltr'>dum</span> <span class='ocrx_word' id='word_1_541' title='bbox 1467 1046 1558 1080; x_wconf 89' lang='lat' dir='ltr'>istum</span> <span class='ocrx_word' id='word_1_542' title='bbox 1569 1046 1682 1081; x_wconf 89' lang='lat' dir='ltr'>librum</span> <span class='ocrx_word' id='word_1_543' title='bbox 1694 1045 1840 1084; x_wconf 83' lang='lat' dir='ltr'>scriberet</span> 
     </span>
     <span class='ocr_line' id='line_1_84' title="bbox 1084 1057 1888 1136; baseline 0.006 -7"><span class='ocrx_word' id='word_1_544' title='bbox 1084 1057 1352 1131; x_wconf 56' lang='lat' dir='ltr'>aProtessantium</span> <span class='ocrx_word' id='word_1_545' title='bbox 1370 1095 1496 1131; x_wconf 73' lang='lat' dir='ltr'>ecclefia</span> <span class='ocrx_word' id='word_1_546' title='bbox 1516 1096 1685 1131; x_wconf 82' lang='lat' dir='ltr'>declinabat</span> <span class='ocrx_word' id='word_1_547' title='bbox 1698 1121 1708 1136; x_wconf 92' lang='lat'><strong>,</strong></span> <span class='ocrx_word' id='word_1_548' title='bbox 1733 1098 1841 1134; x_wconf 71' lang='lat' dir='ltr'>verum</span> <span class='ocrx_word' id='word_1_549' title='bbox 1876 1106 1888 1118; x_wconf 85' lang='lat'><em>‘</em></span> 
     </span>
     <span class='ocr_line' id='line_1_85' title="bbox 1084 1143 1844 1195; baseline 0.007 -18"><span class='ocrx_word' id='word_1_550' title='bbox 1084 1155 1249 1194; x_wconf 81' lang='lat' dir='ltr'>antequam</span> <span class='ocrx_word' id='word_1_551' title='bbox 1259 1144 1355 1179; x_wconf 87' lang='lat' dir='ltr'>edidit</span> <span class='ocrx_word' id='word_1_552' title='bbox 1363 1145 1394 1178; x_wconf 92' lang='lat' dir='ltr'>in</span> <span class='ocrx_word' id='word_1_553' title='bbox 1407 1145 1508 1180; x_wconf 88' lang='lat' dir='ltr'>lucem</span> <span class='ocrx_word' id='word_1_554' title='bbox 1522 1144 1648 1180; x_wconf 86' lang='lat' dir='ltr'>evaserat</span> <span class='ocrx_word' id='word_1_555' title='bbox 1658 1143 1759 1181; x_wconf 86' lang='lat' dir='ltr'>foedus</span> <span class='ocrx_word' id='word_1_556' title='bbox 1769 1160 1844 1195; x_wconf 90' lang='lat' dir='ltr'>apo-</span> 
     </span>
     <span class='ocr_line' id='line_1_86' title="bbox 1084 1192 1843 1238; baseline 0.005 -11"><span class='ocrx_word' id='word_1_557' title='bbox 1084 1192 1172 1232; x_wconf 89' lang='lat' dir='ltr'>stata,</span> <span class='ocrx_word' id='word_1_558' title='bbox 1186 1197 1218 1228; x_wconf 87' lang='lat'>&amp;</span> <span class='ocrx_word' id='word_1_559' title='bbox 1230 1207 1294 1227; x_wconf 89' lang='lat' dir='ltr'>non</span> <span class='ocrx_word' id='word_1_560' title='bbox 1307 1204 1425 1228; x_wconf 85' lang='lat' dir='ltr'>tantum</span> <span class='ocrx_word' id='word_1_561' title='bbox 1438 1193 1511 1229; x_wconf 87' lang='lat' dir='ltr'>alter</span> <span class='ocrx_word' id='word_1_562' title='bbox 1523 1195 1668 1229; x_wconf 69' lang='lat' dir='ltr'>Ecebolz&#39;us</span> <span class='ocrx_word' id='word_1_563' title='bbox 1677 1195 1721 1229; x_wconf 90' lang='lat' dir='ltr'>est</span> <span class='ocrx_word' id='word_1_564' title='bbox 1728 1195 1843 1238; x_wconf 70' lang='lat' dir='ltr'>faetus,</span> 
     </span>
     <span class='ocr_line' id='line_1_87' title="bbox 1084 1243 1844 1294; baseline 0.007 -18"><span class='ocrx_word' id='word_1_565' title='bbox 1084 1253 1116 1276; x_wconf 89' lang='lat' dir='ltr'>ut</span> <span class='ocrx_word' id='word_1_566' title='bbox 1128 1255 1199 1276; x_wconf 90' lang='lat' dir='ltr'>eum</span> <span class='ocrx_word' id='word_1_567' title='bbox 1212 1243 1297 1277; x_wconf 69' lang='lat' dir='ltr'>reete</span> <span class='ocrx_word' id='word_1_568' title='bbox 1311 1243 1494 1289; x_wconf 80' lang='lat' dir='ltr'>Eboracenfis</span> <span class='ocrx_word' id='word_1_569' title='bbox 1511 1257 1607 1292; x_wconf 89' lang='lat' dir='ltr'>nuper</span> <span class='ocrx_word' id='word_1_570' title='bbox 1620 1243 1723 1293; x_wconf 86' lang='lat' dir='ltr'>praesul</span> <span class='ocrx_word' id='word_1_571' title='bbox 1736 1247 1844 1294; x_wconf 87' lang='lat' dir='ltr'>depin-</span> 
     </span>
     <span class='ocr_line' id='line_1_88' title="bbox 1084 1290 1842 1338; baseline 0.008 -13"><span class='ocrx_word' id='word_1_572' title='bbox 1084 1292 1144 1338; x_wconf 85' lang='lat' dir='ltr'>git,</span> <span class='ocrx_word' id='word_1_573' title='bbox 1160 1290 1211 1326; x_wconf 89' lang='lat' dir='ltr'>sed</span> <span class='ocrx_word' id='word_1_574' title='bbox 1222 1293 1313 1326; x_wconf 88' lang='lat' dir='ltr'>etiam</span> <span class='ocrx_word' id='word_1_575' title='bbox 1329 1292 1471 1328; x_wconf 83' lang='lat' dir='ltr'>Ecclefiae</span> <span class='ocrx_word' id='word_1_576' title='bbox 1483 1294 1664 1329; x_wconf 85' lang='lat' dir='ltr'>Britannicae</span> <span class='ocrx_word' id='word_1_577' title='bbox 1678 1297 1842 1331; x_wconf 86' lang='lat' dir='ltr'>acerrimus</span> 
     </span>
     <span class='ocr_line' id='line_1_89' title="bbox 1083 1340 1841 1392; baseline 0.008 -18"><span class='ocrx_word' id='word_1_578' title='bbox 1083 1340 1196 1382; x_wconf 89' lang='lat' dir='ltr'>hostis;</span> <span class='ocrx_word' id='word_1_579' title='bbox 1211 1353 1303 1388; x_wconf 91' lang='lat' dir='ltr'>prout</span> <span class='ocrx_word' id='word_1_580' title='bbox 1310 1352 1375 1376; x_wconf 89' lang='lat' dir='ltr'>tute</span> <span class='ocrx_word' id='word_1_581' title='bbox 1387 1340 1532 1377; x_wconf 89' lang='lat' dir='ltr'>fateberis</span> <span class='ocrx_word' id='word_1_582' title='bbox 1543 1368 1552 1384; x_wconf 92' lang='lat'>‚</span> <span class='ocrx_word' id='word_1_583' title='bbox 1567 1344 1755 1392; x_wconf 72' lang='lat' dir='ltr'>modolegas</span> <span class='ocrx_word' id='word_1_584' title='bbox 1762 1358 1841 1380; x_wconf 92' lang='lat' dir='ltr'>con-</span> 
     </span>
     <span class='ocr_line' id='line_1_90' title="bbox 1083 1389 1841 1441; baseline 0.009 -18"><span class='ocrx_word' id='word_1_585' title='bbox 1083 1389 1178 1425; x_wconf 85' lang='lat' dir='ltr'>silium</span> <span class='ocrx_word' id='word_1_586' title='bbox 1190 1391 1304 1427; x_wconf 75' lang='lat' dir='ltr'>reditfis</span> <span class='ocrx_word' id='word_1_587' title='bbox 1317 1392 1345 1426; x_wconf 88' lang='lat' dir='ltr'>ei</span> <span class='ocrx_word' id='word_1_588' title='bbox 1357 1392 1438 1425; x_wconf 93' lang='lat' dir='ltr'>libro</span> <span class='ocrx_word' id='word_1_589' title='bbox 1453 1392 1612 1439; x_wconf 79' lang='lat' dir='ltr'>praefixum</span> <span class='ocrx_word' id='word_1_590' title='bbox 1623 1417 1631 1429; x_wconf 92' lang='lat'><em>‚</em></span> <span class='ocrx_word' id='word_1_591' title='bbox 1656 1406 1692 1427; x_wconf 89' lang='lat' dir='ltr'>ex</span> <span class='ocrx_word' id='word_1_592' title='bbox 1704 1407 1769 1441; x_wconf 91' lang='lat' dir='ltr'>quo</span> <span class='ocrx_word' id='word_1_593' title='bbox 1782 1394 1841 1430; x_wconf 86' lang='lat' dir='ltr'>dis-</span> 
     </span>
     <span class='ocr_line' id='line_1_91' title="bbox 1082 1436 1840 1487; baseline 0.005 -13"><span class='ocrx_word' id='word_1_594' title='bbox 1082 1436 1273 1487; x_wconf 81' lang='lat' dir='ltr'>putationem</span> <span class='ocrx_word' id='word_1_595' title='bbox 1287 1452 1370 1475; x_wconf 86' lang='lat' dir='ltr'>tuam</span> <span class='ocrx_word' id='word_1_596' title='bbox 1382 1441 1542 1476; x_wconf 80' lang='lat' dir='ltr'>mutuaris.</span> <span class='ocrx_word' id='word_1_597' title='bbox 1572 1441 1788 1478; x_wconf 71' lang='lat' dir='ltr'>Nihilominus</span> <span class='ocrx_word' id='word_1_598' title='bbox 1801 1444 1840 1478; x_wconf 86' lang='lat' dir='ltr'>li-</span> 
     </span>
     <span class='ocr_line' id='line_1_92' title="bbox 1081 1489 1838 1538; baseline 0.004 -14"><span class='ocrx_word' id='word_1_599' title='bbox 1081 1503 1128 1525; x_wconf 91' lang='lat' dir='ltr'>cet</span> <span class='ocrx_word' id='word_1_600' title='bbox 1147 1493 1258 1526; x_wconf 62' lang='lat' dir='ltr'>auctor</span> <span class='ocrx_word' id='word_1_601' title='bbox 1277 1491 1356 1538; x_wconf 89' lang='lat' dir='ltr'>apud</span> <span class='ocrx_word' id='word_1_602' title='bbox 1375 1502 1426 1524; x_wconf 89' lang='lat' dir='ltr'>me</span> <span class='ocrx_word' id='word_1_603' title='bbox 1445 1489 1521 1523; x_wconf 87' lang='lat' dir='ltr'>nihil</span> <span class='ocrx_word' id='word_1_604' title='bbox 1537 1491 1638 1537; x_wconf 88' lang='lat' dir='ltr'>gratiae</span> <span class='ocrx_word' id='word_1_605' title='bbox 1651 1494 1838 1538; x_wconf 87' lang='lat' dir='ltr'>argumentis</span> 
     </span>
     <span class='ocr_line' id='line_1_93' title="bbox 1079 1538 1837 1588; baseline 0.003 -14"><span class='ocrx_word' id='word_1_606' title='bbox 1079 1542 1137 1574; x_wconf 86' lang='lat' dir='ltr'>tuis</span> <span class='ocrx_word' id='word_1_607' title='bbox 1146 1551 1306 1588; x_wconf 85' lang='lat' dir='ltr'>procuret,</span> <span class='ocrx_word' id='word_1_608' title='bbox 1320 1538 1437 1574; x_wconf 89' lang='lat' dir='ltr'>cavebo</span> <span class='ocrx_word' id='word_1_609' title='bbox 1451 1551 1490 1573; x_wconf 92' lang='lat' dir='ltr'>ne</span> <span class='ocrx_word' id='word_1_610' title='bbox 1504 1539 1562 1573; x_wconf 88' lang='lat' dir='ltr'>ulla</span> <span class='ocrx_word' id='word_1_611' title='bbox 1575 1539 1614 1573; x_wconf 92' lang='lat' dir='ltr'>ab</span> <span class='ocrx_word' id='word_1_612' title='bbox 1621 1539 1752 1575; x_wconf 88' lang='lat' dir='ltr'>homine</span> <span class='ocrx_word' id='word_1_613' title='bbox 1760 1554 1837 1588; x_wconf 90' lang='lat' dir='ltr'>prae-</span> 
     </span>
     <span class='ocr_line' id='line_1_94' title="bbox 1078 1587 1834 1637; baseline 0.003 -14"><span class='ocrx_word' id='word_1_614' title='bbox 1078 1590 1188 1634; x_wconf 88' lang='lat' dir='ltr'>judicia</span> <span class='ocrx_word' id='word_1_615' title='bbox 1195 1588 1380 1624; x_wconf 87' lang='lat' dir='ltr'>absterreant</span> <span class='ocrx_word' id='word_1_616' title='bbox 1391 1587 1429 1622; x_wconf 89' lang='lat' dir='ltr'>ab</span> <span class='ocrx_word' id='word_1_617' title='bbox 1437 1588 1653 1636; x_wconf 68' lang='lat' dir='ltr'>amplectendo</span> <span class='ocrx_word' id='word_1_618' title='bbox 1662 1602 1729 1637; x_wconf 86' lang='lat' dir='ltr'>quae</span> <span class='ocrx_word' id='word_1_619' title='bbox 1736 1590 1834 1628; x_wconf 87' lang='lat' dir='ltr'>affers,</span> 
     </span>
     <span class='ocr_line' id='line_1_95' title="bbox 1078 1636 1834 1687; baseline 0.001 -13"><span class='ocrx_word' id='word_1_620' title='bbox 1078 1639 1176 1674; x_wconf 75' lang='lat' dir='ltr'>modo</span> <span class='ocrx_word' id='word_1_621' title='bbox 1184 1640 1259 1675; x_wconf 66' lang='lat' dir='ltr'>nota</span> <span class='ocrx_word' id='word_1_622' title='bbox 1267 1639 1397 1673; x_wconf 87' lang='lat' dir='ltr'>veritatis</span> <span class='ocrx_word' id='word_1_623' title='bbox 1405 1636 1543 1686; x_wconf 81' lang='lat' dir='ltr'>insignita</span> <span class='ocrx_word' id='word_1_624' title='bbox 1551 1639 1703 1673; x_wconf 87' lang='lat' dir='ltr'>inveniam</span> <span class='ocrx_word' id='word_1_625' title='bbox 1712 1654 1719 1674; x_wconf 88' lang='lat'>:</span> <span class='ocrx_word' id='word_1_626' title='bbox 1729 1640 1834 1687; x_wconf 88' lang='lat' dir='ltr'>quod-</span> 
     </span>
     <span class='ocr_line' id='line_1_96' title="bbox 1076 1687 1830 1736; baseline 0.001 -13"><span class='ocrx_word' id='word_1_627' title='bbox 1076 1702 1196 1736; x_wconf 90' lang='lat' dir='ltr'>cunque</span> <span class='ocrx_word' id='word_1_628' title='bbox 1203 1689 1288 1725; x_wconf 87' lang='lat' dir='ltr'>enim</span> <span class='ocrx_word' id='word_1_629' title='bbox 1295 1688 1357 1722; x_wconf 90' lang='lat' dir='ltr'>hoc</span> <span class='ocrx_word' id='word_1_630' title='bbox 1370 1688 1434 1721; x_wconf 87' lang='lat' dir='ltr'>Dei</span> <span class='ocrx_word' id='word_1_631' title='bbox 1447 1688 1620 1722; x_wconf 63' lang='lat' dir='ltr'>charaCtere</span> <span class='ocrx_word' id='word_1_632' title='bbox 1632 1687 1830 1736; x_wconf 86' lang='lat' dir='ltr'>imprimitur,</span> 
     </span>
     <span class='ocr_line' id='line_1_97' title="bbox 1076 1736 1831 1787; baseline 0.001 -14"><span class='ocrx_word' id='word_1_633' title='bbox 1076 1739 1152 1773; x_wconf 89' lang='lat' dir='ltr'>mihi</span> <span class='ocrx_word' id='word_1_634' title='bbox 1166 1749 1286 1787; x_wconf 86' lang='lat' dir='ltr'>gratum</span> <span class='ocrx_word' id='word_1_635' title='bbox 1299 1739 1372 1778; x_wconf 88' lang='lat' dir='ltr'>erit,</span> <span class='ocrx_word' id='word_1_636' title='bbox 1385 1747 1453 1772; x_wconf 90' lang='lat' dir='ltr'>utut</span> <span class='ocrx_word' id='word_1_637' title='bbox 1466 1737 1505 1772; x_wconf 89' lang='lat' dir='ltr'>ab</span> <span class='ocrx_word' id='word_1_638' title='bbox 1518 1737 1688 1774; x_wconf 72' lang='lat' dir='ltr'>adverfiirio</span> <span class='ocrx_word' id='word_1_639' title='bbox 1701 1736 1831 1774; x_wconf 89' lang='lat' dir='ltr'>acerbis-</span> 
     </span>
     <span class='ocr_line' id='line_1_98' title="bbox 1075 1789 1317 1824; baseline 0.004 -1"><span class='ocrx_word' id='word_1_640' title='bbox 1075 1789 1151 1823; x_wconf 82' lang='lat' dir='ltr'>simo</span> <span class='ocrx_word' id='word_1_641' title='bbox 1167 1789 1317 1824; x_wconf 84' lang='lat' dir='ltr'>oblatum.</span> 
     </span>
    </p>

    <p class='ocr_par' dir='ltr' id='par_1_9' title="bbox 1072 1837 1990 2173">
     <span class='ocr_line' id='line_1_99' title="bbox 1121 1837 1984 1886; baseline 0.001 -13"><span class='ocrx_word' id='word_1_642' title='bbox 1121 1839 1333 1873; x_wconf 79' lang='lat' dir='ltr'>Definitiones</span> <span class='ocrx_word' id='word_1_643' title='bbox 1346 1849 1420 1878; x_wconf 73' lang='lat' dir='ltr'>tuae,</span> <span class='ocrx_word' id='word_1_644' title='bbox 1434 1850 1507 1886; x_wconf 90' lang='lat' dir='ltr'>quas</span> <span class='ocrx_word' id='word_1_645' title='bbox 1520 1837 1670 1873; x_wconf 57' lang='lat' dir='ltr'>&amp;nemine</span> <span class='ocrx_word' id='word_1_646' title='bbox 1684 1837 1827 1885; x_wconf 72' lang='lat' dir='ltr'>possene-</span> <span class='ocrx_word' id='word_1_647' title='bbox 1839 1837 1984 1885; x_wconf 48' lang='lat' dir='ltr'>spalatenſss</span> 
     </span>
     <span class='ocr_line' id='line_1_100' title="bbox 1074 1878 1990 1944; baseline 0 -23"><span class='ocrx_word' id='word_1_648' title='bbox 1074 1889 1138 1936; x_wconf 84' lang='lat' dir='ltr'>gari</span> <span class='ocrx_word' id='word_1_649' title='bbox 1152 1887 1301 1928; x_wconf 85' lang='lat' dir='ltr'>affirmas,</span> <span class='ocrx_word' id='word_1_650' title='bbox 1320 1887 1368 1923; x_wconf 88' lang='lat' dir='ltr'>hae</span> <span class='ocrx_word' id='word_1_651' title='bbox 1380 1886 1461 1922; x_wconf 88' lang='lat' dir='ltr'>sunt:</span> <span class='ocrx_word' id='word_1_652' title='bbox 1478 1888 1604 1922; x_wconf 66' lang='lat' dir='ltr'>Elec&#39;tio</span> <span class='ocrx_word' id='word_1_653' title='bbox 1617 1887 1661 1922; x_wconf 89' lang='lat' dir='ltr'>est</span> <span class='ocrx_word' id='word_1_654' title='bbox 1673 1886 1827 1935; x_wconf 86' lang='lat' dir='ltr'>inscriptio</span> <span class='ocrx_word' id='word_1_655' title='bbox 1840 1878 1990 1944; x_wconf 65' lang='lat' dir='ltr'>dl‘fim²¹0‚”‘’</span> 
     </span>
     <span class='ocr_line' id='line_1_101' title="bbox 1074 1922 1990 1997; baseline -0.001 -25"><span class='ocrx_word' id='word_1_656' title='bbox 1074 1939 1270 1985; x_wconf 85' lang='lat' dir='ltr'>quorundam</span> <span class='ocrx_word' id='word_1_657' title='bbox 1283 1939 1314 1972; x_wconf 89' lang='lat' dir='ltr'>in</span> <span class='ocrx_word' id='word_1_658' title='bbox 1326 1938 1408 1972; x_wconf 91' lang='lat' dir='ltr'>libro</span> <span class='ocrx_word' id='word_1_659' title='bbox 1421 1937 1486 1972; x_wconf 86' lang='lat' dir='ltr'>vitae</span> <span class='ocrx_word' id='word_1_660' title='bbox 1497 1962 1507 1977; x_wconf 88' lang='lat'>,</span> <span class='ocrx_word' id='word_1_661' title='bbox 1523 1941 1554 1972; x_wconf 87' lang='lat'>&amp;</span> <span class='ocrx_word' id='word_1_662' title='bbox 1573 1937 1770 1984; x_wconf 85' lang='lat' dir='ltr'>Reprobatio</span> <span class='ocrx_word' id='word_1_663' title='bbox 1784 1936 1827 1971; x_wconf 89' lang='lat' dir='ltr'>est</span> <span class='ocrx_word' id='word_1_664' title='bbox 1839 1922 1990 1997; x_wconf 46' lang='lat' dir='ltr'>gssss&#39;xa·</span> 
     </span>
     <span class='ocr_line' id='line_1_102' title="bbox 1074 1986 1976 2034; baseline -0.001 -13"><span class='ocrx_word' id='word_1_665' title='bbox 1074 1988 1268 2034; x_wconf 88' lang='lat' dir='ltr'>quotundam</span> <span class='ocrx_word' id='word_1_666' title='bbox 1281 2000 1316 2022; x_wconf 87' lang='lat' dir='ltr'>ex</span> <span class='ocrx_word' id='word_1_667' title='bbox 1329 1987 1412 2022; x_wconf 91' lang='lat' dir='ltr'>libro</span> <span class='ocrx_word' id='word_1_668' title='bbox 1423 1987 1489 2022; x_wconf 87' lang='lat' dir='ltr'>vitae</span> <span class='ocrx_word' id='word_1_669' title='bbox 1504 1987 1628 2021; x_wconf 84' lang='lat' dir='ltr'>deletio.</span> <span class='ocrx_word' id='word_1_670' title='bbox 1654 1986 1827 2021; x_wconf 88' lang='lat' dir='ltr'>Definitio·</span> <span class='ocrx_word' id='word_1_671' title='bbox 1838 2000 1914 2027; x_wconf 78' lang='lat' dir='ltr'>tiones</span> <span class='ocrx_word' id='word_1_672' title='bbox 1928 2010 1976 2027; x_wconf 79' lang='lat' dir='ltr'>non</span> 
     </span>
     <span class='ocr_line' id='line_1_103' title="bbox 1074 2034 1988 2087; baseline -0.003 -17"><span class='ocrx_word' id='word_1_673' title='bbox 1074 2050 1125 2071; x_wconf 88' lang='lat' dir='ltr'>nes</span> <span class='ocrx_word' id='word_1_674' title='bbox 1136 2037 1182 2072; x_wconf 86' lang='lat' dir='ltr'>hae</span> <span class='ocrx_word' id='word_1_675' title='bbox 1195 2037 1365 2087; x_wconf 79' lang='lat' dir='ltr'>Spalatensis</span> <span class='ocrx_word' id='word_1_676' title='bbox 1378 2035 1456 2071; x_wconf 73' lang='lat' dir='ltr'>adeo</span> <span class='ocrx_word' id='word_1_677' title='bbox 1464 2036 1577 2070; x_wconf 84' lang='lat' dir='ltr'>vitiosae</span> <span class='ocrx_word' id='word_1_678' title='bbox 1591 2034 1675 2075; x_wconf 89' lang='lat' dir='ltr'>sunt,</span> <span class='ocrx_word' id='word_1_679' title='bbox 1689 2047 1722 2070; x_wconf 92' lang='lat' dir='ltr'>ut</span> <span class='ocrx_word' id='word_1_680' title='bbox 1729 2037 1894 2075; x_wconf 82' lang='lat' dir='ltr'>nullusfimt</span> <span class='ocrx_word' id='word_1_681' title='bbox 1905 2039 1988 2078; x_wconf 76' lang='lat' dir='ltr'>proba.</span> 
     </span>
     <span class='ocr_line' id='line_1_104' title="bbox 1072 2086 1825 2135; baseline -0.001 -15"><span class='ocrx_word' id='word_1_682' title='bbox 1072 2100 1313 2135; x_wconf 88' lang='lat' dir='ltr'>quaruncunque</span> <span class='ocrx_word' id='word_1_683' title='bbox 1326 2086 1457 2134; x_wconf 88' lang='lat' dir='ltr'>partium</span> <span class='ocrx_word' id='word_1_684' title='bbox 1476 2098 1525 2120; x_wconf 88' lang='lat' dir='ltr'>eas</span> <span class='ocrx_word' id='word_1_685' title='bbox 1538 2086 1696 2120; x_wconf 87' lang='lat' dir='ltr'>admittere</span> <span class='ocrx_word' id='word_1_686' title='bbox 1714 2086 1804 2132; x_wconf 86' lang='lat' dir='ltr'>poffit</span> <span class='ocrx_word' id='word_1_687' title='bbox 1814 2109 1825 2125; x_wconf 93' lang='lat'>,</span> 
     </span>
     <span class='ocr_line' id='line_1_105' title="bbox 1073 2135 1827 2173; baseline -0.004 -3"><span class='ocrx_word' id='word_1_688' title='bbox 1073 2137 1119 2171; x_wconf 89' lang='lat' dir='ltr'>vel</span> <span class='ocrx_word' id='word_1_689' title='bbox 1132 2147 1164 2171; x_wconf 91' lang='lat' dir='ltr'>ut</span> <span class='ocrx_word' id='word_1_690' title='bbox 1175 2137 1387 2173; x_wconf 85' lang='lat' dir='ltr'>definitiones,</span> <span class='ocrx_word' id='word_1_691' title='bbox 1402 2135 1446 2170; x_wconf 89' lang='lat' dir='ltr'>vel</span> <span class='ocrx_word' id='word_1_692' title='bbox 1460 2145 1492 2168; x_wconf 92' lang='lat' dir='ltr'>ut</span> <span class='ocrx_word' id='word_1_693' title='bbox 1503 2147 1584 2171; x_wconf 88' lang='lat' dir='ltr'>veras</span> <span class='ocrx_word' id='word_1_694' title='bbox 1596 2136 1767 2168; x_wconf 83' lang='lat' dir='ltr'>sententias.</span> <span class='ocrx_word' id='word_1_695' title='bbox 1779 2135 1827 2167; x_wconf 83' lang='lat' dir='ltr'>A·</span> 
     </span>
    </p>

    <p class='ocr_par' dir='ltr' id='par_1_10' title="bbox 1064 2182 1831 2918">
     <span class='ocr_line' id='line_1_106' title="bbox 1074 2182 1830 2232; baseline -0.005 -11"><span class='ocrx_word' id='word_1_696' title='bbox 1074 2186 1214 2221; x_wconf 68' lang='lat' dir='ltr'>&amp;cionem</span> <span class='ocrx_word' id='word_1_697' title='bbox 1228 2186 1355 2221; x_wconf 75' lang='lat' dir='ltr'>desinire</span> <span class='ocrx_word' id='word_1_698' title='bbox 1367 2197 1421 2232; x_wconf 88' lang='lat' dir='ltr'>per</span> <span class='ocrx_word' id='word_1_699' title='bbox 1429 2182 1513 2217; x_wconf 90' lang='lat' dir='ltr'>suum</span> <span class='ocrx_word' id='word_1_700' title='bbox 1521 2183 1680 2217; x_wconf 55' lang='lat' dir='ltr'>esseesum,</span> <span class='ocrx_word' id='word_1_701' title='bbox 1696 2195 1830 2230; x_wconf 86' lang='lat' dir='ltr'>eumque</span> 
     </span>
     <span class='ocr_line' id='line_1_107' title="bbox 1074 2231 1831 2278; baseline -0.003 -10"><span class='ocrx_word' id='word_1_702' title='bbox 1074 2235 1190 2269; x_wconf 75' lang='lat' dir='ltr'>tantum</span> <span class='ocrx_word' id='word_1_703' title='bbox 1205 2248 1299 2268; x_wconf 90' lang='lat' dir='ltr'>unum</span> <span class='ocrx_word' id='word_1_704' title='bbox 1315 2258 1325 2272; x_wconf 93' lang='lat'><em>‚</em></span> <span class='ocrx_word' id='word_1_705' title='bbox 1361 2238 1392 2267; x_wconf 79' lang='grc' dir='ltr'>δι</span> <span class='ocrx_word' id='word_1_706' title='bbox 1405 2233 1497 2266; x_wconf 87' lang='lat' dir='ltr'>talem</span> <span class='ocrx_word' id='word_1_707' title='bbox 1516 2233 1569 2278; x_wconf 88' lang='lat' dir='ltr'>qui</span> <span class='ocrx_word' id='word_1_708' title='bbox 1586 2231 1719 2265; x_wconf 74' lang='lat' dir='ltr'>omnino</span> <span class='ocrx_word' id='word_1_709' title='bbox 1733 2243 1831 2266; x_wconf 85' lang='lat' dir='ltr'>meta—</span> 
     </span>
     <span class='ocr_line' id='line_1_108' title="bbox 1075 2280 1829 2327; baseline 0.003 -13"><span class='ocrx_word' id='word_1_710' title='bbox 1075 2283 1220 2327; x_wconf 86' lang='lat' dir='ltr'>phoricus</span> <span class='ocrx_word' id='word_1_711' title='bbox 1231 2282 1275 2315; x_wconf 87' lang='lat' dir='ltr'>est</span> <span class='ocrx_word' id='word_1_712' title='bbox 1284 2305 1294 2320; x_wconf 89' lang='lat'><em>‚</em></span> <span class='ocrx_word' id='word_1_713' title='bbox 1313 2280 1486 2314; x_wconf 90' lang='lat' dir='ltr'>invenietur</span> <span class='ocrx_word' id='word_1_714' title='bbox 1497 2291 1604 2313; x_wconf 89' lang='lat' dir='ltr'>contra</span> <span class='ocrx_word' id='word_1_715' title='bbox 1617 2292 1727 2313; x_wconf 88' lang='lat' dir='ltr'>omnes</span> <span class='ocrx_word' id='word_1_716' title='bbox 1743 2280 1829 2316; x_wconf 70' lang='grc' dir='ltr'><strong>τεξὶὲ</strong></span> 
     </span>
     <span class='ocr_line' id='line_1_109' title="bbox 1075 2327 1829 2376; baseline 0.003 -14"><span class='ocrx_word' id='word_1_717' title='bbox 1075 2329 1241 2363; x_wconf 87' lang='lat' dir='ltr'>definiendi</span> <span class='ocrx_word' id='word_1_718' title='bbox 1253 2329 1382 2376; x_wconf 82' lang='lat' dir='ltr'>regulas.</span> <span class='ocrx_word' id='word_1_719' title='bbox 1408 2327 1509 2376; x_wconf 80' lang='lat' dir='ltr'>Qod</span> <span class='ocrx_word' id='word_1_720' title='bbox 1521 2328 1719 2375; x_wconf 80' lang='lat' dir='ltr'>Reprobatio</span> <span class='ocrx_word' id='word_1_721' title='bbox 1732 2328 1766 2364; x_wconf 80' lang='lat' dir='ltr'>sit</span> <span class='ocrx_word' id='word_1_722' title='bbox 1775 2343 1829 2364; x_wconf 89' lang='lat' dir='ltr'>cu-</span> 
     </span>
     <span class='ocr_line' id='line_1_110' title="bbox 1074 2375 1827 2425; baseline 0.004 -15"><span class='ocrx_word' id='word_1_723' title='bbox 1074 2375 1180 2425; x_wconf 85' lang='lat' dir='ltr'>jusque</span> <span class='ocrx_word' id='word_1_724' title='bbox 1197 2378 1314 2412; x_wconf 89' lang='lat' dir='ltr'>deletio</span> <span class='ocrx_word' id='word_1_725' title='bbox 1333 2377 1387 2425; x_wconf 91' lang='lat' dir='ltr'>qui</span> <span class='ocrx_word' id='word_1_726' title='bbox 1405 2377 1571 2424; x_wconf 86' lang='lat' dir='ltr'>aliquando</span> <span class='ocrx_word' id='word_1_727' title='bbox 1592 2375 1752 2425; x_wconf 90' lang='lat' dir='ltr'>inscriptus</span> <span class='ocrx_word' id='word_1_728' title='bbox 1769 2377 1827 2414; x_wconf 90' lang='lat' dir='ltr'>fuit</span> 
     </span>
     <span class='ocr_line' id='line_1_111' title="bbox 1074 2426 1827 2474; baseline 0.005 -15"><span class='ocrx_word' id='word_1_729' title='bbox 1074 2426 1156 2460; x_wconf 91' lang='lat' dir='ltr'>libro</span> <span class='ocrx_word' id='word_1_730' title='bbox 1168 2426 1288 2467; x_wconf 85' lang='lat' dir='ltr'>vitae,ab</span> <span class='ocrx_word' id='word_1_731' title='bbox 1299 2426 1446 2461; x_wconf 88' lang='lat' dir='ltr'>omnibus</span> <span class='ocrx_word' id='word_1_732' title='bbox 1459 2427 1600 2461; x_wconf 87' lang='lat' dir='ltr'>omniurn</span> <span class='ocrx_word' id='word_1_733' title='bbox 1611 2429 1741 2474; x_wconf 87' lang='lat' dir='ltr'>partium</span> <span class='ocrx_word' id='word_1_734' title='bbox 1754 2429 1827 2474; x_wconf 87' lang='lat' dir='ltr'>reji-</span> 
     </span>
     <span class='ocr_line' id='line_1_112' title="bbox 1072 2476 1826 2521; baseline 0 -11"><span class='ocrx_word' id='word_1_735' title='bbox 1072 2476 1160 2510; x_wconf 81' lang='lat' dir='ltr'>citur.</span> <span class='ocrx_word' id='word_1_736' title='bbox 1186 2477 1269 2510; x_wconf 87' lang='lat' dir='ltr'>Nam</span> <span class='ocrx_word' id='word_1_737' title='bbox 1283 2488 1353 2510; x_wconf 90' lang='lat' dir='ltr'>cum</span> <span class='ocrx_word' id='word_1_738' title='bbox 1365 2476 1535 2521; x_wconf 74' lang='lat' dir='ltr'>‘Pontificiis</span> <span class='ocrx_word' id='word_1_739' title='bbox 1543 2500 1553 2516; x_wconf 88' lang='lat'>‚</span> <span class='ocrx_word' id='word_1_740' title='bbox 1565 2476 1746 2511; x_wconf 75' lang='lat' dir='ltr'>Lutheranis</span> <span class='ocrx_word' id='word_1_741' title='bbox 1758 2501 1767 2514; x_wconf 94' lang='lat'>‚</span> <span class='ocrx_word' id='word_1_742' title='bbox 1792 2482 1826 2513; x_wconf 92' lang='lat'>&amp;</span> 
     </span>
     <span class='ocr_line' id='line_1_113' title="bbox 1071 2523 1824 2572; baseline 0.004 -14"><span class='ocrx_word' id='word_1_743' title='bbox 1071 2526 1265 2559; x_wconf 76' lang='lat' dir='ltr'>Arminianis</span> <span class='ocrx_word' id='word_1_744' title='bbox 1277 2525 1456 2572; x_wconf 88' lang='lat' dir='ltr'>imputatur,</span> <span class='ocrx_word' id='word_1_745' title='bbox 1470 2525 1556 2572; x_wconf 90' lang='lat' dir='ltr'>quod</span> <span class='ocrx_word' id='word_1_746' title='bbox 1568 2523 1732 2560; x_wconf 87' lang='lat' dir='ltr'>secundum</span> <span class='ocrx_word' id='word_1_747' title='bbox 1745 2528 1824 2561; x_wconf 81' lang='lat' dir='ltr'>varia</span> 
     </span>
     <span class='ocr_line' id='line_1_114' title="bbox 1070 2573 1822 2622; baseline 0.003 -14"><span class='ocrx_word' id='word_1_748' title='bbox 1070 2573 1119 2609; x_wconf 91' lang='lat' dir='ltr'>sua</span> <span class='ocrx_word' id='word_1_749' title='bbox 1135 2575 1283 2622; x_wconf 86' lang='lat' dir='ltr'>principia</span> <span class='ocrx_word' id='word_1_750' title='bbox 1301 2573 1416 2608; x_wconf 89' lang='lat' dir='ltr'>necesse</span> <span class='ocrx_word' id='word_1_751' title='bbox 1434 2573 1567 2608; x_wconf 88' lang='lat' dir='ltr'>habeant</span> <span class='ocrx_word' id='word_1_752' title='bbox 1579 2575 1692 2609; x_wconf 90' lang='lat' dir='ltr'>docere</span> <span class='ocrx_word' id='word_1_753' title='bbox 1710 2588 1822 2610; x_wconf 89' lang='lat' dir='ltr'>omnes</span> 
     </span>
     <span class='ocr_line' id='line_1_115' title="bbox 1069 2623 1824 2671; baseline 0.003 -13"><span class='ocrx_word' id='word_1_754' title='bbox 1069 2624 1213 2659; x_wconf 87' lang='lat' dir='ltr'>homines</span> <span class='ocrx_word' id='word_1_755' title='bbox 1226 2623 1317 2659; x_wconf 87' lang='lat' dir='ltr'>semel</span> <span class='ocrx_word' id='word_1_756' title='bbox 1328 2624 1459 2662; x_wconf 69' lang='lat' dir='ltr'>eleetos,</span> <span class='ocrx_word' id='word_1_757' title='bbox 1470 2623 1611 2671; x_wconf 90' lang='lat' dir='ltr'>adeoque</span> <span class='ocrx_word' id='word_1_758' title='bbox 1622 2625 1774 2671; x_wconf 87' lang='lat' dir='ltr'>reprobos</span> <span class='ocrx_word' id='word_1_759' title='bbox 1787 2639 1824 2660; x_wconf 90' lang='lat' dir='ltr'>o-</span> 
     </span>
     <span class='ocr_line' id='line_1_116' title="bbox 1069 2673 1822 2722; baseline 0.001 -14"><span class='ocrx_word' id='word_1_760' title='bbox 1069 2686 1155 2708; x_wconf 90' lang='lat' dir='ltr'>mnes</span> <span class='ocrx_word' id='word_1_761' title='bbox 1168 2673 1333 2721; x_wconf 89' lang='lat' dir='ltr'>aliquando</span> <span class='ocrx_word' id='word_1_762' title='bbox 1345 2673 1414 2709; x_wconf 71' lang='lat' dir='ltr'>vete</span> <span class='ocrx_word' id='word_1_763' title='bbox 1427 2673 1543 2707; x_wconf 68' lang='lat' dir='ltr'>eleetos</span> <span class='ocrx_word' id='word_1_764' title='bbox 1553 2697 1562 2712; x_wconf 92' lang='lat'>‚</span> <span class='ocrx_word' id='word_1_765' title='bbox 1582 2678 1614 2710; x_wconf 89' lang='lat'>&amp;</span> <span class='ocrx_word' id='word_1_766' title='bbox 1626 2674 1822 2722; x_wconf 87' lang='lat' dir='ltr'>reprobatio-</span> 
     </span>
     <span class='ocr_line' id='line_1_117' title="bbox 1068 2720 1820 2763; baseline 0.001 -6"><span class='ocrx_word' id='word_1_767' title='bbox 1068 2735 1156 2759; x_wconf 90' lang='lat' dir='ltr'>nem,</span> <span class='ocrx_word' id='word_1_768' title='bbox 1175 2720 1341 2757; x_wconf 88' lang='lat' dir='ltr'>secundum</span> <span class='ocrx_word' id='word_1_769' title='bbox 1353 2733 1437 2756; x_wconf 88' lang='lat' dir='ltr'>tuam</span> <span class='ocrx_word' id='word_1_770' title='bbox 1450 2721 1682 2763; x_wconf 84' lang='lat' dir='ltr'>definitionem,</span> <span class='ocrx_word' id='word_1_771' title='bbox 1696 2722 1753 2758; x_wconf 89' lang='lat' dir='ltr'>esse</span> <span class='ocrx_word' id='word_1_772' title='bbox 1766 2724 1820 2759; x_wconf 90' lang='lat' dir='ltr'>de-</span> 
     </span>
     <span class='ocr_line' id='line_1_118' title="bbox 1067 2771 1819 2819; baseline 0.001 -13"><span class='ocrx_word' id='word_1_773' title='bbox 1067 2772 1215 2806; x_wconf 85' lang='lat' dir='ltr'>letionem</span> <span class='ocrx_word' id='word_1_774' title='bbox 1227 2785 1263 2806; x_wconf 84' lang='lat' dir='ltr'>ex</span> <span class='ocrx_word' id='word_1_775' title='bbox 1271 2771 1352 2806; x_wconf 89' lang='lat' dir='ltr'>libro</span> <span class='ocrx_word' id='word_1_776' title='bbox 1360 2772 1427 2806; x_wconf 82' lang='lat' dir='ltr'>vitae</span> <span class='ocrx_word' id='word_1_777' title='bbox 1440 2773 1616 2819; x_wconf 84' lang='lat' dir='ltr'>eorum‚qui</span> <span class='ocrx_word' id='word_1_778' title='bbox 1625 2785 1677 2819; x_wconf 89' lang='lat' dir='ltr'>per</span> <span class='ocrx_word' id='word_1_779' title='bbox 1688 2773 1819 2807; x_wconf 71' lang='grc' dir='ltr'>61εᾶἱο-</span> 
     </span>
     <span class='ocr_line' id='line_1_119' title="bbox 1065 2819 1817 2870; baseline 0.003 -15"><span class='ocrx_word' id='word_1_780' title='bbox 1065 2833 1136 2855; x_wconf 88' lang='lat' dir='ltr'>nem</span> <span class='ocrx_word' id='word_1_781' title='bbox 1147 2821 1314 2870; x_wconf 88' lang='lat' dir='ltr'>aliquando</span> <span class='ocrx_word' id='word_1_782' title='bbox 1323 2822 1350 2855; x_wconf 89' lang='lat' dir='ltr'>ei</span> <span class='ocrx_word' id='word_1_783' title='bbox 1359 2821 1441 2855; x_wconf 92' lang='lat' dir='ltr'>libro</span> <span class='ocrx_word' id='word_1_784' title='bbox 1454 2819 1587 2867; x_wconf 79' lang='lat' dir='ltr'>inscripti</span> <span class='ocrx_word' id='word_1_785' title='bbox 1599 2819 1735 2860; x_wconf 84' lang='lat' dir='ltr'>fuerant3</span> <span class='ocrx_word' id='word_1_786' title='bbox 1749 2823 1817 2857; x_wconf 85' lang='lat' dir='ltr'>Ad-</span> 
     </span>
     <span class='ocr_line' id='line_1_120' title="bbox 1064 2867 1813 2918; baseline 0.001 -14"><span class='ocrx_word' id='word_1_787' title='bbox 1064 2868 1282 2910; x_wconf 82' lang='lat' dir='ltr'>versariorum,</span> <span class='ocrx_word' id='word_1_788' title='bbox 1301 2883 1381 2918; x_wconf 85' lang='lat' dir='ltr'>quos</span> <span class='ocrx_word' id='word_1_789' title='bbox 1395 2870 1477 2906; x_wconf 88' lang='lat' dir='ltr'>vidi,</span> <span class='ocrx_word' id='word_1_790' title='bbox 1494 2871 1584 2904; x_wconf 90' lang='lat' dir='ltr'>etiam</span> <span class='ocrx_word' id='word_1_791' title='bbox 1597 2867 1791 2905; x_wconf 76' lang='lat' dir='ltr'>absurdissimi</span> <span class='ocrx_word' id='word_1_792' title='bbox 1805 2897 1813 2909; x_wconf 94' lang='lat'>‚</span> 
     </span>
    </p>

    <p class='ocr_par' dir='ltr' id='par_1_11' title="bbox 1062 2918 1810 2967">
     <span class='ocr_line' id='line_1_121' title="bbox 1062 2918 1810 2967; baseline 0.001 -14"><span class='ocrx_word' id='word_1_793' title='bbox 1062 2918 1226 2967; x_wconf 88' lang='lat' dir='ltr'>postquam</span> <span class='ocrx_word' id='word_1_794' title='bbox 1239 2921 1270 2953; x_wconf 85' lang='lat' dir='ltr'>in</span> <span class='ocrx_word' id='word_1_795' title='bbox 1283 2920 1377 2954; x_wconf 89' lang='lat' dir='ltr'>multa</span> <span class='ocrx_word' id='word_1_796' title='bbox 1385 2918 1582 2966; x_wconf 85' lang='lat' dir='ltr'>hypothetica</span> <span class='ocrx_word' id='word_1_797' title='bbox 1594 2919 1724 2966; x_wconf 78' lang='lat' dir='ltr'>divagari</span> <span class='ocrx_word' id='word_1_798' title='bbox 1733 2918 1810 2961; x_wconf 87' lang='lat' dir='ltr'>sunt,</span> 
     </span>
    </p>

    <p class='ocr_par' dir='ltr' id='par_1_12' title="bbox 1060 2966 1810 3016">
     <span class='ocr_line' id='line_1_122' title="bbox 1060 2966 1810 3016; baseline 0.004 -15"><span class='ocrx_word' id='word_1_799' title='bbox 1060 2967 1181 3002; x_wconf 87' lang='lat' dir='ltr'>tandem</span> <span class='ocrx_word' id='word_1_800' title='bbox 1199 2979 1302 3002; x_wconf 87' lang='lat' dir='ltr'>tamen</span> <span class='ocrx_word' id='word_1_801' title='bbox 1315 2980 1424 3002; x_wconf 89' lang='lat' dir='ltr'>omnes</span> <span class='ocrx_word' id='word_1_802' title='bbox 1437 2966 1626 3002; x_wconf 81' lang='lat' dir='ltr'>concludunt</span> <span class='ocrx_word' id='word_1_803' title='bbox 1638 2969 1668 3001; x_wconf 94' lang='lat' dir='ltr'>in</span> <span class='ocrx_word' id='word_1_804' title='bbox 1682 2968 1810 3016; x_wconf 86' lang='lat' dir='ltr'>simplici</span> 
     </span>
    </p>

    <p class='ocr_par' dir='ltr' id='par_1_13' title="bbox 1059 3015 1808 3064">
     <span class='ocr_line' id='line_1_123' title="bbox 1059 3015 1808 3064; baseline 0.003 -13"><span class='ocrx_word' id='word_1_805' title='bbox 1059 3015 1235 3052; x_wconf 67' lang='lat' dir='ltr'>&amp;absoluta</span> <span class='ocrx_word' id='word_1_806' title='bbox 1245 3017 1598 3064; x_wconf 84' lang='lat' dir='ltr'>negatione,quenquam</span> <span class='ocrx_word' id='word_1_807' title='bbox 1609 3018 1662 3064; x_wconf 89' lang='lat' dir='ltr'>qui</span> <span class='ocrx_word' id='word_1_808' title='bbox 1671 3016 1761 3052; x_wconf 90' lang='lat' dir='ltr'>semel</span> <span class='ocrx_word' id='word_1_809' title='bbox 1773 3032 1808 3053; x_wconf 89' lang='lat' dir='ltr'>e-</span> 
     </span>
    </p>

    <p class='ocr_par' dir='ltr' id='par_1_14' title="bbox 1058 3065 1808 3115">
     <span class='ocr_line' id='line_1_124' title="bbox 1058 3065 1808 3115; baseline 0.003 -15"><span class='ocrx_word' id='word_1_810' title='bbox 1058 3066 1155 3100; x_wconf 70' lang='lat' dir='ltr'>leetus</span> <span class='ocrx_word' id='word_1_811' title='bbox 1168 3065 1229 3106; x_wconf 88' lang='lat' dir='ltr'>est,</span> <span class='ocrx_word' id='word_1_812' title='bbox 1243 3065 1326 3113; x_wconf 89' lang='lat' dir='ltr'>posse</span> <span class='ocrx_word' id='word_1_813' title='bbox 1339 3065 1512 3112; x_wconf 86' lang='lat' dir='ltr'>reprobari,</span> <span class='ocrx_word' id='word_1_814' title='bbox 1527 3077 1576 3100; x_wconf 88' lang='lat' dir='ltr'>aut</span> <span class='ocrx_word' id='word_1_815' title='bbox 1587 3067 1681 3101; x_wconf 90' lang='lat' dir='ltr'>ullum</span> <span class='ocrx_word' id='word_1_816' title='bbox 1694 3068 1808 3115; x_wconf 90' lang='lat' dir='ltr'>quiper</span> 
     </span>
    </p>
   </div>
   <div class='ocr_carea' id='block_1_6' title="bbox 276 3111 1808 3214">
    <p class='ocr_par' dir='ltr' id='par_1_15' title="bbox 276 3111 1808 3214">
     <span class='ocr_line' id='line_1_125' title="bbox 278 3111 1808 3165; baseline 0.007 -21"><span class='ocrx_word' id='word_1_817' title='bbox 278 3111 499 3159; x_wconf 80' lang='lat' dir='ltr'>quaestionibus</span> <span class='ocrx_word' id='word_1_818' title='bbox 513 3115 626 3147; x_wconf 90' lang='lat' dir='ltr'>ultimis</span> <span class='ocrx_word' id='word_1_819' title='bbox 639 3139 649 3153; x_wconf 90' lang='lat'>,</span> <span class='ocrx_word' id='word_1_820' title='bbox 675 3113 800 3152; x_wconf 59' lang='grc' dir='ltr'>α’μεῖέὲέαν</span> <span class='ocrx_word' id='word_1_821' title='bbox 813 3114 890 3150; x_wconf 87' lang='lat' dir='ltr'>hanc</span> <span class='ocrx_word' id='word_1_822' title='bbox 902 3126 1024 3162; x_wconf 85' lang='lat' dir='ltr'>praeter-</span> <span class='ocrx_word' id='word_1_823' title='bbox 1056 3116 1243 3151; x_wconf 69' lang='lat' dir='ltr'>electionem</span> <span class='ocrx_word' id='word_1_824' title='bbox 1254 3115 1335 3149; x_wconf 90' lang='lat' dir='ltr'>libro</span> <span class='ocrx_word' id='word_1_825' title='bbox 1348 3116 1414 3149; x_wconf 84' lang='lat' dir='ltr'>vitae</span> <span class='ocrx_word' id='word_1_826' title='bbox 1426 3113 1583 3161; x_wconf 89' lang='lat' dir='ltr'>inscriptus</span> <span class='ocrx_word' id='word_1_827' title='bbox 1596 3115 1653 3154; x_wconf 78' lang='lat' dir='ltr'>est,</span> <span class='ocrx_word' id='word_1_828' title='bbox 1667 3116 1808 3165; x_wconf 78' lang='lat' dir='ltr'>possein-</span> 
     </span>
     <span class='ocr_line' id='line_1_126' title="bbox 276 3159 1543 3214; baseline 0.003 -19"><span class='ocrx_word' id='word_1_829' title='bbox 276 3161 400 3196; x_wconf 86' lang='lat' dir='ltr'>mittens</span> <span class='ocrx_word' id='word_1_830' title='bbox 411 3159 605 3209; x_wconf 88' lang='lat' dir='ltr'>respondebo</span> <span class='ocrx_word' id='word_1_831' title='bbox 617 3163 654 3198; x_wconf 82' lang='lat' dir='ltr'>ad</span> <span class='ocrx_word' id='word_1_832' title='bbox 665 3175 710 3204; x_wconf 89' lang='lat' dir='ltr'>ea,</span> <span class='ocrx_word' id='word_1_833' title='bbox 724 3176 790 3211; x_wconf 89' lang='lat' dir='ltr'>quae</span> <span class='ocrx_word' id='word_1_834' title='bbox 799 3163 888 3200; x_wconf 84' lang='lat' dir='ltr'>affers</span> <span class='ocrx_word' id='word_1_835' title='bbox 900 3166 932 3200; x_wconf 90' lang='lat' dir='ltr'>in</span> <span class='ocrx_word' id='word_1_836' title='bbox 944 3165 1022 3201; x_wconf 88' lang='lat' dir='ltr'>cele·</span> <span class='ocrx_word' id='word_1_837' title='bbox 1058 3165 1095 3200; x_wconf 90' lang='lat' dir='ltr'>de</span> <span class='ocrx_word' id='word_1_838' title='bbox 1109 3177 1164 3214; x_wconf 87' lang='lat' dir='ltr'>per</span> <span class='ocrx_word' id='word_1_839' title='bbox 1176 3164 1427 3213; x_wconf 82' lang='lat' dir='ltr'>reprobationem</span> <span class='ocrx_word' id='word_1_840' title='bbox 1438 3163 1543 3200; x_wconf 86' lang='lat' dir='ltr'>deleri.</span> 
     </span>
    </p>
   </div>
   <div class='ocr_carea' id='block_1_7' title="bbox 1718 3216 1808 3249">
    <p class='ocr_par' dir='ltr' id='par_1_16' title="bbox 1718 3216 1808 3249">
     <span class='ocr_line' id='line_1_127' title="bbox 1718 3216 1808 3249; baseline 0 0"><span class='ocrx_word' id='word_1_841' title='bbox 1718 3216 1808 3249; x_wconf 89' lang='lat' dir='ltr'>Dum</span> 
     </span>
    </p>
   </div>
  </div>
 </body>
</html>
