<?xml version="1.0" encoding="UTF-8"?>
<!DOCTYPE html PUBLIC "-//W3C//DTD XHTML 1.0 Transitional//EN"
    "http://www.w3.org/TR/xhtml1/DTD/xhtml1-transitional.dtd">
<html xmlns="http://www.w3.org/1999/xhtml" xml:lang="en" lang="en">
 <head>
  <title>
</title>
<meta http-equiv="Content-Type" content="text/html;charset=utf-8" />
  <meta name='ocr-system' content='tesseract 3.04.00' />
  <meta name='ocr-capabilities' content='ocr_page ocr_carea ocr_par ocr_line ocrx_word'/>
</head>
<body>
  <div class='ocr_page' id='page_1' title='image "./operishistoricie00bail_0292.png"; bbox 0 0 2048 3343; ppageno 0'>
   <div class='ocr_carea' id='block_1_1' title="bbox 139 1614 279 1845">
    <p class='ocr_par' dir='ltr' id='par_1_1' title="bbox 139 1614 279 1845">
     <span class='ocr_line' id='line_1_1' title="bbox 139 1614 232 1641; baseline -0.011 0"><span class='ocrx_word' id='word_1_1' title='bbox 139 1614 232 1641; x_wconf 75' lang='lat' dir='ltr'>comm</span> 
     </span>
     <span class='ocr_line' id='line_1_2' title="bbox 140 1653 261 1684; baseline -0.017 -2"><span class='ocrx_word' id='word_1_2' title='bbox 140 1653 217 1682; x_wconf 73' lang='lat' dir='ltr'>Medi</span> <span class='ocrx_word' id='word_1_3' title='bbox 227 1661 261 1684; x_wconf 70' lang='grc' dir='ltr'>Φ·</span> 
     </span>
     <span class='ocr_line' id='line_1_3' title="bbox 142 1696 244 1724; baseline -0.029 0"><span class='ocrx_word' id='word_1_4' title='bbox 142 1696 244 1724; x_wconf 70' lang='lat' dir='ltr'>Pera-vii</span> 
     </span>
     <span class='ocr_line' id='line_1_4' title="bbox 139 1737 244 1770; baseline -0.019 -7"><span class='ocrx_word' id='word_1_5' title='bbox 139 1737 244 1770; x_wconf 63' lang='lat' dir='ltr'>infiden-</span> 
     </span>
     <span class='ocr_line' id='line_1_5' title="bbox 139 1779 279 1815; baseline 0.014 -12"><span class='ocrx_word' id='word_1_6' title='bbox 139 1779 201 1804; x_wconf 57' lang='lat' dir='ltr'>tium</span> <span class='ocrx_word' id='word_1_7' title='bbox 208 1785 279 1815; x_wconf 76' lang='lat' dir='ltr'>argu·</span> 
     </span>
     <span class='ocr_line' id='line_1_6' title="bbox 141 1826 229 1845; baseline 0 -1"><span class='ocrx_word' id='word_1_8' title='bbox 141 1826 229 1845; x_wconf 73' lang='lat' dir='ltr'>wenta.</span> 
     </span>
    </p>
   </div>
   <div class='ocr_carea' id='block_1_2' title="bbox 291 140 940 181">
    <p class='ocr_par' dir='ltr' id='par_1_2' title="bbox 291 140 940 181">
     <span class='ocr_line' id='line_1_7' title="bbox 291 140 940 181; baseline -0.008 -2"><span class='ocrx_word' id='word_1_9' title='bbox 291 150 367 181; x_wconf 75' lang='lat'>262</span> <span class='ocrx_word' id='word_1_10' title='bbox 624 140 940 178; x_wconf 70' lang='lat' dir='ltr'>Ori-:ttts</span> 
     </span>
    </p>
   </div>
   <div class='ocr_carea' id='block_1_3' title="bbox 291 206 1055 3264">
    <p class='ocr_par' dir='ltr' id='par_1_3' title="bbox 294 206 1048 348">
     <span class='ocr_line' id='line_1_8' title="bbox 294 206 1045 258; baseline -0.011 -11"><span class='ocrx_word' id='word_1_11' title='bbox 294 216 419 258; x_wconf 86' lang='lat' dir='ltr'>tionem</span> <span class='ocrx_word' id='word_1_12' title='bbox 433 211 539 246; x_wconf 68' lang='lat' dir='ltr'>cult-:15</span> <span class='ocrx_word' id='word_1_13' title='bbox 552 209 668 244; x_wconf 89' lang='lat' dir='ltr'>Divini</span> <span class='ocrx_word' id='word_1_14' title='bbox 681 234 691 249; x_wconf 94' lang='lat'>‚</span> <span class='ocrx_word' id='word_1_15' title='bbox 719 212 753 243; x_wconf 90' lang='lat'>&amp;</span> <span class='ocrx_word' id='word_1_16' title='bbox 766 208 886 243; x_wconf 64' lang='lat' dir='ltr'>erectio</span> <span class='ocrx_word' id='word_1_17' title='bbox 899 217 954 253; x_wconf 88' lang='lat' dir='ltr'>per</span> <span class='ocrx_word' id='word_1_18' title='bbox 964 206 1045 240; x_wconf 83' lang='lat' dir='ltr'>bor-</span> 
     </span>
     <span class='ocr_line' id='line_1_9' title="bbox 294 256 1048 298; baseline -0.011 -1"><span class='ocrx_word' id='word_1_19' title='bbox 294 259 507 298; x_wconf 81' lang='lat' dir='ltr'>ribiliffimam</span> <span class='ocrx_word' id='word_1_20' title='bbox 541 259 764 295; x_wconf 77' lang='lat' dir='ltr'>Idololatriam</span> <span class='ocrx_word' id='word_1_21' title='bbox 793 256 1048 291; x_wconf 81' lang='lat' dir='ltr'>abominationis</span> 
     </span>
     <span class='ocr_line' id='line_1_10' title="bbox 296 311 479 348; baseline -0.027 0"><span class='ocrx_word' id='word_1_22' title='bbox 296 311 479 348; x_wconf 87' lang='lat' dir='ltr'>desolantis.</span> 
     </span>
    </p>

    <p class='ocr_par' dir='ltr' id='par_1_4' title="bbox 296 355 1054 856">
     <span class='ocr_line' id='line_1_11' title="bbox 346 355 1049 403; baseline -0.011 -7"><span class='ocrx_word' id='word_1_23' title='bbox 346 358 510 396; x_wconf 74' lang='lat' dir='ltr'>Secundo.</span> <span class='ocrx_word' id='word_1_24' title='bbox 536 361 624 394; x_wconf 80' lang='lat' dir='ltr'>Inter</span> <span class='ocrx_word' id='word_1_25' title='bbox 634 356 732 392; x_wconf 84' lang='lat' dir='ltr'>finem</span> <span class='ocrx_word' id='word_1_26' title='bbox 747 355 873 391; x_wconf 89' lang='lat' dir='ltr'>numeri</span> <span class='ocrx_word' id='word_1_27' title='bbox 891 355 1006 403; x_wconf 82' lang='lat' dir='ltr'>prioris</span> <span class='ocrx_word' id='word_1_28' title='bbox 1018 356 1049 387; x_wconf 86' lang='lat'>&amp;</span> 
     </span>
     <span class='ocr_line' id='line_1_12' title="bbox 296 401 1052 460; baseline -0.011 -16"><span class='ocrx_word' id='word_1_29' title='bbox 296 410 485 460; x_wconf 77' lang='lat' dir='ltr'>posterioris</span> <span class='ocrx_word' id='word_1_30' title='bbox 496 420 623 444; x_wconf 85' lang='lat' dir='ltr'>tantum</span> <span class='ocrx_word' id='word_1_31' title='bbox 637 407 698 442; x_wconf 88' lang='lat' dir='ltr'>fuit</span> <span class='ocrx_word' id='word_1_32' title='bbox 710 403 933 445; x_wconf 83' lang='lat' dir='ltr'>intervallum,</span> <span class='ocrx_word' id='word_1_33' title='bbox 945 401 1052 449; x_wconf 26' lang='lat' dir='ltr'>ut&#39;dif-</span> 
     </span>
     <span class='ocr_line' id='line_1_13' title="bbox 299 451 1052 507; baseline -0.012 -12"><span class='ocrx_word' id='word_1_34' title='bbox 299 459 427 495; x_wconf 87' lang='lat' dir='ltr'>ficulter</span> <span class='ocrx_word' id='word_1_35' title='bbox 439 461 495 507; x_wconf 89' lang='lat' dir='ltr'>qui</span> <span class='ocrx_word' id='word_1_36' title='bbox 511 458 664 494; x_wconf 81' lang='lat' dir='ltr'>vivebant</span> <span class='ocrx_word' id='word_1_37' title='bbox 684 458 717 491; x_wconf 91' lang='lat' dir='ltr'>in</span> <span class='ocrx_word' id='word_1_38' title='bbox 734 457 792 490; x_wconf 86' lang='lat' dir='ltr'>illo</span> <span class='ocrx_word' id='word_1_39' title='bbox 803 455 841 489; x_wconf 89' lang='lat' dir='ltr'>ad</span> <span class='ocrx_word' id='word_1_40' title='bbox 853 453 939 489; x_wconf 88' lang='lat' dir='ltr'>hunc</span> <span class='ocrx_word' id='word_1_41' title='bbox 954 451 1052 487; x_wconf 86' lang='lat' dir='ltr'>essent</span> 
     </span>
     <span class='ocr_line' id='line_1_14' title="bbox 299 501 1053 559; baseline -0.016 -14"><span class='ocrx_word' id='word_1_42' title='bbox 299 504 495 559; x_wconf 86' lang='lat' dir='ltr'>superfuturi</span> <span class='ocrx_word' id='word_1_43' title='bbox 513 523 524 542; x_wconf 67' lang='grc' dir='ltr'><strong>ι</strong></span> <span class='ocrx_word' id='word_1_44' title='bbox 551 504 773 555; x_wconf 77' lang='lat' dir='ltr'>Atquimulto</span> <span class='ocrx_word' id='word_1_45' title='bbox 788 503 978 539; x_wconf 88' lang='lat' dir='ltr'>facillimum</span> <span class='ocrx_word' id='word_1_46' title='bbox 992 501 1053 534; x_wconf 88' lang='lat' dir='ltr'>fuit</span> 
     </span>
     <span class='ocr_line' id='line_1_15' title="bbox 299 551 1052 607; baseline -0.019 -13"><span class='ocrx_word' id='word_1_47' title='bbox 299 561 338 607; x_wconf 79' lang='lat' dir='ltr'>ad</span> <span class='ocrx_word' id='word_1_48' title='bbox 364 559 432 594; x_wconf 87' lang='lat' dir='ltr'>dies</span> <span class='ocrx_word' id='word_1_49' title='bbox 459 557 671 606; x_wconf 82' lang='lat' dir='ltr'>quadraginta</span> <span class='ocrx_word' id='word_1_50' title='bbox 697 556 842 603; x_wconf 85' lang='lat' dir='ltr'>quinque</span> <span class='ocrx_word' id='word_1_51' title='bbox 878 551 1052 597; x_wconf 85' lang='lat' dir='ltr'>perdurare.</span> 
     </span>
     <span class='ocr_line' id='line_1_16' title="bbox 297 597 1054 657; baseline -0.02 -13"><span class='ocrx_word' id='word_1_52' title='bbox 297 609 396 657; x_wconf 84' lang='lat' dir='ltr'>Resp.</span> <span class='ocrx_word' id='word_1_53' title='bbox 421 607 460 642; x_wconf 87' lang='lat' dir='ltr'>ad</span> <span class='ocrx_word' id='word_1_54' title='bbox 479 609 643 653; x_wconf 86' lang='lat' dir='ltr'>Majorem</span> <span class='ocrx_word' id='word_1_55' title='bbox 662 632 672 645; x_wconf 78' lang='grc'>,</span> <span class='ocrx_word' id='word_1_56' title='bbox 701 603 783 638; x_wconf 88' lang='lat' dir='ltr'>nihil</span> <span class='ocrx_word' id='word_1_57' title='bbox 800 602 940 634; x_wconf 87' lang='lat' dir='ltr'>omnino</span> <span class='ocrx_word' id='word_1_58' title='bbox 959 597 1054 631; x_wconf 84' lang='lat' dir='ltr'>habet</span> 
     </span>
     <span class='ocr_line' id='line_1_17' title="bbox 297 645 1053 706; baseline -0.019 -12"><span class='ocrx_word' id='word_1_59' title='bbox 297 657 461 706; x_wconf 77' lang='lat' dir='ltr'>Propheta</span> <span class='ocrx_word' id='word_1_60' title='bbox 472 656 562 705; x_wconf 89' lang='lat' dir='ltr'>quod</span> <span class='ocrx_word' id='word_1_61' title='bbox 575 656 694 690; x_wconf 87' lang='lat' dir='ltr'>minuit</span> <span class='ocrx_word' id='word_1_62' title='bbox 711 649 933 695; x_wconf 80' lang='lat' dir='ltr'>difficultatem</span> <span class='ocrx_word' id='word_1_63' title='bbox 953 645 1053 694; x_wconf 88' lang='lat' dir='ltr'>perse-</span> 
     </span>
     <span class='ocr_line' id='line_1_18' title="bbox 298 695 1052 752; baseline -0.019 -11"><span class='ocrx_word' id='word_1_64' title='bbox 298 707 430 743; x_wconf 86' lang='lat' dir='ltr'>verandi</span> <span class='ocrx_word' id='word_1_65' title='bbox 450 705 468 741; x_wconf 77' lang='grc' dir='ltr'>ὲ</span> <span class='ocrx_word' id='word_1_66' title='bbox 487 705 553 741; x_wconf 83' lang='lat' dir='ltr'>fine</span> <span class='ocrx_word' id='word_1_67' title='bbox 564 704 679 752; x_wconf 87' lang='lat' dir='ltr'>prioris</span> <span class='ocrx_word' id='word_1_68' title='bbox 692 698 818 734; x_wconf 89' lang='lat' dir='ltr'>numeri</span> <span class='ocrx_word' id='word_1_69' title='bbox 830 695 870 731; x_wconf 85' lang='lat' dir='ltr'>ad</span> <span class='ocrx_word' id='word_1_70' title='bbox 883 696 982 732; x_wconf 82' lang='lat' dir='ltr'>finem</span> <span class='ocrx_word' id='word_1_71' title='bbox 995 709 1052 743; x_wconf 90' lang='lat' dir='ltr'>po-</span> 
     </span>
     <span class='ocr_line' id='line_1_19' title="bbox 297 744 1050 795; baseline -0.019 -2"><span class='ocrx_word' id='word_1_72' title='bbox 297 758 458 795; x_wconf 86' lang='lat' dir='ltr'>sterioris,</span> <span class='ocrx_word' id='word_1_73' title='bbox 483 755 594 789; x_wconf 73' lang='lat' dir='ltr'>Huitus</span> <span class='ocrx_word' id='word_1_74' title='bbox 614 751 676 786; x_wconf 88' lang='lat' dir='ltr'>hoc</span> <span class='ocrx_word' id='word_1_75' title='bbox 689 747 746 783; x_wconf 83' lang='lat' dir='ltr'>fibi</span> <span class='ocrx_word' id='word_1_76' title='bbox 758 747 853 782; x_wconf 86' lang='lat' dir='ltr'>sumit</span> <span class='ocrx_word' id='word_1_77' title='bbox 872 744 937 782; x_wconf 83' lang='lat' dir='ltr'>sine</span> <span class='ocrx_word' id='word_1_78' title='bbox 957 747 1050 780; x_wconf 87' lang='lat' dir='ltr'>omni</span> 
     </span>
     <span class='ocr_line' id='line_1_20' title="bbox 298 806 503 856; baseline -0.029 -13"><span class='ocrx_word' id='word_1_79' title='bbox 298 806 503 856; x_wconf 80' lang='lat' dir='ltr'>probatione.</span> 
     </span>
    </p>

    <p class='ocr_par' dir='ltr' id='par_1_5' title="bbox 293 844 1055 1595">
     <span class='ocr_line' id='line_1_21' title="bbox 345 844 1051 890; baseline -0.018 0"><span class='ocrx_word' id='word_1_80' title='bbox 345 851 474 890; x_wconf 72' lang='lat' dir='ltr'>Tertio.</span> <span class='ocrx_word' id='word_1_81' title='bbox 499 855 535 885; x_wconf 90' lang='lat' dir='ltr'>In</span> <span class='ocrx_word' id='word_1_82' title='bbox 553 844 618 883; x_wconf 78' lang='lat' dir='ltr'>fine</span> <span class='ocrx_word' id='word_1_83' title='bbox 639 844 764 883; x_wconf 87' lang='lat' dir='ltr'>numeri</span> <span class='ocrx_word' id='word_1_84' title='bbox 808 844 971 881; x_wconf 88' lang='lat' dir='ltr'>osterioris</span> <span class='ocrx_word' id='word_1_85' title='bbox 981 854 1051 877; x_wconf 84' lang='lat' dir='ltr'>ma-</span> 
     </span>
     <span class='ocr_line' id='line_1_22' title="bbox 296 859 1053 953; baseline -0.02 -14"><span class='ocrx_word' id='word_1_86' title='bbox 296 918 361 953; x_wconf 79' lang='lat' dir='ltr'>gna</span> <span class='ocrx_word' id='word_1_87' title='bbox 374 908 404 938; x_wconf 73' lang='grc' dir='ltr'>δι</span> <span class='ocrx_word' id='word_1_88' title='bbox 417 900 617 948; x_wconf 65' lang='grc' dir='ltr'>ἰηεκρεᾶειῐε</span> <span class='ocrx_word' id='word_1_89' title='bbox 630 897 766 933; x_wconf 82' lang='lat' dir='ltr'>felicitas</span> <span class='ocrx_word' id='word_1_90' title='bbox 779 859 895 944; x_wconf 58' lang='lat' dir='ltr'>fudaeis</span> <span class='ocrx_word' id='word_1_91' title='bbox 911 895 1053 942; x_wconf 87' lang='lat' dir='ltr'>promit-</span> 
     </span>
     <span class='ocr_line' id='line_1_23' title="bbox 297 941 1052 998; baseline -0.017 -10"><span class='ocrx_word' id='word_1_92' title='bbox 297 957 378 988; x_wconf 83' lang='lat' dir='ltr'>titur</span> <span class='ocrx_word' id='word_1_93' title='bbox 402 965 410 985; x_wconf 88' lang='lat'>:</span> <span class='ocrx_word' id='word_1_94' title='bbox 444 951 550 998; x_wconf 86' lang='lat' dir='ltr'><strong>Atqui</strong></span> <span class='ocrx_word' id='word_1_95' title='bbox 571 959 706 983; x_wconf 91' lang='lat' dir='ltr'>mortuo</span> <span class='ocrx_word' id='word_1_96' title='bbox 727 943 879 981; x_wconf 81' lang='lat' dir='ltr'><em>Antiocho</em></span> <span class='ocrx_word' id='word_1_97' title='bbox 903 941 1052 992; x_wconf 78' lang='lat' dir='ltr'>Epiphane</span> 
     </span>
     <span class='ocr_line' id='line_1_24' title="bbox 299 990 1052 1049; baseline -0.019 -11"><span class='ocrx_word' id='word_1_98' title='bbox 299 1004 387 1038; x_wconf 85' lang='lat' dir='ltr'>nulla</span> <span class='ocrx_word' id='word_1_99' title='bbox 398 999 652 1049; x_wconf 69' lang='lat' dir='ltr'>fuitjudaeorum</span> <span class='ocrx_word' id='word_1_100' title='bbox 664 996 811 1032; x_wconf 77' lang='lat' dir='ltr'>felicitas.</span> <span class='ocrx_word' id='word_1_101' title='bbox 837 990 935 1040; x_wconf 85' lang='lat' dir='ltr'>Resp.</span> <span class='ocrx_word' id='word_1_102' title='bbox 949 993 1052 1027; x_wconf 84' lang='lat' dir='ltr'>Maxi-</span> 
     </span>
     <span class='ocr_line' id='line_1_25' title="bbox 299 1043 1051 1100; baseline -0.017 -14"><span class='ocrx_word' id='word_1_103' title='bbox 299 1055 344 1086; x_wconf 86' lang='lat' dir='ltr'>mi</span> <span class='ocrx_word' id='word_1_104' title='bbox 356 1051 474 1100; x_wconf 84' lang='lat' dir='ltr'>Judaeis</span> <span class='ocrx_word' id='word_1_105' title='bbox 486 1045 636 1084; x_wconf 83' lang='lat' dir='ltr'>beneficii</span> <span class='ocrx_word' id='word_1_106' title='bbox 649 1051 680 1082; x_wconf 90' lang='lat'>&amp;</span> <span class='ocrx_word' id='word_1_107' title='bbox 691 1045 815 1093; x_wconf 84' lang='lat' dir='ltr'>insigne</span> <span class='ocrx_word' id='word_1_108' title='bbox 833 1043 944 1092; x_wconf 86' lang='lat' dir='ltr'>gaudii</span> <span class='ocrx_word' id='word_1_109' title='bbox 957 1053 1051 1089; x_wconf 80' lang='lat' dir='ltr'>argu-</span> 
     </span>
     <span class='ocr_line' id='line_1_26' title="bbox 296 1090 1053 1146; baseline -0.017 -9"><span class='ocrx_word' id='word_1_110' title='bbox 296 1112 446 1137; x_wconf 85' lang='lat' dir='ltr'>mentum</span> <span class='ocrx_word' id='word_1_111' title='bbox 460 1094 687 1146; x_wconf 74' lang='lat' dir='ltr'>fuitEpiphanis</span> <span class='ocrx_word' id='word_1_112' title='bbox 698 1094 924 1134; x_wconf 79' lang='lat' dir='ltr'>mors,[&#39;cilicet</span> <span class='ocrx_word' id='word_1_113' title='bbox 938 1090 1053 1126; x_wconf 89' lang='lat' dir='ltr'>summi</span> 
     </span>
     <span class='ocr_line' id='line_1_27' title="bbox 297 1141 1054 1196; baseline -0.016 -10"><span class='ocrx_word' id='word_1_114' title='bbox 297 1156 334 1186; x_wconf 83' lang='lat'>&amp;</span> <span class='ocrx_word' id='word_1_115' title='bbox 357 1146 588 1187; x_wconf 76' lang='lat' dir='ltr'>crudelissimi,</span> <span class='ocrx_word' id='word_1_116' title='bbox 607 1148 663 1196; x_wconf 88' lang='lat' dir='ltr'>qui</span> <span class='ocrx_word' id='word_1_117' title='bbox 681 1146 719 1180; x_wconf 89' lang='lat' dir='ltr'>ad</span> <span class='ocrx_word' id='word_1_118' title='bbox 736 1157 810 1179; x_wconf 90' lang='lat' dir='ltr'>eum</span> <span class='ocrx_word' id='word_1_119' title='bbox 827 1143 914 1178; x_wconf 90' lang='lat' dir='ltr'>diem</span> <span class='ocrx_word' id='word_1_120' title='bbox 924 1141 1054 1188; x_wconf 84' lang='lat' dir='ltr'>Judaeos</span> 
     </span>
     <span class='ocr_line' id='line_1_28' title="bbox 296 1188 1054 1244; baseline -0.018 -7"><span class='ocrx_word' id='word_1_121' title='bbox 296 1196 432 1237; x_wconf 64' lang='lat' dir='ltr'>vexasset</span> <span class='ocrx_word' id='word_1_122' title='bbox 445 1222 455 1235; x_wconf 86' lang='lat'><em>‚</em></span> <span class='ocrx_word' id='word_1_123' title='bbox 472 1197 600 1244; x_wconf 84' lang='lat' dir='ltr'>tyranni</span> <span class='ocrx_word' id='word_1_124' title='bbox 622 1210 630 1227; x_wconf 93' lang='lat'><strong>:</strong></span> <span class='ocrx_word' id='word_1_125' title='bbox 661 1194 753 1230; x_wconf 71' lang='lat' dir='ltr'>fraffi</span> <span class='ocrx_word' id='word_1_126' title='bbox 774 1192 907 1242; x_wconf 86' lang='lat' dir='ltr'>quidem</span> <span class='ocrx_word' id='word_1_127' title='bbox 926 1202 1019 1225; x_wconf 85' lang='lat' dir='ltr'>antea</span> <span class='ocrx_word' id='word_1_128' title='bbox 1038 1188 1054 1222; x_wconf 68' lang='lat' dir='ltr'>a</span> 
     </span>
     <span class='ocr_line' id='line_1_29' title="bbox 298 1240 1053 1291; baseline -0.017 -5"><span class='ocrx_word' id='word_1_129' title='bbox 298 1247 466 1286; x_wconf 72' lang='lat' dir='ltr'>Maccabaeo</span> <span class='ocrx_word' id='word_1_130' title='bbox 477 1247 608 1282; x_wconf 88' lang='lat' dir='ltr'>fuerunt</span> <span class='ocrx_word' id='word_1_131' title='bbox 619 1249 687 1291; x_wconf 85' lang='lat' dir='ltr'>ejus</span> <span class='ocrx_word' id='word_1_132' title='bbox 697 1245 857 1279; x_wconf 85' lang='lat' dir='ltr'>exercitus</span> <span class='ocrx_word' id='word_1_133' title='bbox 869 1258 881 1286; x_wconf 84' lang='lat'>·,</span> <span class='ocrx_word' id='word_1_134' title='bbox 906 1240 959 1276; x_wconf 86' lang='lat' dir='ltr'>scd</span> <span class='ocrx_word' id='word_1_135' title='bbox 968 1251 1053 1288; x_wconf 85' lang='lat' dir='ltr'>quos</span> 
     </span>
     <span class='ocr_line' id='line_1_30' title="bbox 294 1293 1052 1344; baseline -0.013 -11"><span class='ocrx_word' id='word_1_136' title='bbox 294 1298 390 1335; x_wconf 73' lang='lat' dir='ltr'>facile</span> <span class='ocrx_word' id='word_1_137' title='bbox 405 1308 559 1344; x_wconf 87' lang='lat' dir='ltr'>tyrannus</span> <span class='ocrx_word' id='word_1_138' title='bbox 570 1319 579 1332; x_wconf 89' lang='lat'>‚</span> <span class='ocrx_word' id='word_1_139' title='bbox 599 1294 619 1328; x_wconf 83' lang='lat' dir='ltr'>s·</span> <span class='ocrx_word' id='word_1_140' title='bbox 634 1297 697 1330; x_wconf 88' lang='lat' dir='ltr'>vita</span> <span class='ocrx_word' id='word_1_141' title='bbox 708 1298 740 1328; x_wconf 90' lang='lat'>&amp;</span> <span class='ocrx_word' id='word_1_142' title='bbox 757 1293 909 1327; x_wconf 88' lang='lat' dir='ltr'>valetudo</span> <span class='ocrx_word' id='word_1_143' title='bbox 924 1301 1052 1325; x_wconf 90' lang='lat' dir='ltr'>reman-</span> 
     </span>
     <span class='ocr_line' id='line_1_31' title="bbox 293 1341 1052 1389; baseline -0.016 -6"><span class='ocrx_word' id='word_1_144' title='bbox 293 1346 420 1388; x_wconf 78' lang='lat' dir='ltr'>sissent,</span> <span class='ocrx_word' id='word_1_145' title='bbox 440 1349 473 1380; x_wconf 92' lang='lat' dir='ltr'>in</span> <span class='ocrx_word' id='word_1_146' title='bbox 495 1344 585 1380; x_wconf 83' lang='lat' dir='ltr'>vasto</span> <span class='ocrx_word' id='word_1_147' title='bbox 607 1341 664 1378; x_wconf 88' lang='lat' dir='ltr'>suo</span> <span class='ocrx_word' id='word_1_148' title='bbox 684 1344 824 1389; x_wconf 89' lang='lat' dir='ltr'>Imperio</span> <span class='ocrx_word' id='word_1_149' title='bbox 835 1352 974 1388; x_wconf 78' lang='lat' dir='ltr'>reparare</span> <span class='ocrx_word' id='word_1_150' title='bbox 993 1350 1052 1385; x_wconf 82' lang='lat' dir='ltr'>po—</span> 
     </span>
     <span class='ocr_line' id='line_1_32' title="bbox 294 1390 1055 1441; baseline -0.014 -9"><span class='ocrx_word' id='word_1_151' title='bbox 294 1396 401 1432; x_wconf 77' lang='lat' dir='ltr'>ruisset</span> <span class='ocrx_word' id='word_1_152' title='bbox 420 1410 428 1431; x_wconf 76' lang='grc' dir='ltr'><strong>ε</strong></span> <span class='ocrx_word' id='word_1_153' title='bbox 453 1394 497 1429; x_wconf 87' lang='lat' dir='ltr'>sat</span> <span class='ocrx_word' id='word_1_154' title='bbox 516 1396 613 1441; x_wconf 67' lang='lat' dir='ltr'>etiam</span> <span class='ocrx_word' id='word_1_155' title='bbox 631 1393 740 1429; x_wconf 74' lang='lat' dir='ltr'>multa:</span> <span class='ocrx_word' id='word_1_156' title='bbox 760 1390 830 1439; x_wconf 86' lang='lat' dir='ltr'>post</span> <span class='ocrx_word' id='word_1_157' title='bbox 850 1403 885 1425; x_wconf 86' lang='lat' dir='ltr'>ea</span> <span class='ocrx_word' id='word_1_158' title='bbox 906 1401 1055 1436; x_wconf 88' lang='lat' dir='ltr'>tempora</span> 
     </span>
     <span class='ocr_line' id='line_1_33' title="bbox 296 1439 1054 1492; baseline -0.015 -10"><span class='ocrx_word' id='word_1_159' title='bbox 296 1446 428 1482; x_wconf 88' lang='lat' dir='ltr'>fuerunt</span> <span class='ocrx_word' id='word_1_160' title='bbox 439 1443 625 1492; x_wconf 86' lang='lat' dir='ltr'>Judaeorum</span> <span class='ocrx_word' id='word_1_161' title='bbox 638 1442 834 1478; x_wconf 87' lang='lat' dir='ltr'>calamitates</span> <span class='ocrx_word' id='word_1_162' title='bbox 846 1453 855 1479; x_wconf 92' lang='lat'>;</span> <span class='ocrx_word' id='word_1_163' title='bbox 879 1439 932 1473; x_wconf 90' lang='lat' dir='ltr'>sed</span> <span class='ocrx_word' id='word_1_164' title='bbox 944 1448 1054 1472; x_wconf 87' lang='lat' dir='ltr'>tamen</span> 
     </span>
     <span class='ocr_line' id='line_1_34' title="bbox 298 1485 1054 1544; baseline -0.015 -13"><span class='ocrx_word' id='word_1_165' title='bbox 298 1510 356 1544; x_wconf 87' lang='lat' dir='ltr'>per</span> <span class='ocrx_word' id='word_1_166' title='bbox 368 1497 493 1543; x_wconf 85' lang='lat' dir='ltr'>aliquot</span> <span class='ocrx_word' id='word_1_167' title='bbox 504 1493 608 1529; x_wconf 84' lang='lat' dir='ltr'>secula</span> <span class='ocrx_word' id='word_1_168' title='bbox 627 1491 711 1527; x_wconf 88' lang='lat' dir='ltr'>nihil</span> <span class='ocrx_word' id='word_1_169' title='bbox 732 1492 770 1526; x_wconf 88' lang='lat' dir='ltr'>iis</span> <span class='ocrx_word' id='word_1_170' title='bbox 787 1489 905 1525; x_wconf 87' lang='lat' dir='ltr'>accidit</span> <span class='ocrx_word' id='word_1_171' title='bbox 921 1487 959 1522; x_wconf 93' lang='lat' dir='ltr'>ad</span> <span class='ocrx_word' id='word_1_172' title='bbox 978 1485 1054 1535; x_wconf 68' lang='lat' dir='ltr'>Epi-</span> 
     </span>
     <span class='ocr_line' id='line_1_35' title="bbox 294 1539 956 1595; baseline -0.012 -15"><span class='ocrx_word' id='word_1_173' title='bbox 294 1543 400 1595; x_wconf 76' lang='lat' dir='ltr'>phanis</span> <span class='ocrx_word' id='word_1_174' title='bbox 412 1544 673 1592; x_wconf 79' lang='lat' dir='ltr'>persecutionem</span> <span class='ocrx_word' id='word_1_175' title='bbox 685 1539 956 1588; x_wconf 79' lang='lat' dir='ltr'>aequiparandum.</span> 
     </span>
    </p>

    <p class='ocr_par' dir='ltr' id='par_1_6' title="bbox 291 1584 1055 3264">
     <span class='ocr_line' id='line_1_36' title="bbox 353 1584 1055 1637; baseline -0.013 -8"><span class='ocrx_word' id='word_1_176' title='bbox 353 1592 475 1629; x_wconf 76' lang='lat' dir='ltr'>Verum</span> <span class='ocrx_word' id='word_1_177' title='bbox 493 1594 639 1627; x_wconf 84' lang='lat' dir='ltr'>maximo</span> <span class='ocrx_word' id='word_1_178' title='bbox 650 1590 801 1625; x_wconf 88' lang='lat' dir='ltr'>omnium</span> <span class='ocrx_word' id='word_1_179' title='bbox 820 1584 1055 1637; x_wconf 85' lang='lat' dir='ltr'>impetuinsur-</span> 
     </span>
     <span class='ocr_line' id='line_1_37' title="bbox 298 1638 1055 1692; baseline -0.012 -14"><span class='ocrx_word' id='word_1_180' title='bbox 298 1644 347 1692; x_wconf 82' lang='lat' dir='ltr'>git</span> <span class='ocrx_word' id='word_1_181' title='bbox 362 1643 473 1679; x_wconf 80' lang='lat' dir='ltr'>Medus</span> <span class='ocrx_word' id='word_1_182' title='bbox 492 1653 608 1677; x_wconf 90' lang='lat' dir='ltr'>contra</span> <span class='ocrx_word' id='word_1_183' title='bbox 629 1639 770 1675; x_wconf 81' lang='lat' dir='ltr'>nostram</span> <span class='ocrx_word' id='word_1_184' title='bbox 793 1638 915 1673; x_wconf 84' lang='lat' dir='ltr'>hancce</span> <span class='ocrx_word' id='word_1_185' title='bbox 934 1638 1055 1671; x_wconf 87' lang='lat' dir='ltr'>senten-</span> 
     </span>
     <span class='ocr_line' id='line_1_38' title="bbox 300 1684 1054 1740; baseline -0.013 -11"><span class='ocrx_word' id='word_1_186' title='bbox 300 1697 399 1735; x_wconf 81' lang='lat' dir='ltr'>tiam3</span> <span class='ocrx_word' id='word_1_187' title='bbox 421 1692 461 1728; x_wconf 79' lang='lat' dir='ltr'>sic</span> <span class='ocrx_word' id='word_1_188' title='bbox 472 1693 524 1727; x_wconf 88' lang='lat' dir='ltr'>ille</span> <span class='ocrx_word' id='word_1_189' title='bbox 536 1691 654 1740; x_wconf 68' lang='lat' dir='ltr'>magnii</span> <span class='ocrx_word' id='word_1_190' title='bbox 667 1702 741 1725; x_wconf 92' lang='lat' dir='ltr'>cum</span> <span class='ocrx_word' id='word_1_191' title='bbox 753 1684 871 1723; x_wconf 64' lang='lat' dir='ltr'>fiducia</span> <span class='ocrx_word' id='word_1_192' title='bbox 881 1698 1054 1734; x_wconf 83' lang='lat' dir='ltr'>argumen-</span> 
     </span>
     <span class='ocr_line' id='line_1_39' title="bbox 299 1735 1055 1789; baseline -0.015 -11"><span class='ocrx_word' id='word_1_193' title='bbox 299 1755 392 1778; x_wconf 80' lang='lat' dir='ltr'>tatur.</span> <span class='ocrx_word' id='word_1_194' title='bbox 420 1745 451 1777; x_wconf 91' lang='lat' dir='ltr'>A</span> <span class='ocrx_word' id='word_1_195' title='bbox 472 1743 670 1789; x_wconf 78' lang='lat' dir='ltr'>purgatione</span> <span class='ocrx_word' id='word_1_196' title='bbox 681 1739 797 1787; x_wconf 86' lang='lat' dir='ltr'>templi</span> <span class='ocrx_word' id='word_1_197' title='bbox 810 1752 826 1773; x_wconf 86' lang='lat'>2</span> <span class='ocrx_word' id='word_1_198' title='bbox 836 1748 849 1784; x_wconf 86' lang='lat'>5</span> <span class='ocrx_word' id='word_1_199' title='bbox 859 1762 867 1771; x_wconf 82' lang='lat'><strong>.</strong></span> <span class='ocrx_word' id='word_1_200' title='bbox 884 1735 988 1782; x_wconf 82' lang='lat' dir='ltr'>Casteu</span> <span class='ocrx_word' id='word_1_201' title='bbox 1001 1738 1055 1768; x_wconf 83' lang='lat' dir='ltr'>Se-</span> 
     </span>
     <span class='ocr_line' id='line_1_40' title="bbox 299 1785 1054 1837; baseline -0.012 -10"><span class='ocrx_word' id='word_1_202' title='bbox 299 1792 470 1827; x_wconf 79' lang='lat' dir='ltr'>leucidarum</span> <span class='ocrx_word' id='word_1_203' title='bbox 491 1793 567 1837; x_wconf 86' lang='lat'>148.</span> <span class='ocrx_word' id='word_1_204' title='bbox 579 1791 616 1825; x_wconf 92' lang='lat' dir='ltr'>ad</span> <span class='ocrx_word' id='word_1_205' title='bbox 635 1785 797 1826; x_wconf 62' lang='lat' dir='ltr'>eAntiochi</span> <span class='ocrx_word' id='word_1_206' title='bbox 815 1797 961 1822; x_wconf 89' lang='lat' dir='ltr'>mortem</span> <span class='ocrx_word' id='word_1_207' title='bbox 980 1796 1054 1819; x_wconf 86' lang='lat' dir='ltr'>ante</span> 
     </span>
     <span class='ocr_line' id='line_1_41' title="bbox 298 1835 1053 1890; baseline -0.012 -13"><span class='ocrx_word' id='word_1_208' title='bbox 298 1843 464 1877; x_wconf 88' lang='lat' dir='ltr'>decimum</span> <span class='ocrx_word' id='word_1_209' title='bbox 477 1843 630 1890; x_wconf 88' lang='lat' dir='ltr'>quintum</span> <span class='ocrx_word' id='word_1_210' title='bbox 643 1835 781 1874; x_wconf 74' lang='lat' dir='ltr'>Xanthici</span> <span class='ocrx_word' id='word_1_211' title='bbox 791 1838 868 1872; x_wconf 86' lang='lat' dir='ltr'>anni</span> <span class='ocrx_word' id='word_1_212' title='bbox 885 1847 964 1881; x_wconf 84' lang='lat'>149.</span> <span class='ocrx_word' id='word_1_213' title='bbox 985 1847 1053 1869; x_wconf 91' lang='lat' dir='ltr'>non</span> 
     </span>
     <span class='ocr_line' id='line_1_42' title="bbox 298 1884 1052 1936; baseline -0.013 -9"><span class='ocrx_word' id='word_1_214' title='bbox 298 1902 390 1927; x_wconf 85' lang='lat' dir='ltr'>erant</span> <span class='ocrx_word' id='word_1_215' title='bbox 402 1892 525 1925; x_wconf 86' lang='lat' dir='ltr'>menses</span> <span class='ocrx_word' id='word_1_216' title='bbox 542 1891 659 1936; x_wconf 84' lang='lat' dir='ltr'>integri</span> <span class='ocrx_word' id='word_1_217' title='bbox 680 1899 840 1936; x_wconf 85' lang='lat' dir='ltr'>quatuor,</span> <span class='ocrx_word' id='word_1_218' title='bbox 857 1888 914 1933; x_wconf 87' lang='lat' dir='ltr'>qui</span> <span class='ocrx_word' id='word_1_219' title='bbox 933 1884 970 1918; x_wconf 89' lang='lat' dir='ltr'>ad</span> <span class='ocrx_word' id='word_1_220' title='bbox 988 1896 1052 1918; x_wconf 88' lang='lat' dir='ltr'>tres</span> 
     </span>
     <span class='ocr_line' id='line_1_43' title="bbox 296 1933 1053 1988; baseline -0.012 -12"><span class='ocrx_word' id='word_1_221' title='bbox 296 1954 401 1976; x_wconf 86' lang='lat' dir='ltr'>annos</span> <span class='ocrx_word' id='word_1_222' title='bbox 410 1940 605 1988; x_wconf 88' lang='lat' dir='ltr'>pollutionis</span> <span class='ocrx_word' id='word_1_223' title='bbox 616 1940 729 1985; x_wconf 89' lang='lat' dir='ltr'>templi</span> <span class='ocrx_word' id='word_1_224' title='bbox 741 1937 839 1972; x_wconf 84' lang='lat' dir='ltr'>additi</span> <span class='ocrx_word' id='word_1_225' title='bbox 849 1948 916 1970; x_wconf 86' lang='lat' dir='ltr'>non</span> <span class='ocrx_word' id='word_1_226' title='bbox 927 1933 1053 1969; x_wconf 88' lang='lat' dir='ltr'>faciunt</span> 
     </span>
     <span class='ocr_line' id='line_1_44' title="bbox 295 1983 1054 2025; baseline -0.011 -1"><span class='ocrx_word' id='word_1_227' title='bbox 295 1988 378 2025; x_wconf 83' lang='lat' dir='ltr'>ultra</span> <span class='ocrx_word' id='word_1_228' title='bbox 393 1990 482 2024; x_wconf 90' lang='lat' dir='ltr'>mille</span> <span class='ocrx_word' id='word_1_229' title='bbox 494 1990 656 2023; x_wconf 89' lang='lat' dir='ltr'>ducentos</span> <span class='ocrx_word' id='word_1_230' title='bbox 673 1988 759 2022; x_wconf 89' lang='lat' dir='ltr'>dies:</span> <span class='ocrx_word' id='word_1_231' title='bbox 785 1988 828 2020; x_wconf 81' lang='lat' dir='ltr'>ita</span> <span class='ocrx_word' id='word_1_232' title='bbox 843 1997 877 2019; x_wconf 91' lang='lat' dir='ltr'>ut</span> <span class='ocrx_word' id='word_1_233' title='bbox 890 1984 922 2018; x_wconf 91' lang='lat' dir='ltr'>hi</span> <span class='ocrx_word' id='word_1_234' title='bbox 936 1983 1054 2018; x_wconf 82' lang='lat' dir='ltr'>Danie-</span> 
     </span>
     <span class='ocr_line' id='line_1_45' title="bbox 294 2033 1053 2085; baseline -0.011 -11"><span class='ocrx_word' id='word_1_235' title='bbox 294 2039 329 2073; x_wconf 79' lang='lat' dir='ltr'>lis</span> <span class='ocrx_word' id='word_1_236' title='bbox 339 2039 466 2074; x_wconf 90' lang='lat' dir='ltr'>numeri</span> <span class='ocrx_word' id='word_1_237' title='bbox 478 2039 571 2072; x_wconf 88' lang='lat' dir='ltr'>nullo</span> <span class='ocrx_word' id='word_1_238' title='bbox 584 2037 684 2071; x_wconf 91' lang='lat' dir='ltr'>modo</span> <span class='ocrx_word' id='word_1_239' title='bbox 695 2034 814 2085; x_wconf 81' lang='lat' dir='ltr'>poffint</span> <span class='ocrx_word' id='word_1_240' title='bbox 829 2034 968 2069; x_wconf 76' lang='lat' dir='ltr'>historiae</span> <span class='ocrx_word' id='word_1_241' title='bbox 978 2033 1053 2080; x_wconf 73' lang='lat' dir='ltr'>Epi-</span> 
     </span>
     <span class='ocr_line' id='line_1_46' title="bbox 293 2083 1054 2136; baseline -0.008 -14"><span class='ocrx_word' id='word_1_242' title='bbox 293 2085 396 2136; x_wconf 75' lang='lat' dir='ltr'>phanis</span> <span class='ocrx_word' id='word_1_243' title='bbox 412 2085 657 2123; x_wconf 87' lang='lat' dir='ltr'>accommodari</span> <span class='ocrx_word' id='word_1_244' title='bbox 673 2111 683 2127; x_wconf 81' lang='lat'>,</span> <span class='ocrx_word' id='word_1_245' title='bbox 709 2086 772 2121; x_wconf 87' lang='lat' dir='ltr'>hoc</span> <span class='ocrx_word' id='word_1_246' title='bbox 790 2085 830 2120; x_wconf 92' lang='lat' dir='ltr'>ad</span> <span class='ocrx_word' id='word_1_247' title='bbox 841 2084 973 2119; x_wconf 90' lang='lat' dir='ltr'>oculum</span> <span class='ocrx_word' id='word_1_248' title='bbox 995 2083 1054 2117; x_wconf 91' lang='lat' dir='ltr'>de—</span> 
     </span>
     <span class='ocr_line' id='line_1_47' title="bbox 297 2132 1055 2184; baseline -0.011 -11"><span class='ocrx_word' id='word_1_249' title='bbox 297 2137 477 2172; x_wconf 88' lang='lat' dir='ltr'>monstrare</span> <span class='ocrx_word' id='word_1_250' title='bbox 497 2137 526 2171; x_wconf 90' lang='lat' dir='ltr'>se</span> <span class='ocrx_word' id='word_1_251' title='bbox 542 2136 693 2184; x_wconf 83' lang='lat' dir='ltr'>praedicat</span> <span class='ocrx_word' id='word_1_252' title='bbox 710 2137 744 2170; x_wconf 88' lang='lat' dir='ltr'>in</span> <span class='ocrx_word' id='word_1_253' title='bbox 766 2133 878 2182; x_wconf 83' lang='lat' dir='ltr'>figuris</span> <span class='ocrx_word' id='word_1_254' title='bbox 890 2137 921 2168; x_wconf 65' lang='grc' dir='ltr'>ὃ(</span> <span class='ocrx_word' id='word_1_255' title='bbox 934 2132 1055 2167; x_wconf 87' lang='lat' dir='ltr'>tabulis</span> 
     </span>
     <span class='ocr_line' id='line_1_48' title="bbox 297 2182 1052 2223; baseline -0.007 -2"><span class='ocrx_word' id='word_1_256' title='bbox 297 2186 457 2221; x_wconf 81' lang='lat' dir='ltr'>mensium</span> <span class='ocrx_word' id='word_1_257' title='bbox 480 2185 799 2223; x_wconf 83' lang='lat' dir='ltr'>Macedonicorum,</span> <span class='ocrx_word' id='word_1_258' title='bbox 822 2188 854 2218; x_wconf 89' lang='lat'>&amp;</span> <span class='ocrx_word' id='word_1_259' title='bbox 878 2194 985 2218; x_wconf 89' lang='lat' dir='ltr'>rerum</span> <span class='ocrx_word' id='word_1_260' title='bbox 1012 2182 1052 2216; x_wconf 91' lang='lat' dir='ltr'>ab</span> 
     </span>
     <span class='ocr_line' id='line_1_49' title="bbox 299 2230 1051 2282; baseline -0.008 -12"><span class='ocrx_word' id='word_1_261' title='bbox 299 2232 468 2270; x_wconf 70' lang='lat' dir='ltr'>eAnriocho</span> <span class='ocrx_word' id='word_1_262' title='bbox 487 2234 644 2282; x_wconf 82' lang='lat' dir='ltr'>gestarum</span> <span class='ocrx_word' id='word_1_263' title='bbox 665 2234 705 2268; x_wconf 87' lang='lat' dir='ltr'>ad</span> <span class='ocrx_word' id='word_1_264' title='bbox 733 2233 868 2267; x_wconf 89' lang='lat' dir='ltr'>istorum</span> <span class='ocrx_word' id='word_1_265' title='bbox 894 2230 1051 2265; x_wconf 75' lang='lat' dir='ltr'>mensium</span> 
     </span>
     <span class='ocr_line' id='line_1_50' title="bbox 298 2277 1050 2320; baseline -0.011 -2"><span class='ocrx_word' id='word_1_266' title='bbox 298 2285 366 2318; x_wconf 86' lang='lat' dir='ltr'>dies</span> <span class='ocrx_word' id='word_1_267' title='bbox 383 2282 702 2318; x_wconf 85' lang='lat' dir='ltr'>accommodatarum</span> <span class='ocrx_word' id='word_1_268' title='bbox 725 2294 734 2320; x_wconf 88' lang='lat'>;</span> <span class='ocrx_word' id='word_1_269' title='bbox 767 2280 854 2314; x_wconf 90' lang='lat' dir='ltr'>unde</span> <span class='ocrx_word' id='word_1_270' title='bbox 875 2277 962 2312; x_wconf 88' lang='lat' dir='ltr'>suam</span> <span class='ocrx_word' id='word_1_271' title='bbox 981 2291 1050 2311; x_wconf 90' lang='lat' dir='ltr'>non</span> 
     </span>
     <span class='ocr_line' id='line_1_51' title="bbox 297 2325 1051 2381; baseline -0.011 -14"><span class='ocrx_word' id='word_1_272' title='bbox 297 2336 448 2381; x_wconf 84' lang='lat' dir='ltr'>exiguam</span> <span class='ocrx_word' id='word_1_273' title='bbox 461 2332 709 2367; x_wconf 86' lang='lat' dir='ltr'>admirationem</span> <span class='ocrx_word' id='word_1_274' title='bbox 721 2327 904 2377; x_wconf 85' lang='lat' dir='ltr'>profitetur,</span> <span class='ocrx_word' id='word_1_275' title='bbox 920 2337 970 2360; x_wconf 91' lang='lat' dir='ltr'>tot</span> <span class='ocrx_word' id='word_1_276' title='bbox 982 2325 1051 2360; x_wconf 88' lang='lat' dir='ltr'>fau-</span> 
     </span>
     <span class='ocr_line' id='line_1_52' title="bbox 296 2373 1052 2429; baseline -0.012 -12"><span class='ocrx_word' id='word_1_277' title='bbox 296 2394 383 2416; x_wconf 82' lang='lat' dir='ltr'>tores</span> <span class='ocrx_word' id='word_1_278' title='bbox 395 2383 565 2429; x_wconf 82' lang='lat' dir='ltr'>Junianam</span> <span class='ocrx_word' id='word_1_279' title='bbox 578 2379 768 2414; x_wconf 80' lang='lat' dir='ltr'>sententiam</span> <span class='ocrx_word' id='word_1_280' title='bbox 780 2378 914 2425; x_wconf 88' lang='lat' dir='ltr'>reperire</span> <span class='ocrx_word' id='word_1_281' title='bbox 927 2373 1052 2422; x_wconf 86' lang='lat' dir='ltr'>potuis-</span> 
     </span>
     <span class='ocr_line' id='line_1_53' title="bbox 294 2426 1051 2476; baseline -0.012 -10"><span class='ocrx_word' id='word_1_282' title='bbox 294 2431 344 2472; x_wconf 83' lang='lat' dir='ltr'>se,</span> <span class='ocrx_word' id='word_1_283' title='bbox 375 2430 496 2476; x_wconf 89' lang='lat' dir='ltr'>eosque</span> <span class='ocrx_word' id='word_1_284' title='bbox 517 2432 606 2465; x_wconf 90' lang='lat' dir='ltr'>viros</span> <span class='ocrx_word' id='word_1_285' title='bbox 622 2427 822 2464; x_wconf 70' lang='lat' dir='ltr'>doctissimos</span> <span class='ocrx_word' id='word_1_286' title='bbox 837 2427 894 2470; x_wconf 87' lang='lat' dir='ltr'>qui</span> <span class='ocrx_word' id='word_1_287' title='bbox 911 2436 978 2459; x_wconf 87' lang='lat' dir='ltr'>tam</span> <span class='ocrx_word' id='word_1_288' title='bbox 1000 2426 1051 2458; x_wconf 92' lang='lat' dir='ltr'>in-</span> 
     </span>
     <span class='ocr_line' id='line_1_54' title="bbox 292 2473 1052 2529; baseline -0.012 -13"><span class='ocrx_word' id='word_1_289' title='bbox 292 2481 424 2529; x_wconf 83' lang='lat' dir='ltr'>iigniter</span> <span class='ocrx_word' id='word_1_290' title='bbox 439 2478 629 2514; x_wconf 82' lang='lat' dir='ltr'>fallerentur</span> <span class='ocrx_word' id='word_1_291' title='bbox 642 2503 651 2518; x_wconf 91' lang='lat'><em>,</em></span> <span class='ocrx_word' id='word_1_292' title='bbox 678 2481 711 2512; x_wconf 88' lang='lat'>&amp;</span> <span class='ocrx_word' id='word_1_293' title='bbox 734 2488 799 2512; x_wconf 89' lang='lat' dir='ltr'>tam</span> <span class='ocrx_word' id='word_1_294' title='bbox 821 2473 989 2510; x_wconf 72' lang='lat' dir='ltr'>manifeste</span> <span class='ocrx_word' id='word_1_295' title='bbox 1001 2473 1052 2507; x_wconf 87' lang='lat' dir='ltr'>hi-</span> 
     </span>
     <span class='ocr_line' id='line_1_55' title="bbox 292 2524 1052 2576; baseline -0.013 -10"><span class='ocrx_word' id='word_1_296' title='bbox 292 2532 396 2567; x_wconf 77' lang='lat' dir='ltr'>storiae</span> <span class='ocrx_word' id='word_1_297' title='bbox 409 2529 508 2564; x_wconf 84' lang='lat' dir='ltr'>fidem</span> <span class='ocrx_word' id='word_1_298' title='bbox 530 2539 766 2576; x_wconf 83' lang='lat' dir='ltr'>perverterent.</span> <span class='ocrx_word' id='word_1_299' title='bbox 793 2524 891 2572; x_wconf 82' lang='lat' dir='ltr'>Resp.</span> <span class='ocrx_word' id='word_1_300' title='bbox 916 2524 1052 2558; x_wconf 89' lang='lat' dir='ltr'>Oratio-</span> 
     </span>
     <span class='ocr_line' id='line_1_56' title="bbox 293 2573 1051 2616; baseline -0.013 0"><span class='ocrx_word' id='word_1_301' title='bbox 293 2594 335 2616; x_wconf 91' lang='lat' dir='ltr'>ne</span> <span class='ocrx_word' id='word_1_302' title='bbox 346 2579 404 2615; x_wconf 82' lang='lat' dir='ltr'>hac</span> <span class='ocrx_word' id='word_1_303' title='bbox 423 2577 622 2613; x_wconf 70' lang='lat' dir='ltr'>Thrasonicz‘i</span> <span class='ocrx_word' id='word_1_304' title='bbox 636 2576 765 2612; x_wconf 79' lang='lat' dir='ltr'>Medum</span> <span class='ocrx_word' id='word_1_305' title='bbox 783 2576 831 2609; x_wconf 90' lang='lat' dir='ltr'>uti</span> <span class='ocrx_word' id='word_1_306' title='bbox 849 2585 917 2608; x_wconf 90' lang='lat' dir='ltr'>non</span> <span class='ocrx_word' id='word_1_307' title='bbox 935 2573 1051 2612; x_wconf 82' lang='lat' dir='ltr'>decuit,</span> 
     </span>
     <span class='ocr_line' id='line_1_57' title="bbox 294 2622 1051 2675; baseline -0.011 -11"><span class='ocrx_word' id='word_1_308' title='bbox 294 2642 407 2665; x_wconf 81' lang='lat' dir='ltr'>contra</span> <span class='ocrx_word' id='word_1_309' title='bbox 417 2640 467 2663; x_wconf 90' lang='lat' dir='ltr'>tot</span> <span class='ocrx_word' id='word_1_310' title='bbox 478 2628 615 2675; x_wconf 80' lang='lat' dir='ltr'>insignes</span> <span class='ocrx_word' id='word_1_311' title='bbox 626 2625 772 2661; x_wconf 79' lang='lat' dir='ltr'>Ecclefiae</span> <span class='ocrx_word' id='word_1_312' title='bbox 785 2622 968 2659; x_wconf 81' lang='lat' dir='ltr'>reformatae</span> <span class='ocrx_word' id='word_1_313' title='bbox 978 2624 1051 2657; x_wconf 94' lang='lat' dir='ltr'>Do-</span> 
     </span>
     <span class='ocr_line' id='line_1_58' title="bbox 298 2671 1050 2723; baseline -0.012 -9"><span class='ocrx_word' id='word_1_314' title='bbox 298 2681 423 2720; x_wconf 54' lang='lat' dir='ltr'>erosos,</span> <span class='ocrx_word' id='word_1_315' title='bbox 441 2679 585 2723; x_wconf 87' lang='lat' dir='ltr'>inprimis</span> <span class='ocrx_word' id='word_1_316' title='bbox 608 2678 641 2710; x_wconf 92' lang='lat' dir='ltr'>in</span> <span class='ocrx_word' id='word_1_317' title='bbox 661 2684 857 2723; x_wconf 86' lang='lat' dir='ltr'>argumento</span> <span class='ocrx_word' id='word_1_318' title='bbox 868 2673 926 2707; x_wconf 90' lang='lat' dir='ltr'>ubi</span> <span class='ocrx_word' id='word_1_319' title='bbox 943 2671 1050 2719; x_wconf 70' lang='lat' dir='ltr'>aperte</span> 
     </span>
     <span class='ocr_line' id='line_1_59' title="bbox 298 2719 1051 2771; baseline -0.011 -10"><span class='ocrx_word' id='word_1_320' title='bbox 298 2726 580 2763; x_wconf 84' lang='lat' dir='ltr'>insolentissimum</span> <span class='ocrx_word' id='word_1_321' title='bbox 591 2724 744 2771; x_wconf 85' lang='lat' dir='ltr'>Jesuitam</span> <span class='ocrx_word' id='word_1_322' title='bbox 757 2721 921 2755; x_wconf 78' lang='lat' dir='ltr'>‘Peravium</span> <span class='ocrx_word' id='word_1_323' title='bbox 936 2719 967 2755; x_wconf 87' lang='lat' dir='ltr'>se</span> <span class='ocrx_word' id='word_1_324' title='bbox 976 2733 1051 2766; x_wconf 93' lang='lat' dir='ltr'>pro-</span> 
     </span>
     <span class='ocr_line' id='line_1_60' title="bbox 297 2768 1052 2825; baseline -0.012 -14"><span class='ocrx_word' id='word_1_325' title='bbox 297 2777 404 2812; x_wconf 80' lang='lat' dir='ltr'>fitetur</span> <span class='ocrx_word' id='word_1_326' title='bbox 416 2776 502 2825; x_wconf 84' lang='lat' dir='ltr'>sequi</span> <span class='ocrx_word' id='word_1_327' title='bbox 515 2801 524 2815; x_wconf 97' lang='lat'>,</span> <span class='ocrx_word' id='word_1_328' title='bbox 551 2775 647 2822; x_wconf 86' lang='lat' dir='ltr'>idque</span> <span class='ocrx_word' id='word_1_329' title='bbox 658 2775 691 2808; x_wconf 89' lang='lat' dir='ltr'>in</span> <span class='ocrx_word' id='word_1_330' title='bbox 703 2775 760 2807; x_wconf 90' lang='lat' dir='ltr'>lite</span> <span class='ocrx_word' id='word_1_331' title='bbox 773 2781 885 2805; x_wconf 84' lang='lat' dir='ltr'>contra</span> <span class='ocrx_word' id='word_1_332' title='bbox 896 2768 1052 2804; x_wconf 87' lang='lat' dir='ltr'>reforma-</span> 
     </span>
     <span class='ocr_line' id='line_1_61' title="bbox 294 2819 1050 2861; baseline -0.012 -1"><span class='ocrx_word' id='word_1_333' title='bbox 294 2838 361 2861; x_wconf 80' lang='lat' dir='ltr'>tam</span> <span class='ocrx_word' id='word_1_334' title='bbox 382 2827 562 2861; x_wconf 79' lang='lat' dir='ltr'>Ecclesiam.</span> <span class='ocrx_word' id='word_1_335' title='bbox 590 2822 853 2858; x_wconf 72' lang='lat' dir='ltr'>Maccahaeorum</span> <span class='ocrx_word' id='word_1_336' title='bbox 868 2819 969 2854; x_wconf 85' lang='lat' dir='ltr'>libros</span> <span class='ocrx_word' id='word_1_337' title='bbox 988 2831 1050 2853; x_wconf 91' lang='lat' dir='ltr'>no-</span> 
     </span>
     <span class='ocr_line' id='line_1_62' title="bbox 293 2869 1051 2923; baseline -0.011 -13"><span class='ocrx_word' id='word_1_338' title='bbox 293 2875 344 2910; x_wconf 81' lang='lat' dir='ltr'>stri</span> <span class='ocrx_word' id='word_1_339' title='bbox 356 2875 493 2923; x_wconf 83' lang='lat' dir='ltr'>probant</span> <span class='ocrx_word' id='word_1_340' title='bbox 505 2878 531 2909; x_wconf 87' lang='lat' dir='ltr'><strong>A</strong></span> <span class='ocrx_word' id='word_1_341' title='bbox 540 2872 727 2921; x_wconf 80' lang='lat' dir='ltr'>pocryplios</span> <span class='ocrx_word' id='word_1_342' title='bbox 739 2885 775 2905; x_wconf 85' lang='lat' dir='ltr'>ex</span> <span class='ocrx_word' id='word_1_343' title='bbox 788 2869 850 2904; x_wconf 82' lang='lat' dir='ltr'>hoc</span> <span class='ocrx_word' id='word_1_344' title='bbox 861 2880 974 2917; x_wconf 84' lang='lat' dir='ltr'>praeter</span> <span class='ocrx_word' id='word_1_345' title='bbox 991 2870 1051 2903; x_wconf 83' lang='lat' dir='ltr'>alia</span> 
     </span>
     <span class='ocr_line' id='line_1_63' title="bbox 292 2917 1047 2973; baseline -0.008 -16"><span class='ocrx_word' id='word_1_346' title='bbox 292 2926 414 2960; x_wconf 89' lang='lat' dir='ltr'>indicio</span> <span class='ocrx_word' id='word_1_347' title='bbox 427 2950 436 2964; x_wconf 93' lang='lat'>,</span> <span class='ocrx_word' id='word_1_348' title='bbox 461 2922 549 2973; x_wconf 76' lang='lat' dir='ltr'>quod</span> <span class='ocrx_word' id='word_1_349' title='bbox 561 2925 594 2957; x_wconf 87' lang='lat' dir='ltr'>in</span> <span class='ocrx_word' id='word_1_350' title='bbox 608 2920 868 2968; x_wconf 81' lang='lat' dir='ltr'>Chronologicis</span> <span class='ocrx_word' id='word_1_351' title='bbox 880 2917 986 2966; x_wconf 70' lang='lat' dir='ltr'>aperte</span> <span class='ocrx_word' id='word_1_352' title='bbox 999 2930 1047 2952; x_wconf 89' lang='lat' dir='ltr'>er-</span> 
     </span>
     <span class='ocr_line' id='line_1_64' title="bbox 292 2964 1047 3015; baseline -0.012 -7"><span class='ocrx_word' id='word_1_353' title='bbox 292 2986 372 3008; x_wconf 85' lang='lat' dir='ltr'>rent.</span> <span class='ocrx_word' id='word_1_354' title='bbox 402 2972 552 3008; x_wconf 80' lang='lat' dir='ltr'>Afferunt</span> <span class='ocrx_word' id='word_1_355' title='bbox 565 2972 749 3007; x_wconf 85' lang='lat' dir='ltr'>instantiam</span> <span class='ocrx_word' id='word_1_356' title='bbox 763 2966 908 3005; x_wconf 59' lang='lat' dir='ltr'>Antiochi</span> <span class='ocrx_word' id='word_1_357' title='bbox 921 2964 1047 3015; x_wconf 77' lang='lat' dir='ltr'>Epipha-</span> 
     </span>
     <span class='ocr_line' id='line_1_65' title="bbox 291 3014 1048 3072; baseline -0.007 -17"><span class='ocrx_word' id='word_1_358' title='bbox 291 3026 495 3072; x_wconf 25' lang='lat' dir='ltr'>nisamortem</span> <span class='ocrx_word' id='word_1_359' title='bbox 513 3047 523 3062; x_wconf 91' lang='lat'>,</span> <span class='ocrx_word' id='word_1_360' title='bbox 551 3035 648 3070; x_wconf 85' lang='lat' dir='ltr'>quam</span> <span class='ocrx_word' id='word_1_361' title='bbox 661 3019 744 3055; x_wconf 87' lang='lat' dir='ltr'>liber</span> <span class='ocrx_word' id='word_1_362' title='bbox 763 3021 887 3066; x_wconf 86' lang='lat' dir='ltr'>primus</span> <span class='ocrx_word' id='word_1_363' title='bbox 905 3014 1048 3051; x_wconf 76' lang='lat' dir='ltr'>accidisse</span> 
     </span>
     <span class='ocr_line' id='line_1_66' title="bbox 296 3065 1048 3114; baseline -0.008 -10"><span class='ocrx_word' id='word_1_364' title='bbox 296 3072 391 3105; x_wconf 76' lang='lat' dir='ltr'>reiert</span> <span class='ocrx_word' id='word_1_365' title='bbox 407 3085 494 3106; x_wconf 85' lang='lat' dir='ltr'>anno</span> <span class='ocrx_word' id='word_1_366' title='bbox 514 3072 705 3106; x_wconf 80' lang='lat' dir='ltr'>Graecorum</span> <span class='ocrx_word' id='word_1_367' title='bbox 721 3066 896 3103; x_wconf 82' lang='lat' dir='ltr'>centesimo</span> <span class='ocrx_word' id='word_1_368' title='bbox 910 3065 1048 3114; x_wconf 83' lang='lat' dir='ltr'>quadra-</span> 
     </span>
     <span class='ocr_line' id='line_1_67' title="bbox 296 3114 1049 3167; baseline -0.007 -14"><span class='ocrx_word' id='word_1_369' title='bbox 296 3119 419 3167; x_wconf 73' lang='lat' dir='ltr'>gesimo</span> <span class='ocrx_word' id='word_1_370' title='bbox 432 3133 521 3153; x_wconf 87' lang='lat' dir='ltr'>nono</span> <span class='ocrx_word' id='word_1_371' title='bbox 532 3146 541 3158; x_wconf 82' lang='lat'>,</span> <span class='ocrx_word' id='word_1_372' title='bbox 555 3120 606 3154; x_wconf 86' lang='lat' dir='ltr'>sed</span> <span class='ocrx_word' id='word_1_373' title='bbox 618 3118 770 3155; x_wconf 83' lang='lat' dir='ltr'>secundus</span> <span class='ocrx_word' id='word_1_374' title='bbox 779 3114 956 3153; x_wconf 81' lang='lat' dir='ltr'>centesimo</span> <span class='ocrx_word' id='word_1_375' title='bbox 969 3127 1049 3161; x_wconf 88' lang='lat' dir='ltr'>qua·</span> 
     </span>
     <span class='ocr_line' id='line_1_68' title="bbox 296 3163 1049 3215; baseline -0.007 -13"><span class='ocrx_word' id='word_1_376' title='bbox 296 3166 473 3215; x_wconf 83' lang='lat' dir='ltr'>dragesimo</span> <span class='ocrx_word' id='word_1_377' title='bbox 494 3169 622 3202; x_wconf 64' lang='lat' dir='ltr'>octavo.</span> <span class='ocrx_word' id='word_1_378' title='bbox 659 3170 768 3202; x_wconf 86' lang='lat' dir='ltr'>Varias</span> <span class='ocrx_word' id='word_1_379' title='bbox 790 3168 866 3202; x_wconf 89' lang='lat' dir='ltr'>varii</span> <span class='ocrx_word' id='word_1_380' title='bbox 883 3163 1049 3200; x_wconf 87' lang='lat' dir='ltr'>Pontificii</span> 
     </span>
     <span class='ocr_line' id='line_1_69' title="bbox 298 3215 1050 3264; baseline -0.005 -11"><span class='ocrx_word' id='word_1_381' title='bbox 298 3215 563 3253; x_wconf 70' lang='lat' dir='ltr'>contradifflonis</span> <span class='ocrx_word' id='word_1_382' title='bbox 583 3216 678 3261; x_wconf 83' lang='lat' dir='ltr'>hujus</span> <span class='ocrx_word' id='word_1_383' title='bbox 690 3215 945 3264; x_wconf 77' lang='lat' dir='ltr'>Chronologicae</span> <span class='ocrx_word' id='word_1_384' title='bbox 968 3226 1050 3249; x_wconf 83' lang='lat' dir='ltr'>con·</span> 
     </span>
    </p>
   </div>
   <div class='ocr_carea' id='block_1_4' title="bbox 1000 132 1499 178">
    <p class='ocr_par' dir='ltr' id='par_1_7' title="bbox 1000 132 1499 178">
     <span class='ocr_line' id='line_1_70' title="bbox 1000 132 1499 178; baseline 0.008 -6"><span class='ocrx_word' id='word_1_385' title='bbox 1000 132 1499 178; x_wconf 72' lang='lat' dir='ltr'>Hrsronlcr</span> 
     </span>
    </p>
   </div>
   <div class='ocr_carea' id='block_1_5' title="bbox 1092 208 1879 3313">
    <p class='ocr_par' dir='ltr' id='par_1_8' title="bbox 1095 208 1853 456">
     <span class='ocr_line' id='line_1_71' title="bbox 1096 208 1851 253; baseline 0.017 -12"><span class='ocrx_word' id='word_1_386' title='bbox 1096 208 1275 243; x_wconf 86' lang='lat' dir='ltr'>ciliationes</span> <span class='ocrx_word' id='word_1_387' title='bbox 1289 212 1471 245; x_wconf 88' lang='lat' dir='ltr'>commenti</span> <span class='ocrx_word' id='word_1_388' title='bbox 1484 209 1575 247; x_wconf 84' lang='lat' dir='ltr'>sunt:</span> <span class='ocrx_word' id='word_1_389' title='bbox 1603 211 1654 249; x_wconf 84' lang='lat' dir='ltr'>sed</span> <span class='ocrx_word' id='word_1_390' title='bbox 1667 227 1740 252; x_wconf 88' lang='lat' dir='ltr'>cum</span> <span class='ocrx_word' id='word_1_391' title='bbox 1756 217 1796 253; x_wconf 89' lang='lat' dir='ltr'>ab</span> <span class='ocrx_word' id='word_1_392' title='bbox 1809 231 1851 253; x_wconf 84' lang='lat' dir='ltr'>o·</span> 
     </span>
     <span class='ocr_line' id='line_1_72' title="bbox 1095 257 1851 310; baseline 0.017 -19"><span class='ocrx_word' id='word_1_393' title='bbox 1095 257 1226 292; x_wconf 88' lang='lat' dir='ltr'>mnibus</span> <span class='ocrx_word' id='word_1_394' title='bbox 1237 272 1292 306; x_wconf 92' lang='lat' dir='ltr'>per</span> <span class='ocrx_word' id='word_1_395' title='bbox 1304 259 1490 295; x_wconf 89' lang='lat' dir='ltr'>nostrorum</span> <span class='ocrx_word' id='word_1_396' title='bbox 1503 274 1770 310; x_wconf 84' lang='lat' dir='ltr'>argumentorum</span> <span class='ocrx_word' id='word_1_397' title='bbox 1783 270 1851 303; x_wconf 91' lang='lat' dir='ltr'>vim</span> 
     </span>
     <span class='ocr_line' id='line_1_73' title="bbox 1096 307 1853 363; baseline 0.012 -22"><span class='ocrx_word' id='word_1_398' title='bbox 1096 307 1219 354; x_wconf 80' lang='lat' dir='ltr'>depulsi</span> <span class='ocrx_word' id='word_1_399' title='bbox 1238 310 1309 342; x_wconf 79' lang='lat' dir='ltr'>sunt</span> <span class='ocrx_word' id='word_1_400' title='bbox 1320 334 1330 350; x_wconf 93' lang='lat'>,</span> <span class='ocrx_word' id='word_1_401' title='bbox 1356 308 1477 358; x_wconf 76' lang='lat' dir='ltr'>jesuita</span> <span class='ocrx_word' id='word_1_402' title='bbox 1488 311 1627 345; x_wconf 73' lang='lat' dir='ltr'>petavius</span> <span class='ocrx_word' id='word_1_403' title='bbox 1637 326 1761 349; x_wconf 91' lang='lat' dir='ltr'>novum</span> <span class='ocrx_word' id='word_1_404' title='bbox 1773 330 1853 363; x_wconf 81' lang='lat' dir='ltr'>pro·</span> 
     </span>
     <span class='ocr_line' id='line_1_74' title="bbox 1097 357 1851 411; baseline 0.016 -22"><span class='ocrx_word' id='word_1_405' title='bbox 1097 357 1184 411; x_wconf 85' lang='lat' dir='ltr'>cudit</span> <span class='ocrx_word' id='word_1_406' title='bbox 1199 382 1209 396; x_wconf 92' lang='lat'><strong>‚</strong></span> <span class='ocrx_word' id='word_1_407' title='bbox 1245 361 1333 403; x_wconf 88' lang='lat' dir='ltr'>cujus</span> <span class='ocrx_word' id='word_1_408' title='bbox 1348 358 1464 394; x_wconf 64' lang='lat' dir='ltr'>fiducia</span> <span class='ocrx_word' id='word_1_409' title='bbox 1487 359 1674 396; x_wconf 86' lang='lat' dir='ltr'>nostrorum</span> <span class='ocrx_word' id='word_1_410' title='bbox 1698 368 1851 402; x_wconf 88' lang='lat' dir='ltr'>omnium</span> 
     </span>
     <span class='ocr_line' id='line_1_75' title="bbox 1097 404 1807 456; baseline 0.015 -19"><span class='ocrx_word' id='word_1_411' title='bbox 1097 404 1256 440; x_wconf 82' lang='lat' dir='ltr'>inscitiam</span> <span class='ocrx_word' id='word_1_412' title='bbox 1268 407 1308 441; x_wconf 92' lang='lat' dir='ltr'>ab</span> <span class='ocrx_word' id='word_1_413' title='bbox 1323 410 1391 443; x_wconf 85' lang='lat' dir='ltr'>alto</span> <span class='ocrx_word' id='word_1_414' title='bbox 1402 409 1658 456; x_wconf 66' lang='lat' dir='ltr'>petulantissime</span> <span class='ocrx_word' id='word_1_415' title='bbox 1669 413 1807 448; x_wconf 84' lang='lat' dir='ltr'>deridet.</span> 
     </span>
    </p>

    <p class='ocr_par' dir='ltr' id='par_1_9' title="bbox 1095 454 1860 1840">
     <span class='ocr_line' id='line_1_76' title="bbox 1146 454 1854 502; baseline 0.018 -16"><span class='ocrx_word' id='word_1_416' title='bbox 1146 454 1230 494; x_wconf 70' lang='grc' dir='ltr'><em>Σοφὸν</em></span> <span class='ocrx_word' id='word_1_417' title='bbox 1242 459 1309 499; x_wconf 78' lang='lat' dir='ltr'>ejtis</span> <span class='ocrx_word' id='word_1_418' title='bbox 1325 457 1484 502; x_wconf 58' lang='grc' dir='ltr'>φέρμακον</span> <span class='ocrx_word' id='word_1_419' title='bbox 1502 458 1565 493; x_wconf 92' lang='lat' dir='ltr'>hoc</span> <span class='ocrx_word' id='word_1_420' title='bbox 1586 460 1631 495; x_wconf 80' lang='lat' dir='ltr'>est</span> <span class='ocrx_word' id='word_1_421' title='bbox 1642 487 1652 501; x_wconf 90' lang='lat'>‚</span> <span class='ocrx_word' id='word_1_422' title='bbox 1674 465 1749 497; x_wconf 87' lang='lat' dir='ltr'>anni</span> <span class='ocrx_word' id='word_1_423' title='bbox 1761 464 1854 498; x_wconf 85' lang='lat' dir='ltr'>Grae—</span> 
     </span>
     <span class='ocr_line' id='line_1_77' title="bbox 1099 504 1853 556; baseline 0.016 -21"><span class='ocrx_word' id='word_1_424' title='bbox 1099 514 1212 536; x_wconf 89' lang='lat' dir='ltr'>corum</span> <span class='ocrx_word' id='word_1_425' title='bbox 1222 504 1288 539; x_wconf 87' lang='lat' dir='ltr'>duo</span> <span class='ocrx_word' id='word_1_426' title='bbox 1301 504 1391 540; x_wconf 75' lang='lat' dir='ltr'>fuisse</span> <span class='ocrx_word' id='word_1_427' title='bbox 1401 510 1573 556; x_wconf 87' lang='lat' dir='ltr'>principia,</span> <span class='ocrx_word' id='word_1_428' title='bbox 1584 512 1737 546; x_wconf 89' lang='lat' dir='ltr'>nimirum</span> <span class='ocrx_word' id='word_1_429' title='bbox 1751 514 1800 546; x_wconf 88' lang='lat' dir='ltr'>vel</span> <span class='ocrx_word' id='word_1_430' title='bbox 1811 513 1853 547; x_wconf 88' lang='lat' dir='ltr'>ab</span> 
     </span>
     <span class='ocr_line' id='line_1_78' title="bbox 1099 554 1853 603; baseline 0.017 -19"><span class='ocrx_word' id='word_1_431' title='bbox 1099 554 1275 587; x_wconf 90' lang='lat' dir='ltr'>Autumno</span> <span class='ocrx_word' id='word_1_432' title='bbox 1289 555 1366 589; x_wconf 68' lang='lat' dir='ltr'>vela</span> <span class='ocrx_word' id='word_1_433' title='bbox 1380 558 1471 596; x_wconf 85' lang='lat' dir='ltr'>Vere,</span> <span class='ocrx_word' id='word_1_434' title='bbox 1482 560 1530 592; x_wconf 88' lang='lat' dir='ltr'>vel</span> <span class='ocrx_word' id='word_1_435' title='bbox 1542 557 1678 594; x_wconf 74' lang='lat' dir='ltr'>anostro</span> <span class='ocrx_word' id='word_1_436' title='bbox 1693 562 1853 603; x_wconf 68' lang='lat' dir='ltr'>octobri,</span> 
     </span>
     <span class='ocr_line' id='line_1_79' title="bbox 1099 601 1855 652; baseline 0.016 -18"><span class='ocrx_word' id='word_1_437' title='bbox 1099 601 1319 637; x_wconf 82' lang='lat' dir='ltr'>Macedonum</span> <span class='ocrx_word' id='word_1_438' title='bbox 1334 603 1550 652; x_wconf 76' lang='lat' dir='ltr'>Hyperberetaeo</span> <span class='ocrx_word' id='word_1_439' title='bbox 1562 621 1570 646; x_wconf 86' lang='lat'>;</span> <span class='ocrx_word' id='word_1_440' title='bbox 1591 609 1640 642; x_wconf 84' lang='lat' dir='ltr'>vel</span> <span class='ocrx_word' id='word_1_441' title='bbox 1652 608 1670 642; x_wconf 69' lang='grc' dir='ltr'>εὶ</span> <span class='ocrx_word' id='word_1_442' title='bbox 1682 611 1794 645; x_wconf 87' lang='lat' dir='ltr'>nostro</span> <span class='ocrx_word' id='word_1_443' title='bbox 1806 614 1855 646; x_wconf 86' lang='lat' dir='ltr'>A.</span> 
     </span>
     <span class='ocr_line' id='line_1_80' title="bbox 1101 652 1855 704; baseline 0.015 -20"><span class='ocrx_word' id='word_1_444' title='bbox 1101 652 1173 698; x_wconf 88' lang='lat' dir='ltr'>prili</span> <span class='ocrx_word' id='word_1_445' title='bbox 1186 652 1410 688; x_wconf 87' lang='lat' dir='ltr'>Macedonum</span> <span class='ocrx_word' id='word_1_446' title='bbox 1421 655 1583 690; x_wconf 73' lang='lat' dir='ltr'>xanthico:</span> <span class='ocrx_word' id='word_1_447' title='bbox 1612 659 1709 704; x_wconf 87' lang='lat' dir='ltr'>primi</span> <span class='ocrx_word' id='word_1_448' title='bbox 1722 660 1855 695; x_wconf 84' lang='lat' dir='ltr'>Macca-</span> 
     </span>
     <span class='ocr_line' id='line_1_81' title="bbox 1098 700 1854 757; baseline 0.016 -24"><span class='ocrx_word' id='word_1_449' title='bbox 1098 700 1243 757; x_wconf 67' lang='lat' dir='ltr'>haeorum</span> <span class='ocrx_word' id='word_1_450' title='bbox 1255 703 1421 737; x_wconf 67' lang='lat' dir='ltr'>auctorem</span> <span class='ocrx_word' id='word_1_451' title='bbox 1437 728 1448 744; x_wconf 86' lang='lat'>‚</span> <span class='ocrx_word' id='word_1_452' title='bbox 1470 717 1586 752; x_wconf 82' lang='lat' dir='ltr'>utpote</span> <span class='ocrx_word' id='word_1_453' title='bbox 1597 706 1743 753; x_wconf 85' lang='lat' dir='ltr'>Judaeum</span> <span class='ocrx_word' id='word_1_454' title='bbox 1755 711 1854 745; x_wconf 68' lang='lat' dir='ltr'>1³21ae-</span> 
     </span>
     <span class='ocr_line' id='line_1_82' title="bbox 1097 749 1852 802; baseline 0.015 -19"><span class='ocrx_word' id='word_1_455' title='bbox 1097 749 1215 785; x_wconf 79' lang='lat' dir='ltr'>stinum</span> <span class='ocrx_word' id='word_1_456' title='bbox 1229 764 1351 786; x_wconf 86' lang='lat' dir='ltr'>annum</span> <span class='ocrx_word' id='word_1_457' title='bbox 1373 753 1466 787; x_wconf 90' lang='lat' dir='ltr'>suum</span> <span class='ocrx_word' id='word_1_458' title='bbox 1487 756 1626 802; x_wconf 89' lang='lat' dir='ltr'>incipere</span> <span class='ocrx_word' id='word_1_459' title='bbox 1643 755 1775 798; x_wconf 71' lang='lat' dir='ltr'>aVcte,</span> <span class='ocrx_word' id='word_1_460' title='bbox 1799 757 1852 794; x_wconf 87' lang='lat' dir='ltr'>sed</span> 
     </span>
     <span class='ocr_line' id='line_1_83' title="bbox 1095 802 1855 849; baseline 0.014 -17"><span class='ocrx_word' id='word_1_461' title='bbox 1095 811 1243 834; x_wconf 90' lang='lat' dir='ltr'>autorem</span> <span class='ocrx_word' id='word_1_462' title='bbox 1271 802 1455 847; x_wconf 83' lang='lat' dir='ltr'>posterioris</span> <span class='ocrx_word' id='word_1_463' title='bbox 1479 802 1628 849; x_wconf 80' lang='lat' dir='ltr'>Judaeum</span> <span class='ocrx_word' id='word_1_464' title='bbox 1663 808 1855 843; x_wconf 81' lang='lat' dir='ltr'>Alexandri-</span> 
     </span>
     <span class='ocr_line' id='line_1_84' title="bbox 1096 852 1854 903; baseline 0.016 -22"><span class='ocrx_word' id='word_1_465' title='bbox 1096 861 1176 882; x_wconf 91' lang='lat' dir='ltr'>num</span> <span class='ocrx_word' id='word_1_466' title='bbox 1190 861 1310 883; x_wconf 89' lang='lat' dir='ltr'>annum</span> <span class='ocrx_word' id='word_1_467' title='bbox 1321 852 1565 888; x_wconf 86' lang='lat' dir='ltr'>Alexandraeum</span> <span class='ocrx_word' id='word_1_468' title='bbox 1577 855 1719 903; x_wconf 84' lang='lat' dir='ltr'>incipere</span> <span class='ocrx_word' id='word_1_469' title='bbox 1729 858 1768 892; x_wconf 88' lang='lat' dir='ltr'>ab</span> <span class='ocrx_word' id='word_1_470' title='bbox 1781 861 1854 892; x_wconf 87' lang='lat' dir='ltr'>Au-</span> 
     </span>
     <span class='ocr_line' id='line_1_85' title="bbox 1097 904 1853 955; baseline 0.017 -25"><span class='ocrx_word' id='word_1_471' title='bbox 1097 909 1238 936; x_wconf 86' lang='lat' dir='ltr'>tumno,</span> <span class='ocrx_word' id='word_1_472' title='bbox 1256 911 1314 945; x_wconf 88' lang='lat' dir='ltr'>pro</span> <span class='ocrx_word' id='word_1_473' title='bbox 1326 911 1418 934; x_wconf 90' lang='lat' dir='ltr'>novo</span> <span class='ocrx_word' id='word_1_474' title='bbox 1433 914 1526 936; x_wconf 87' lang='lat' dir='ltr'>more</span> <span class='ocrx_word' id='word_1_475' title='bbox 1539 904 1781 941; x_wconf 82' lang='lat' dir='ltr'>Macedonum:</span> <span class='ocrx_word' id='word_1_476' title='bbox 1797 909 1853 955; x_wconf 89' lang='lat' dir='ltr'>qui</span> 
     </span>
     <span class='ocr_line' id='line_1_86' title="bbox 1099 946 1852 994; baseline 0.015 -13"><span class='ocrx_word' id='word_1_477' title='bbox 1099 946 1169 994; x_wconf 90' lang='lat' dir='ltr'>post</span> <span class='ocrx_word' id='word_1_478' title='bbox 1187 946 1388 982; x_wconf 87' lang='lat' dir='ltr'>debellatum</span> <span class='ocrx_word' id='word_1_479' title='bbox 1412 949 1451 983; x_wconf 90' lang='lat' dir='ltr'>ad</span> <span class='ocrx_word' id='word_1_480' title='bbox 1466 950 1586 986; x_wconf 83' lang='lat' dir='ltr'>Arbela</span> <span class='ocrx_word' id='word_1_481' title='bbox 1597 956 1725 989; x_wconf 81' lang='lat' dir='ltr'>Darium</span> <span class='ocrx_word' id='word_1_482' title='bbox 1737 957 1852 991; x_wconf 70' lang='lat' dir='ltr'>octo-</span> 
     </span>
     <span class='ocr_line' id='line_1_87' title="bbox 1101 997 1853 1048; baseline 0.016 -18"><span class='ocrx_word' id='word_1_483' title='bbox 1101 997 1163 1031; x_wconf 89' lang='lat' dir='ltr'>bris</span> <span class='ocrx_word' id='word_1_484' title='bbox 1174 998 1292 1032; x_wconf 68' lang='lat' dir='ltr'>octavo</span> <span class='ocrx_word' id='word_1_485' title='bbox 1302 1023 1311 1037; x_wconf 90' lang='lat'>,</span> <span class='ocrx_word' id='word_1_486' title='bbox 1330 997 1418 1032; x_wconf 91' lang='lat' dir='ltr'>suum</span> <span class='ocrx_word' id='word_1_487' title='bbox 1431 998 1584 1048; x_wconf 88' lang='lat' dir='ltr'>deinceps</span> <span class='ocrx_word' id='word_1_488' title='bbox 1593 1014 1715 1038; x_wconf 87' lang='lat' dir='ltr'>annum</span> <span class='ocrx_word' id='word_1_489' title='bbox 1732 1005 1771 1039; x_wconf 89' lang='lat' dir='ltr'>ab</span> <span class='ocrx_word' id='word_1_490' title='bbox 1788 1007 1853 1042; x_wconf 90' lang='lat' dir='ltr'>hoc</span> 
     </span>
     <span class='ocr_line' id='line_1_88' title="bbox 1098 1046 1858 1090; baseline 0.013 -10"><span class='ocrx_word' id='word_1_491' title='bbox 1098 1046 1203 1081; x_wconf 84' lang='lat' dir='ltr'>mense</span> <span class='ocrx_word' id='word_1_492' title='bbox 1214 1051 1244 1081; x_wconf 84' lang='lat'>&amp;</span> <span class='ocrx_word' id='word_1_493' title='bbox 1256 1047 1307 1081; x_wconf 82' lang='lat' dir='ltr'>die</span> <span class='ocrx_word' id='word_1_494' title='bbox 1319 1049 1351 1081; x_wconf 90' lang='lat' dir='ltr'>in</span> <span class='ocrx_word' id='word_1_495' title='bbox 1364 1047 1536 1084; x_wconf 72' lang='lat' dir='ltr'>Alexandri</span> <span class='ocrx_word' id='word_1_496' title='bbox 1546 1050 1708 1087; x_wconf 86' lang='lat' dir='ltr'>honorem</span> <span class='ocrx_word' id='word_1_497' title='bbox 1719 1055 1858 1090; x_wconf 67' lang='lat' dir='ltr'>inchoa-</span> 
     </span>
     <span class='ocr_line' id='line_1_89' title="bbox 1099 1098 1857 1143; baseline 0.012 -12"><span class='ocrx_word' id='word_1_498' title='bbox 1099 1108 1186 1135; x_wconf 87' lang='lat' dir='ltr'>runt,</span> <span class='ocrx_word' id='word_1_499' title='bbox 1201 1098 1410 1132; x_wconf 85' lang='lat' dir='ltr'>Alexandrini</span> <span class='ocrx_word' id='word_1_500' title='bbox 1433 1099 1497 1143; x_wconf 90' lang='lat' dir='ltr'>(ut</span> <span class='ocrx_word' id='word_1_501' title='bbox 1511 1111 1621 1135; x_wconf 81' lang='lat' dir='ltr'>caetera</span> <span class='ocrx_word' id='word_1_502' title='bbox 1634 1102 1857 1140; x_wconf 85' lang='lat' dir='ltr'>Macedonum</span> 
     </span>
     <span class='ocr_line' id='line_1_90' title="bbox 1098 1145 1858 1202; baseline 0.011 -21"><span class='ocrx_word' id='word_1_503' title='bbox 1098 1150 1201 1195; x_wconf 88' lang='lat' dir='ltr'>gens)</span> <span class='ocrx_word' id='word_1_504' title='bbox 1220 1145 1300 1181; x_wconf 88' lang='lat' dir='ltr'>hanc</span> <span class='ocrx_word' id='word_1_505' title='bbox 1313 1148 1438 1195; x_wconf 80' lang='lat' dir='ltr'>sequuti</span> <span class='ocrx_word' id='word_1_506' title='bbox 1448 1148 1520 1183; x_wconf 83' lang='lat' dir='ltr'>sunt</span> <span class='ocrx_word' id='word_1_507' title='bbox 1533 1153 1752 1187; x_wconf 89' lang='lat' dir='ltr'>mutationem</span> <span class='ocrx_word' id='word_1_508' title='bbox 1769 1155 1858 1202; x_wconf 88' lang='lat' dir='ltr'>:Syri</span> 
     </span>
     <span class='ocr_line' id='line_1_91' title="bbox 1099 1197 1860 1249; baseline 0.011 -18"><span class='ocrx_word' id='word_1_509' title='bbox 1099 1206 1208 1231; x_wconf 86' lang='lat' dir='ltr'>autem</span> <span class='ocrx_word' id='word_1_510' title='bbox 1220 1200 1250 1229; x_wconf 85' lang='lat'>&amp;</span> <span class='ocrx_word' id='word_1_511' title='bbox 1261 1197 1415 1231; x_wconf 65' lang='lat' dir='ltr'>Palaestini</span> <span class='ocrx_word' id='word_1_512' title='bbox 1426 1210 1493 1232; x_wconf 89' lang='lat' dir='ltr'>non</span> <span class='ocrx_word' id='word_1_513' title='bbox 1503 1200 1600 1235; x_wconf 69' lang='lat' dir='ltr'>item-</span> <span class='ocrx_word' id='word_1_514' title='bbox 1618 1202 1695 1236; x_wconf 91' lang='lat' dir='ltr'>Hoc</span> <span class='ocrx_word' id='word_1_515' title='bbox 1705 1204 1800 1249; x_wconf 59' lang='lat' dir='ltr'>pacio</span> <span class='ocrx_word' id='word_1_516' title='bbox 1809 1203 1860 1239; x_wconf 89' lang='lat' dir='ltr'>fa-</span> 
     </span>
     <span class='ocr_line' id='line_1_92' title="bbox 1099 1244 1858 1289; baseline 0.012 -9"><span class='ocrx_word' id='word_1_517' title='bbox 1099 1244 1160 1280; x_wconf 70' lang='lat' dir='ltr'>cile</span> <span class='ocrx_word' id='word_1_518' title='bbox 1179 1245 1543 1282; x_wconf 87' lang='lat' dir='ltr'>conciliaturlibrorum</span> <span class='ocrx_word' id='word_1_519' title='bbox 1568 1251 1858 1289; x_wconf 85' lang='lat' dir='ltr'>Maccabaicorum</span> 
     </span>
     <span class='ocr_line' id='line_1_93' title="bbox 1097 1293 1860 1348; baseline 0.012 -20"><span class='ocrx_word' id='word_1_520' title='bbox 1097 1293 1277 1329; x_wconf 84' lang='lat' dir='ltr'>differentia</span> <span class='ocrx_word' id='word_1_521' title='bbox 1289 1318 1296 1331; x_wconf 73' lang='lat'>1</span> <span class='ocrx_word' id='word_1_522' title='bbox 1311 1307 1384 1330; x_wconf 81' lang='lat' dir='ltr'>nam</span> <span class='ocrx_word' id='word_1_523' title='bbox 1402 1295 1569 1332; x_wconf 76' lang='lat' dir='ltr'>Antiochus</span> <span class='ocrx_word' id='word_1_524' title='bbox 1582 1302 1723 1335; x_wconf 89' lang='lat' dir='ltr'>moriens</span> <span class='ocrx_word' id='word_1_525' title='bbox 1735 1304 1860 1348; x_wconf 88' lang='lat' dir='ltr'>princi-</span> 
     </span>
     <span class='ocr_line' id='line_1_94' title="bbox 1098 1341 1855 1397; baseline 0.013 -21"><span class='ocrx_word' id='word_1_526' title='bbox 1098 1346 1152 1392; x_wconf 88' lang='lat' dir='ltr'>pio</span> <span class='ocrx_word' id='word_1_527' title='bbox 1171 1341 1312 1378; x_wconf 60' lang='lat' dir='ltr'>Xanthia</span> <span class='ocrx_word' id='word_1_528' title='bbox 1332 1347 1503 1381; x_wconf 90' lang='lat' dir='ltr'>cumlibro</span> <span class='ocrx_word' id='word_1_529' title='bbox 1517 1349 1624 1394; x_wconf 83' lang='lat' dir='ltr'>primo</span> <span class='ocrx_word' id='word_1_530' title='bbox 1636 1373 1645 1388; x_wconf 91' lang='lat'>‚</span> <span class='ocrx_word' id='word_1_531' title='bbox 1662 1352 1717 1397; x_wconf 84' lang='lat' dir='ltr'>qui</span> <span class='ocrx_word' id='word_1_532' title='bbox 1730 1363 1855 1386; x_wconf 89' lang='lat' dir='ltr'>annum</span> 
     </span>
     <span class='ocr_line' id='line_1_95' title="bbox 1098 1390 1854 1445; baseline 0.011 -17"><span class='ocrx_word' id='word_1_533' title='bbox 1098 1394 1212 1441; x_wconf 88' lang='lat' dir='ltr'>incipit</span> <span class='ocrx_word' id='word_1_534' title='bbox 1223 1392 1240 1427; x_wconf 77' lang='lat' dir='ltr'>:i</span> <span class='ocrx_word' id='word_1_535' title='bbox 1251 1390 1392 1428; x_wconf 79' lang='lat' dir='ltr'>Xantlnco</span> <span class='ocrx_word' id='word_1_536' title='bbox 1401 1395 1503 1435; x_wconf 58' lang='lat' dir='ltr'>,recte</span> <span class='ocrx_word' id='word_1_537' title='bbox 1513 1397 1574 1431; x_wconf 91' lang='lat' dir='ltr'>dici</span> <span class='ocrx_word' id='word_1_538' title='bbox 1586 1400 1690 1445; x_wconf 75' lang='lat' dir='ltr'>potest</span> <span class='ocrx_word' id='word_1_539' title='bbox 1702 1412 1854 1436; x_wconf 81' lang='lat' dir='ltr'>mortuus</span> 
     </span>
     <span class='ocr_line' id='line_1_96' title="bbox 1100 1443 1855 1493; baseline 0.009 -15"><span class='ocrx_word' id='word_1_540' title='bbox 1100 1456 1188 1478; x_wconf 88' lang='lat' dir='ltr'>anno</span> <span class='ocrx_word' id='word_1_541' title='bbox 1206 1443 1381 1479; x_wconf 83' lang='lat' dir='ltr'>centesimo</span> <span class='ocrx_word' id='word_1_542' title='bbox 1393 1446 1639 1493; x_wconf 83' lang='lat' dir='ltr'>quadragesimo</span> <span class='ocrx_word' id='word_1_543' title='bbox 1653 1461 1745 1483; x_wconf 90' lang='lat' dir='ltr'>nono</span> <span class='ocrx_word' id='word_1_544' title='bbox 1756 1467 1767 1489; x_wconf 66' lang='grc' dir='ltr'><strong><em>ς</em></strong></span> <span class='ocrx_word' id='word_1_545' title='bbox 1794 1463 1855 1485; x_wconf 85' lang='lat' dir='ltr'>nec</span> 
     </span>
     <span class='ocr_line' id='line_1_97' title="bbox 1100 1492 1856 1534; baseline 0.008 -6"><span class='ocrx_word' id='word_1_546' title='bbox 1100 1496 1207 1528; x_wconf 89' lang='lat' dir='ltr'>minus</span> <span class='ocrx_word' id='word_1_547' title='bbox 1218 1492 1302 1527; x_wconf 53' lang='lat' dir='ltr'>recte</span> <span class='ocrx_word' id='word_1_548' title='bbox 1314 1506 1388 1527; x_wconf 88' lang='lat' dir='ltr'>cum</span> <span class='ocrx_word' id='word_1_549' title='bbox 1399 1493 1485 1528; x_wconf 89' lang='lat' dir='ltr'>libro</span> <span class='ocrx_word' id='word_1_550' title='bbox 1497 1496 1640 1531; x_wconf 85' lang='lat' dir='ltr'>secundo</span> <span class='ocrx_word' id='word_1_551' title='bbox 1650 1510 1856 1534; x_wconf 74' lang='lat' dir='ltr'>:innocente-</span> 
     </span>
     <span class='ocr_line' id='line_1_98' title="bbox 1099 1541 1857 1592; baseline 0.009 -16"><span class='ocrx_word' id='word_1_552' title='bbox 1099 1542 1179 1578; x_wconf 88' lang='lat' dir='ltr'>fimo</span> <span class='ocrx_word' id='word_1_553' title='bbox 1191 1541 1438 1589; x_wconf 82' lang='lat' dir='ltr'>quadragesimo</span> <span class='ocrx_word' id='word_1_554' title='bbox 1449 1544 1568 1578; x_wconf 65' lang='lat' dir='ltr'>octavo</span> <span class='ocrx_word' id='word_1_555' title='bbox 1579 1558 1584 1582; x_wconf 84' lang='lat'>;</span> <span class='ocrx_word' id='word_1_556' title='bbox 1597 1547 1672 1592; x_wconf 89' lang='lat' dir='ltr'>quia</span> <span class='ocrx_word' id='word_1_557' title='bbox 1683 1548 1793 1581; x_wconf 60' lang='lat' dir='ltr'>auctor</span> <span class='ocrx_word' id='word_1_558' title='bbox 1801 1547 1857 1583; x_wconf 78' lang='lat' dir='ltr'>hic</span> 
     </span>
     <span class='ocr_line' id='line_1_99' title="bbox 1098 1590 1857 1638; baseline 0.007 -11"><span class='ocrx_word' id='word_1_559' title='bbox 1098 1592 1256 1638; x_wconf 80' lang='lat' dir='ltr'>incipiens</span> <span class='ocrx_word' id='word_1_560' title='bbox 1288 1604 1411 1626; x_wconf 90' lang='lat' dir='ltr'>annum</span> <span class='ocrx_word' id='word_1_561' title='bbox 1435 1590 1529 1627; x_wconf 91' lang='lat' dir='ltr'>suum</span> <span class='ocrx_word' id='word_1_562' title='bbox 1549 1595 1797 1631; x_wconf 85' lang='lat' dir='ltr'>Alexandraeum</span> <span class='ocrx_word' id='word_1_563' title='bbox 1815 1596 1857 1632; x_wconf 86' lang='lat' dir='ltr'>ab</span> 
     </span>
     <span class='ocr_line' id='line_1_100' title="bbox 1100 1638 1858 1692; baseline 0.011 -19"><span class='ocrx_word' id='word_1_564' title='bbox 1100 1638 1304 1687; x_wconf 67' lang='lat' dir='ltr'>Hyperboretaeo</span> <span class='ocrx_word' id='word_1_565' title='bbox 1316 1640 1650 1681; x_wconf 75' lang='lat' dir='ltr'>Autumni‚xamhicus</span> <span class='ocrx_word' id='word_1_566' title='bbox 1656 1643 1788 1692; x_wconf 84' lang='lat' dir='ltr'>sequens</span> <span class='ocrx_word' id='word_1_567' title='bbox 1797 1647 1858 1681; x_wconf 85' lang='lat' dir='ltr'>erit</span> 
     </span>
     <span class='ocr_line' id='line_1_101' title="bbox 1102 1690 1858 1745; baseline 0.009 -21"><span class='ocrx_word' id='word_1_568' title='bbox 1102 1690 1160 1738; x_wconf 85' lang='lat' dir='ltr'>ipsi</span> <span class='ocrx_word' id='word_1_569' title='bbox 1180 1690 1297 1725; x_wconf 89' lang='lat' dir='ltr'>mensis</span> <span class='ocrx_word' id='word_1_570' title='bbox 1313 1690 1470 1739; x_wconf 87' lang='lat' dir='ltr'>septimus</span> <span class='ocrx_word' id='word_1_571' title='bbox 1489 1694 1564 1727; x_wconf 88' lang='lat' dir='ltr'>anni</span> <span class='ocrx_word' id='word_1_572' title='bbox 1589 1695 1755 1730; x_wconf 85' lang='lat' dir='ltr'>centesimi</span> <span class='ocrx_word' id='word_1_573' title='bbox 1776 1709 1858 1745; x_wconf 88' lang='lat' dir='ltr'>qua-</span> 
     </span>
     <span class='ocr_line' id='line_1_102' title="bbox 1102 1739 1858 1794; baseline 0.008 -19"><span class='ocrx_word' id='word_1_574' title='bbox 1102 1739 1273 1788; x_wconf 83' lang='lat' dir='ltr'>dragesimi</span> <span class='ocrx_word' id='word_1_575' title='bbox 1284 1741 1405 1782; x_wconf 66' lang='lat' dir='ltr'>octavi,</span> <span class='ocrx_word' id='word_1_576' title='bbox 1418 1742 1491 1776; x_wconf 90' lang='lat' dir='ltr'>licet</span> <span class='ocrx_word' id='word_1_577' title='bbox 1501 1743 1590 1777; x_wconf 88' lang='lat' dir='ltr'>alteri</span> <span class='ocrx_word' id='word_1_578' title='bbox 1600 1745 1722 1780; x_wconf 67' lang='lat' dir='ltr'>auctori</span> <span class='ocrx_word' id='word_1_579' title='bbox 1730 1746 1858 1794; x_wconf 83' lang='lat' dir='ltr'>primus</span> 
     </span>
     <span class='ocr_line' id='line_1_103' title="bbox 1101 1789 1613 1840; baseline 0 -15"><span class='ocrx_word' id='word_1_580' title='bbox 1101 1789 1264 1825; x_wconf 86' lang='lat' dir='ltr'>centesimi</span> <span class='ocrx_word' id='word_1_581' title='bbox 1276 1790 1509 1840; x_wconf 82' lang='lat' dir='ltr'>quadragesimi</span> <span class='ocrx_word' id='word_1_582' title='bbox 1520 1794 1613 1827; x_wconf 88' lang='lat' dir='ltr'>noni.</span> 
     </span>
    </p>

    <p class='ocr_par' dir='ltr' id='par_1_10' title="bbox 1100 1840 1857 2073">
     <span class='ocr_line' id='line_1_104' title="bbox 1148 1840 1855 1890; baseline 0.007 -17"><span class='ocrx_word' id='word_1_583' title='bbox 1148 1843 1183 1874; x_wconf 89' lang='lat' dir='ltr'>In</span> <span class='ocrx_word' id='word_1_584' title='bbox 1205 1840 1269 1874; x_wconf 86' lang='lat' dir='ltr'>hoc</span> <span class='ocrx_word' id='word_1_585' title='bbox 1288 1841 1405 1887; x_wconf 90' lang='lat' dir='ltr'>clypeo</span> <span class='ocrx_word' id='word_1_586' title='bbox 1426 1840 1568 1876; x_wconf 71' lang='lat' dir='ltr'>multum</span> <span class='ocrx_word' id='word_1_587' title='bbox 1589 1843 1747 1890; x_wconf 85' lang='lat' dir='ltr'>gloriatur</span> <span class='ocrx_word' id='word_1_588' title='bbox 1763 1846 1855 1878; x_wconf 80' lang='lat' dir='ltr'>Peta-</span> 
     </span>
     <span class='ocr_line' id='line_1_105' title="bbox 1101 1889 1856 1941; baseline 0.005 -19"><span class='ocrx_word' id='word_1_589' title='bbox 1101 1889 1185 1929; x_wconf 67' lang='grc' dir='ltr'><em>νίκα,</em></span> <span class='ocrx_word' id='word_1_590' title='bbox 1203 1891 1405 1938; x_wconf 87' lang='lat' dir='ltr'>miraturque</span> <span class='ocrx_word' id='word_1_591' title='bbox 1421 1890 1561 1941; x_wconf 74' lang='lat' dir='ltr'>Scaligeri</span> <span class='ocrx_word' id='word_1_592' title='bbox 1581 1893 1737 1938; x_wconf 86' lang='lat' dir='ltr'>puerilem</span> <span class='ocrx_word' id='word_1_593' title='bbox 1756 1891 1856 1927; x_wconf 82' lang='lat' dir='ltr'>insci-</span> 
     </span>
     <span class='ocr_line' id='line_1_106' title="bbox 1100 1937 1854 1977; baseline 0.007 -5"><span class='ocrx_word' id='word_1_594' title='bbox 1100 1941 1179 1973; x_wconf 86' lang='lat' dir='ltr'>tiam</span> <span class='ocrx_word' id='word_1_595' title='bbox 1214 1943 1248 1973; x_wconf 86' lang='lat'>&amp;</span> <span class='ocrx_word' id='word_1_596' title='bbox 1275 1937 1472 1974; x_wconf 83' lang='lat' dir='ltr'>oscitantem</span> <span class='ocrx_word' id='word_1_597' title='bbox 1492 1941 1669 1975; x_wconf 60' lang='lat' dir='ltr'>lectionem</span> <span class='ocrx_word' id='word_1_598' title='bbox 1691 1941 1854 1977; x_wconf 85' lang='lat' dir='ltr'>librorum</span> 
     </span>
     <span class='ocr_line' id='line_1_107' title="bbox 1101 1988 1857 2036; baseline 0.003 -13"><span class='ocrx_word' id='word_1_599' title='bbox 1101 1988 1372 2028; x_wconf 66' lang='lat' dir='ltr'>Maccahaeorum,</span> <span class='ocrx_word' id='word_1_600' title='bbox 1384 1990 1464 2036; x_wconf 90' lang='lat' dir='ltr'>quin</span> <span class='ocrx_word' id='word_1_601' title='bbox 1476 1991 1696 2036; x_wconf 80' lang='lat' dir='ltr'>&amp;jocularem</span> <span class='ocrx_word' id='word_1_602' title='bbox 1708 1990 1857 2036; x_wconf 81' lang='lat' dir='ltr'>ejushal-</span> 
     </span>
     <span class='ocr_line' id='line_1_108' title="bbox 1104 2039 1354 2073; baseline -0.004 0"><span class='ocrx_word' id='word_1_603' title='bbox 1104 2039 1354 2073; x_wconf 88' lang='lat' dir='ltr'>lucinationem.</span> 
     </span>
    </p>

    <p class='ocr_par' dir='ltr' id='par_1_11' title="bbox 1098 2086 1858 2317">
     <span class='ocr_line' id='line_1_109' title="bbox 1145 2086 1858 2128; baseline 0.001 -8"><span class='ocrx_word' id='word_1_604' title='bbox 1145 2086 1427 2123; x_wconf 84' lang='lat' dir='ltr'>lnsolentiffimam</span> <span class='ocrx_word' id='word_1_605' title='bbox 1438 2087 1521 2123; x_wconf 88' lang='lat' dir='ltr'>hanc</span> <span class='ocrx_word' id='word_1_606' title='bbox 1533 2089 1708 2124; x_wconf 86' lang='lat' dir='ltr'>vanitatem</span> <span class='ocrx_word' id='word_1_607' title='bbox 1719 2114 1729 2128; x_wconf 89' lang='lat'>‚</span> <span class='ocrx_word' id='word_1_608' title='bbox 1750 2098 1784 2123; x_wconf 92' lang='lat' dir='ltr'>ut</span> <span class='ocrx_word' id='word_1_609' title='bbox 1792 2087 1858 2121; x_wconf 88' lang='lat' dir='ltr'>do-</span> 
     </span>
     <span class='ocr_line' id='line_1_110' title="bbox 1101 2136 1856 2186; baseline -0.001 -15"><span class='ocrx_word' id='word_1_610' title='bbox 1101 2136 1268 2172; x_wconf 87' lang='lat' dir='ltr'>mesticam</span> <span class='ocrx_word' id='word_1_611' title='bbox 1286 2142 1317 2173; x_wconf 76' lang='grc' dir='ltr'>δι</span> <span class='ocrx_word' id='word_1_612' title='bbox 1337 2140 1502 2186; x_wconf 86' lang='lat' dir='ltr'>propriam</span> <span class='ocrx_word' id='word_1_613' title='bbox 1512 2137 1655 2186; x_wconf 76' lang='lat' dir='ltr'>jesuitis‚</span> <span class='ocrx_word' id='word_1_614' title='bbox 1668 2136 1792 2171; x_wconf 80' lang='lat' dir='ltr'>Petavio</span> <span class='ocrx_word' id='word_1_615' title='bbox 1803 2137 1856 2170; x_wconf 88' lang='lat' dir='ltr'>lu-</span> 
     </span>
     <span class='ocr_line' id='line_1_111' title="bbox 1102 2184 1858 2234; baseline -0.001 -14"><span class='ocrx_word' id='word_1_616' title='bbox 1102 2185 1234 2221; x_wconf 71' lang='lat' dir='ltr'>bentius</span> <span class='ocrx_word' id='word_1_617' title='bbox 1248 2188 1406 2234; x_wconf 86' lang='lat' dir='ltr'>indulgeo</span> <span class='ocrx_word' id='word_1_618' title='bbox 1417 2185 1513 2233; x_wconf 72' lang='lat' dir='ltr'>quarn</span> <span class='ocrx_word' id='word_1_619' title='bbox 1527 2186 1635 2221; x_wconf 77' lang='lat' dir='ltr'>Medo,</span> <span class='ocrx_word' id='word_1_620' title='bbox 1651 2187 1707 2233; x_wconf 89' lang='lat' dir='ltr'>qui</span> <span class='ocrx_word' id='word_1_621' title='bbox 1717 2184 1858 2232; x_wconf 82' lang='lat' dir='ltr'>Jesuita-</span> 
     </span>
     <span class='ocr_line' id='line_1_112' title="bbox 1098 2233 1856 2269; baseline 0.001 -1"><span class='ocrx_word' id='word_1_622' title='bbox 1098 2248 1171 2268; x_wconf 84' lang='lat' dir='ltr'>rum</span> <span class='ocrx_word' id='word_1_623' title='bbox 1186 2235 1449 2268; x_wconf 84' lang='lat' dir='ltr'>maledicentiam</span> <span class='ocrx_word' id='word_1_624' title='bbox 1470 2246 1538 2268; x_wconf 89' lang='lat' dir='ltr'>non</span> <span class='ocrx_word' id='word_1_625' title='bbox 1559 2233 1672 2269; x_wconf 89' lang='lat' dir='ltr'>debuit</span> <span class='ocrx_word' id='word_1_626' title='bbox 1683 2236 1716 2269; x_wconf 89' lang='lat' dir='ltr'>in</span> <span class='ocrx_word' id='word_1_627' title='bbox 1727 2233 1856 2269; x_wconf 86' lang='lat' dir='ltr'>nostros</span> 
     </span>
     <span class='ocr_line' id='line_1_113' title="bbox 1099 2292 1301 2317; baseline 0.01 -2"><span class='ocrx_word' id='word_1_628' title='bbox 1099 2292 1301 2317; x_wconf 84' lang='lat' dir='ltr'>convertere.</span> 
     </span>
    </p>

    <p class='ocr_par' dir='ltr' id='par_1_12' title="bbox 1095 2330 1856 2920">
     <span class='ocr_line' id='line_1_114' title="bbox 1143 2330 1852 2382; baseline 0.001 -17"><span class='ocrx_word' id='word_1_629' title='bbox 1143 2331 1231 2382; x_wconf 85' lang='lat' dir='ltr'>Utut</span> <span class='ocrx_word' id='word_1_630' title='bbox 1243 2330 1288 2365; x_wconf 87' lang='lat' dir='ltr'>est</span> <span class='ocrx_word' id='word_1_631' title='bbox 1304 2356 1313 2371; x_wconf 93' lang='lat'>,</span> <span class='ocrx_word' id='word_1_632' title='bbox 1331 2330 1418 2366; x_wconf 87' lang='lat' dir='ltr'>nulla</span> <span class='ocrx_word' id='word_1_633' title='bbox 1427 2333 1570 2367; x_wconf 90' lang='lat' dir='ltr'>omnino</span> <span class='ocrx_word' id='word_1_634' title='bbox 1586 2332 1674 2368; x_wconf 85' lang='lat' dir='ltr'>causa</span> <span class='ocrx_word' id='word_1_635' title='bbox 1695 2343 1789 2368; x_wconf 82' lang='lat' dir='ltr'>tantae</span> <span class='ocrx_word' id='word_1_636' title='bbox 1798 2332 1852 2369; x_wconf 89' lang='lat' dir='ltr'>vel</span> 
     </span>
     <span class='ocr_line' id='line_1_115' title="bbox 1097 2378 1854 2430; baseline 0.008 -19"><span class='ocrx_word' id='word_1_637' title='bbox 1097 2379 1188 2415; x_wconf 70' lang='lat' dir='ltr'>Medi</span> <span class='ocrx_word' id='word_1_638' title='bbox 1208 2382 1257 2414; x_wconf 88' lang='lat' dir='ltr'>vel</span> <span class='ocrx_word' id='word_1_639' title='bbox 1276 2378 1325 2414; x_wconf 89' lang='lat' dir='ltr'>sui</span> <span class='ocrx_word' id='word_1_640' title='bbox 1342 2381 1482 2416; x_wconf 67' lang='lat' dir='ltr'>au&amp;oris</span> <span class='ocrx_word' id='word_1_641' title='bbox 1504 2384 1623 2417; x_wconf 78' lang='lat' dir='ltr'>Petavii</span> <span class='ocrx_word' id='word_1_642' title='bbox 1642 2383 1854 2430; x_wconf 82' lang='lat' dir='ltr'>gloriationis</span> 
     </span>
     <span class='ocr_line' id='line_1_116' title="bbox 1095 2430 1852 2479; baseline 0.005 -16"><span class='ocrx_word' id='word_1_643' title='bbox 1095 2439 1237 2476; x_wconf 87' lang='lat' dir='ltr'>apparet.</span> <span class='ocrx_word' id='word_1_644' title='bbox 1266 2430 1355 2464; x_wconf 87' lang='lat' dir='ltr'>Nam</span> <span class='ocrx_word' id='word_1_645' title='bbox 1374 2431 1484 2477; x_wconf 67' lang='lat' dir='ltr'>primo</span> <span class='ocrx_word' id='word_1_646' title='bbox 1500 2432 1672 2466; x_wconf 83' lang='lat' dir='ltr'>inventum</span> <span class='ocrx_word' id='word_1_647' title='bbox 1693 2430 1795 2479; x_wconf 88' lang='lat' dir='ltr'>ipsum</span> <span class='ocrx_word' id='word_1_648' title='bbox 1817 2437 1852 2467; x_wconf 85' lang='lat'>&amp;</span> 
     </span>
     <span class='ocr_line' id='line_1_117' title="bbox 1096 2477 1852 2528; baseline 0.003 -15"><span class='ocrx_word' id='word_1_649' title='bbox 1096 2480 1208 2513; x_wconf 87' lang='lat' dir='ltr'>omnia</span> <span class='ocrx_word' id='word_1_650' title='bbox 1220 2482 1285 2521; x_wconf 86' lang='lat' dir='ltr'>ejus</span> <span class='ocrx_word' id='word_1_651' title='bbox 1295 2477 1507 2515; x_wconf 88' lang='lat' dir='ltr'>fundamenta</span> <span class='ocrx_word' id='word_1_652' title='bbox 1517 2479 1636 2528; x_wconf 87' lang='lat' dir='ltr'>Jesuita</span> <span class='ocrx_word' id='word_1_653' title='bbox 1654 2492 1818 2517; x_wconf 82' lang='lat' dir='ltr'>mutuatur</span> <span class='ocrx_word' id='word_1_654' title='bbox 1834 2480 1852 2515; x_wconf 70' lang='lat' dir='ltr'>a</span> 
     </span>
     <span class='ocr_line' id='line_1_118' title="bbox 1096 2527 1854 2578; baseline 0.005 -17"><span class='ocrx_word' id='word_1_655' title='bbox 1096 2527 1207 2562; x_wconf 85' lang='lat' dir='ltr'>nostro</span> <span class='ocrx_word' id='word_1_656' title='bbox 1219 2527 1375 2578; x_wconf 52' lang='lat' dir='ltr'>Scaligerm</span> <span class='ocrx_word' id='word_1_657' title='bbox 1386 2531 1443 2576; x_wconf 86' lang='lat' dir='ltr'>qui</span> <span class='ocrx_word' id='word_1_658' title='bbox 1454 2530 1600 2565; x_wconf 86' lang='lat' dir='ltr'>editione</span> <span class='ocrx_word' id='word_1_659' title='bbox 1611 2531 1780 2578; x_wconf 86' lang='lat' dir='ltr'>posteriori</span> <span class='ocrx_word' id='word_1_660' title='bbox 1789 2531 1854 2565; x_wconf 85' lang='lat' dir='ltr'>suae</span> 
     </span>
     <span class='ocr_line' id='line_1_119' title="bbox 1096 2578 1856 2626; baseline 0.003 -14"><span class='ocrx_word' id='word_1_661' title='bbox 1096 2580 1267 2626; x_wconf 85' lang='lat' dir='ltr'>Temporum</span> <span class='ocrx_word' id='word_1_662' title='bbox 1284 2578 1510 2619; x_wconf 72' lang='lat' dir='ltr'>emendationis,</span> <span class='ocrx_word' id='word_1_663' title='bbox 1538 2579 1661 2614; x_wconf 87' lang='lat' dir='ltr'>diversa</span> <span class='ocrx_word' id='word_1_664' title='bbox 1691 2579 1757 2614; x_wconf 77' lang='lat' dir='ltr'>liaec</span> <span class='ocrx_word' id='word_1_665' title='bbox 1778 2581 1856 2615; x_wconf 88' lang='lat' dir='ltr'>anni</span> 
     </span>
     <span class='ocr_line' id='line_1_120' title="bbox 1097 2628 1856 2675; baseline 0.003 -13"><span class='ocrx_word' id='word_1_666' title='bbox 1097 2628 1290 2662; x_wconf 75' lang='lat' dir='ltr'>Graecorum</span> <span class='ocrx_word' id='word_1_667' title='bbox 1308 2630 1464 2675; x_wconf 87' lang='lat' dir='ltr'>principia</span> <span class='ocrx_word' id='word_1_668' title='bbox 1476 2629 1654 2675; x_wconf 77' lang='lat' dir='ltr'>expiscatus</span> <span class='ocrx_word' id='word_1_669' title='bbox 1672 2642 1712 2663; x_wconf 90' lang='lat' dir='ltr'>eo</span> <span class='ocrx_word' id='word_1_670' title='bbox 1724 2629 1856 2664; x_wconf 86' lang='lat' dir='ltr'>haustro</span> 
     </span>
     <span class='ocr_line' id='line_1_121' title="bbox 1104 2676 1855 2713; baseline 0.003 -4"><span class='ocrx_word' id='word_1_671' title='bbox 1104 2676 1368 2711; x_wconf 86' lang='lat' dir='ltr'>Maccabaeorum</span> <span class='ocrx_word' id='word_1_672' title='bbox 1379 2678 1524 2711; x_wconf 63' lang='lat' dir='ltr'>austeres</span> <span class='ocrx_word' id='word_1_673' title='bbox 1534 2691 1573 2712; x_wconf 88' lang='lat' dir='ltr'>ex</span> <span class='ocrx_word' id='word_1_674' title='bbox 1583 2679 1855 2713; x_wconf 72' lang='lat' dir='ltr'>contradiffionis</span> 
     </span>
     <span class='ocr_line' id='line_1_122' title="bbox 1100 2724 1853 2772; baseline 0 -13"><span class='ocrx_word' id='word_1_675' title='bbox 1100 2726 1362 2772; x_wconf 84' lang='lat' dir='ltr'>Chronologicae</span> <span class='ocrx_word' id='word_1_676' title='bbox 1375 2724 1525 2761; x_wconf 77' lang='lat' dir='ltr'>barathro</span> <span class='ocrx_word' id='word_1_677' title='bbox 1538 2728 1699 2762; x_wconf 83' lang='lat' dir='ltr'>extrahere</span> <span class='ocrx_word' id='word_1_678' title='bbox 1717 2737 1853 2762; x_wconf 87' lang='lat' dir='ltr'>conatus</span> 
     </span>
     <span class='ocr_line' id='line_1_123' title="bbox 1095 2773 1855 2824; baseline 0.001 -16"><span class='ocrx_word' id='word_1_679' title='bbox 1095 2774 1157 2808; x_wconf 89' lang='lat' dir='ltr'>est:</span> <span class='ocrx_word' id='word_1_680' title='bbox 1186 2773 1231 2808; x_wconf 90' lang='lat' dir='ltr'>ob</span> <span class='ocrx_word' id='word_1_681' title='bbox 1250 2774 1339 2821; x_wconf 92' lang='lat' dir='ltr'>quod</span> <span class='ocrx_word' id='word_1_682' title='bbox 1358 2785 1467 2810; x_wconf 87' lang='lat' dir='ltr'>tamen</span> <span class='ocrx_word' id='word_1_683' title='bbox 1491 2788 1648 2824; x_wconf 85' lang='lat' dir='ltr'>magnum</span> <span class='ocrx_word' id='word_1_684' title='bbox 1670 2774 1855 2810; x_wconf 83' lang='lat' dir='ltr'>Pontificiis</span> 
     </span>
     <span class='ocr_line' id='line_1_124' title="bbox 1095 2822 1853 2873; baseline 0 -16"><span class='ocrx_word' id='word_1_685' title='bbox 1095 2822 1292 2858; x_wconf 85' lang='lat' dir='ltr'>beneficium</span> <span class='ocrx_word' id='word_1_686' title='bbox 1305 2823 1386 2859; x_wconf 85' lang='lat' dir='ltr'>nihil</span> <span class='ocrx_word' id='word_1_687' title='bbox 1394 2826 1435 2859; x_wconf 85' lang='lat' dir='ltr'>ali</span> <span class='ocrx_word' id='word_1_688' title='bbox 1443 2825 1483 2860; x_wconf 86' lang='lat' dir='ltr'>ud</span> <span class='ocrx_word' id='word_1_689' title='bbox 1493 2828 1599 2873; x_wconf 83' lang='lat' dir='ltr'>gratiae</span> <span class='ocrx_word' id='word_1_690' title='bbox 1608 2826 1649 2859; x_wconf 89' lang='lat' dir='ltr'>ab</span> <span class='ocrx_word' id='word_1_691' title='bbox 1659 2824 1730 2872; x_wconf 90' lang='lat' dir='ltr'>ipsis</span> <span class='ocrx_word' id='word_1_692' title='bbox 1740 2822 1853 2866; x_wconf 86' lang='lat' dir='ltr'>refert,</span> 
     </span>
     <span class='ocr_line' id='line_1_125' title="bbox 1095 2871 1626 2920; baseline 0.002 -14"><span class='ocrx_word' id='word_1_693' title='bbox 1095 2871 1192 2920; x_wconf 62' lang='lat' dir='ltr'>quim</span> <span class='ocrx_word' id='word_1_694' title='bbox 1206 2871 1320 2907; x_wconf 79' lang='lat' dir='ltr'>salsum</span> <span class='ocrx_word' id='word_1_695' title='bbox 1332 2872 1426 2908; x_wconf 85' lang='lat' dir='ltr'>risum</span> <span class='ocrx_word' id='word_1_696' title='bbox 1440 2879 1470 2909; x_wconf 61' lang='grc' dir='ltr'>ἃ</span> <span class='ocrx_word' id='word_1_697' title='bbox 1479 2875 1626 2908; x_wconf 84' lang='lat' dir='ltr'>ludibria.</span> 
     </span>
    </p>

    <p class='ocr_par' dir='ltr' id='par_1_13' title="bbox 1092 2922 1879 3262">
     <span class='ocr_line' id='line_1_126' title="bbox 1142 2922 1847 2959; baseline 0.006 -4"><span class='ocrx_word' id='word_1_698' title='bbox 1142 2922 1310 2956; x_wconf 75' lang='lat' dir='ltr'>Secundo.</span> <span class='ocrx_word' id='word_1_699' title='bbox 1338 2924 1428 2957; x_wconf 86' lang='lat' dir='ltr'>Dato</span> <span class='ocrx_word' id='word_1_700' title='bbox 1451 2936 1563 2958; x_wconf 89' lang='lat' dir='ltr'>verum</span> <span class='ocrx_word' id='word_1_701' title='bbox 1584 2922 1647 2956; x_wconf 84' lang='lat' dir='ltr'>hoc</span> <span class='ocrx_word' id='word_1_702' title='bbox 1662 2926 1692 2957; x_wconf 88' lang='lat'>&amp;</span> <span class='ocrx_word' id='word_1_703' title='bbox 1710 2922 1847 2959; x_wconf 88' lang='lat' dir='ltr'>solidum</span> 
     </span>
     <span class='ocr_line' id='line_1_127' title="bbox 1093 2969 1851 3021; baseline 0.007 -18"><span class='ocrx_word' id='word_1_704' title='bbox 1093 2969 1235 3021; x_wconf 62' lang='lat' dir='ltr'>Scaltgen&#39;</span> <span class='ocrx_word' id='word_1_705' title='bbox 1251 2972 1419 3004; x_wconf 88' lang='lat' dir='ltr'>inventum</span> <span class='ocrx_word' id='word_1_706' title='bbox 1435 2995 1444 3009; x_wconf 96' lang='lat'>‚</span> <span class='ocrx_word' id='word_1_707' title='bbox 1473 2971 1539 3004; x_wconf 92' lang='lat' dir='ltr'>duo</span> <span class='ocrx_word' id='word_1_708' title='bbox 1551 2982 1661 3006; x_wconf 87' lang='lat' dir='ltr'>tamen</span> <span class='ocrx_word' id='word_1_709' title='bbox 1675 2972 1779 3007; x_wconf 83' lang='lat' dir='ltr'>adhuc</span> <span class='ocrx_word' id='word_1_710' title='bbox 1797 2985 1851 3008; x_wconf 89' lang='lat' dir='ltr'>re-</span> 
     </span>
     <span class='ocr_line' id='line_1_128' title="bbox 1093 3018 1879 3066; baseline 0.005 -14"><span class='ocrx_word' id='word_1_711' title='bbox 1093 3019 1174 3053; x_wconf 82' lang='lat' dir='ltr'>stant</span> <span class='ocrx_word' id='word_1_712' title='bbox 1188 3018 1355 3066; x_wconf 85' lang='lat' dir='ltr'>probanda</span> <span class='ocrx_word' id='word_1_713' title='bbox 1372 3031 1378 3053; x_wconf 90' lang='lat'><strong>:</strong></span> <span class='ocrx_word' id='word_1_714' title='bbox 1404 3018 1504 3053; x_wconf 81' lang='lat' dir='ltr'>unum</span> <span class='ocrx_word' id='word_1_715' title='bbox 1530 3023 1693 3056; x_wconf 56' lang='lat' dir='ltr'>auctorem</span> <span class='ocrx_word' id='word_1_716' title='bbox 1707 3021 1780 3057; x_wconf 86' lang='lat' dir='ltr'>libri</span> <span class='ocrx_word' id='word_1_717' title='bbox 1802 3022 1850 3057; x_wconf 89' lang='lat' dir='ltr'>se·</span> <span class='ocrx_word' id='word_1_718' title='bbox 1874 3048 1879 3056; x_wconf 86' lang='grc'>,</span> 
     </span>
     <span class='ocr_line' id='line_1_129' title="bbox 1092 3067 1848 3116; baseline 0.005 -14"><span class='ocrx_word' id='word_1_719' title='bbox 1092 3067 1193 3102; x_wconf 90' lang='lat' dir='ltr'>cundi</span> <span class='ocrx_word' id='word_1_720' title='bbox 1206 3068 1466 3102; x_wconf 79' lang='lat' dir='ltr'>Maccabaeorum</span> <span class='ocrx_word' id='word_1_721' title='bbox 1478 3071 1614 3116; x_wconf 83' lang='lat' dir='ltr'>incipere</span> <span class='ocrx_word' id='word_1_722' title='bbox 1625 3070 1716 3105; x_wconf 88' lang='lat' dir='ltr'>suum</span> <span class='ocrx_word' id='word_1_723' title='bbox 1725 3084 1848 3106; x_wconf 88' lang='lat' dir='ltr'>annum</span> 
     </span>
     <span class='ocr_line' id='line_1_130' title="bbox 1093 3115 1849 3166; baseline 0.004 -15"><span class='ocrx_word' id='word_1_724' title='bbox 1093 3117 1134 3151; x_wconf 85' lang='lat' dir='ltr'>ab</span> <span class='ocrx_word' id='word_1_725' title='bbox 1148 3121 1337 3151; x_wconf 85' lang='lat' dir='ltr'>Autumno:</span> <span class='ocrx_word' id='word_1_726' title='bbox 1369 3115 1443 3151; x_wconf 87' lang='lat' dir='ltr'>satis</span> <span class='ocrx_word' id='word_1_727' title='bbox 1463 3119 1596 3164; x_wconf 89' lang='lat' dir='ltr'>quidem</span> <span class='ocrx_word' id='word_1_728' title='bbox 1617 3120 1767 3166; x_wconf 79' lang='lat' dir='ltr'>probavit</span> <span class='ocrx_word' id='word_1_729' title='bbox 1780 3124 1849 3154; x_wconf 77' lang='lat' dir='ltr'>Sca-</span> 
     </span>
     <span class='ocr_line' id='line_1_131' title="bbox 1093 3165 1849 3221; baseline 0.005 -23"><span class='ocrx_word' id='word_1_730' title='bbox 1093 3165 1166 3221; x_wconf 58' lang='lat' dir='ltr'>{ger&#39;</span> <span class='ocrx_word' id='word_1_731' title='bbox 1176 3169 1209 3200; x_wconf 86' lang='lat'>&amp;</span> <span class='ocrx_word' id='word_1_732' title='bbox 1221 3179 1258 3199; x_wconf 86' lang='lat' dir='ltr'>ex</span> <span class='ocrx_word' id='word_1_733' title='bbox 1271 3179 1309 3200; x_wconf 88' lang='lat' dir='ltr'>eo</span> <span class='ocrx_word' id='word_1_734' title='bbox 1323 3168 1472 3206; x_wconf 66' lang='lat' dir='ltr'>petavius,</span> <span class='ocrx_word' id='word_1_735' title='bbox 1485 3169 1652 3203; x_wconf 63' lang='lat' dir='ltr'>auctorem</span> <span class='ocrx_word' id='word_1_736' title='bbox 1669 3171 1763 3217; x_wconf 87' lang='lat' dir='ltr'>primi</span> <span class='ocrx_word' id='word_1_737' title='bbox 1773 3169 1849 3203; x_wconf 89' lang='lat' dir='ltr'>libri</span> 
     </span>
     <span class='ocr_line' id='line_1_132' title="bbox 1094 3214 1849 3262; baseline 0.009 -14"><span class='ocrx_word' id='word_1_738' title='bbox 1094 3216 1241 3262; x_wconf 83' lang='lat' dir='ltr'>incipere</span> <span class='ocrx_word' id='word_1_739' title='bbox 1262 3214 1280 3249; x_wconf 65' lang='lat' dir='ltr'>a</span> <span class='ocrx_word' id='word_1_740' title='bbox 1305 3218 1388 3252; x_wconf 79' lang='lat' dir='ltr'>Vere</span> <span class='ocrx_word' id='word_1_741' title='bbox 1408 3220 1438 3252; x_wconf 59' lang='grc' dir='ltr'>ἃ</span> <span class='ocrx_word' id='word_1_742' title='bbox 1459 3215 1604 3253; x_wconf 63' lang='grc' dir='ltr'><em>Χαηώέῐο</em></span> <span class='ocrx_word' id='word_1_743' title='bbox 1622 3242 1633 3261; x_wconf 88' lang='lat'>,</span> <span class='ocrx_word' id='word_1_744' title='bbox 1665 3218 1718 3254; x_wconf 84' lang='lat' dir='ltr'>sed</span> <span class='ocrx_word' id='word_1_745' title='bbox 1737 3228 1849 3250; x_wconf 81' lang='lat' dir='ltr'>neuter</span> 
     </span>
    </p>

    <p class='ocr_par' dir='ltr' id='par_1_14' title="bbox 1734 3264 1849 3313">
     <span class='ocr_line' id='line_1_133' title="bbox 1734 3264 1849 3313; baseline -0.009 -13"><span class='ocrx_word' id='word_1_746' title='bbox 1734 3264 1849 3313; x_wconf 78' lang='lat' dir='ltr'>probat</span> 
     </span>
    </p>
   </div>
   <div class='ocr_carea' id='block_1_6' title="bbox 2040 2464 2048 3236">
    <p class='ocr_par' dir='ltr' id='par_1_15' title="bbox 2040 2464 2048 3236">
     <span class='ocr_line' id='line_1_134' title="bbox 2040 2464 2048 3236; baseline 0 0"><span class='ocrx_word' id='word_1_747' title='bbox 2040 2464 2048 3236; x_wconf 95' lang='lat' dir='ltr'> </span> 
     </span>
    </p>
   </div>
  </div>
 </body>
</html>
