2048 3343
54 923 131 962 {finci
136 930 182 962 pro

55 968 165 993 Cainane

55 1016 181 1045 argumen-

53 1056 81 1076 ta
87 1048 150 1085 nfu-

58 1096 150 1116 tantur.

55 1131 175 1158 Primum.

61 1462 154 1488 Secun-

58 1498 124 1529 dum.

67 1768 177 1798 Tatium.

58 1962 186 2004 Quum.

68 2501 190 2540 &furan-

70 2549 96 2569 ru
100 2552 110 2567 r
116 2550 176 2578 argu
180 2555 190 2560 -

67 2590 149 2610 menta

76 2622 184 2651 Waltoni.

483 49 550 79 ετ
610 35 1288 81 eunouozocicx

1349 41 1470 84 L113.
1499 43 1528 82 Ι.

1716 58 1768 93 27

215 120 306 155 &um
318 115 514 154 affirmavit?
540 116 602 151 Sed
622 128 690 150 non
711 114 895 150 mirandum
918 126 971 160 pa·
1016 111 1172 152 extitisse,
1190 117 1222 148 &
1240 115 1350 160 postea
1362 115 1486 151 incuria
1503 115 1709 152 librariorum
1722 119 1770 154 ir-

214 179 279 204 tres
290 172 322 202 &
333 165 445 201 fratres
466 165 556 200 valde
575 166 746 201 immeritis
765 164 923 199 conviciis
939 166 969 196 &

213 217 387 252 calumniis
405 216 618 256 conculcare,
639 216 697 263 qui
709 214 828 248 ibidem
843 212 970 246 involat

211 267 246 301 in
268 265 477 300 authenticos
510 267 542 300 S.
559 264 731 311 Scriptura:
747 271 853 297 textus
872 287 882 301 ,
915 272 970 294 eos

212 314 331 363 (quod
342 314 610 362 horreorepetens
623 316 638 355 )
649 309 919 360 blasphemand0‚
934 321 969 344 ut

210 363 363 400 librarios
374 364 508 413 Judaeos
517 362 686 410 oppositos
695 361 901 409 Euangelicae
913 372 969 394 ve-

210 415 308 448 ritati.
329 417 479 461 Ignorare
490 425 558 446 non
570 412 679 459 potuit
691 412 739 446 vir
749 410 867 445 doetus
877 422 969 444 com-

209 475 343 498 munem
359 460 612 497 Protestantium
624 460 817 497 sententiam
836 485 846 500 ‚
872 469 969 506 prout

209 524 282 546 eam
293 510 408 546 defend
414 522 471 545 unt
483 509 671 559 spanhemius
680 536 690 552 ,
699 509 825 544 Usherus
834 506 967 544 Boshar-

208 570 272 601 rus,
289 562 384 596 &alii
397 562 515 602 multi,
533 563 676 596 eximere
689 562 803 595 Sacros
822 560 970 605 Scripto-

208 623 281 651 res,
309 622 374 645 tam
395 614 504 658 Mosen
524 610 620 660 quam
641 613 774 648 Lutum,
801 606 969 654 imoipsos

214 672 236 695 ι
248 673 270 694 x
284 672 321 694 x.
350 661 547 706 Interpretes
557 661 598 695 ab
608 661 703 695 omni
713 658 767 694 hic
778 669 885 693 errore
897 683 906 696 ,
933 659 968 690 δέ

210 709 366 757 quicquid
383 709 427 744 est
438 712 472 744 in
485 709 633 744 infitione
643 710 782 744 Cainanis
797 704 898 753 culpae
912 715 966 739 to-

209 769 282 794 tum
295 757 473 794 adscribere
485 757 560 793 solis
574 759 711 793 librariis
722 782 732 798 ,
754 754 808 791 seu
820 769 858 790 ex
873 757 968 789 incu-

209 807 254 844 ria
266 833 275 848 ,
302 807 352 842 scu
364 807 405 842 de
417 806 586 845 industria,
604 820 716 855 parum
728 806 768 841 ad
785 817 854 841 rem
874 809 905 840 δι
918 802 968 839 fa-

211 859 313 897 Ctum,
327 869 398 905 quae
410 857 478 892 sola
490 867 793 892 controvertuntur.

258 911 294 942 In
305 909 508 956 argumentis
516 910 624 953 Ifitacus
633 906 677 941 est
685 904 870 940 Laconicus
879 899 971 936 valde

212 967 355 1005 quatuor
365 955 487 1004 profert
498 955 547 990 his
559 956 672 991 verbis.
682 956 838 989 Primum.
854 950 971 984 Fiden-

212 1007 289 1042 dum
316 1007 472 1053 (inquit)
493 1004 737 1050 exemplaribus.
764 998 867 1047 Resp.
894 999 972 1033 Hoc

213 1055 256 1091 cst
268 1055 357 1103 quod
369 1054 468 1089 nostri
480 1053 644 1087 inculcant
655 1074 665 1087 ‚
680 1049 848 1085 fidendum
861 1061 972 1083 exem-

215 1104 357 1152 plaribus
367 1103 460 1145 Mosts
476 1104 509 1135 ὅ(
521 1100 662 1134 auctoris
681 1100 954 1146 Paralipomenon
964 1119 974 1132 ‚

214 1157 247 1189 in
259 1153 373 1201 quibus
385 1150 500 1185 Cainan
514 1151 627 1195 junior
647 1148 804 1197 nusquam
822 1158 973 1196 apparet5

213 1213 282 1238 non
302 1211 408 1234 autem
424 1198 590 1234 fidendum
617 1197 853 1245 exemplaribus
873 1199 977 1232 lnter-

210 1260 339 1297 pretum
361 1249 572 1288 Graecorum,
591 1251 649 1297 qui
670 1248 822 1283 homines
842 1245 976 1282 fuerunt

211 1299 350 1346 lapsibus
365 1297 532 1340 obnoxii,
565 1312 706 1347 quorum
729 1296 922 1344 exemplaria
943 1297 977 1330 in

213 1348 283 1396 ipso
301 1362 368 1396 cap.
385 1361 440 1383 11.
466 1349 555 1383 Gen.
568 1352 635 1393 jam
647 1361 711 1396 prae
725 1347 877 1383 manibus
888 1347 976 1382 mul—

214 1402 256 1434 tis
268 1397 435 1434 erroribus
448 1398 581 1433 scatent.

263 1447 450 1483 Secundum
464 1449 549 1495 [fimi
561 1456 802 1497 argumentum.
829 1445 976 1481 creden-

216 1497 294 1533 dum
306 1500 494 1534 auctoritati
506 1498 590 1532 beati
603 1500 669 1532 Luc
676 1510 711 1532 ae.
724 1496 822 1544 Resp.
848 1496 928 1531 absit
938 1507 975 1531 ut

217 1560 279 1582 nos
295 1560 367 1583 eam
388 1560 546 1583 vocemus
567 1549 602 1581 in
618 1547 778 1586 dubium,
798 1547 875 1580 licet
895 1547 974 1581 irre-

218 1598 351 1645 ptitium
372 1597 495 1632 incuria
518 1596 802 1632 transcribentium
830 1608 975 1630 errorem

218 1659 255 1681 ex
283 1648 642 1695 multis'manuscriptis
661 1646 802 1694 antiquis
821 1645 977 1681 emende-

217 1708 302 1731 mus.

266 1746 418 1780 Tertium
431 1745 858 1795 argumentum.Fidendum
871 1743 972 1779 totius

219 1797 338 1830 veteris
351 1795 495 1830 Ecclefiae
514 1794 633 1831 censui.
659 1796 753 1844 Resp.
779 1795 974 1842 jactantiam

218 1843 300 1879 hanc
312 1843 402 1879 valde*
417 1857 530 1879 vanam
543 1858 622 1881 mox
636 1846 849 1882 retundemus
863 1869 874 1886 ,
899 1840 975 1878 cum

217 1891 235 1926 a*
245 1892 408 1929 VValtono
419 1905 592 1941 repetetur.

265 1944 610 1986 Quartum.Cainanem
621 1942 977 1993 agnovitBerofiasClial-

216 1991 320 2032 datm,
341 2005 417 2027 cum
437 1990 644 2027 Abrahamum
664 1993 785 2028 scribat
805 1994 975 2028 decimum
999 2001 1001 2039 ξ

216 2055 331 2076 eorum
353 2042 610 2077 Patriarcharum
632 2045 690 2090 qui
714 2043 785 2089 post
803 2044 976 2077 Diluvium

217 2093 287 2127 nati
300 2091 385 2132 sunt,
397 2102 434 2125 ut
444 2091 541 2126 habet
550 2089 683 2138 Iosephus
693 2092 979 2139 Antiq.lrb.1.cap.

216 2154 253 2187 7.
279 2139 375 2187 Resp.
397 2141 517 2189 Magna
529 2140 579 2176 hic
590 2143 716 2188 Isaacum
727 2140 839 2189 cepisse
852 2140 980 2176 videtur
1001 2149 1003 2156 '

217 2191 431 2238 incogitantia
445 2205 453 2225 :
478 2203 553 2226 nam
564 2215 574 2228 ‚
601 2190 623 2225 fi
642 2191 719 2239 quid
733 2193 783 2225 vel
795 2193 828 2224 in
842 2187 976 2237 lqffipho,

217 2241 271 2274 vel
283 2241 315 2274 in
326 2239 442 2286 Bet-oso,
454 2251 509 2276 aut
521 2239 714 2289 Eupolemone
724 2239 852 2274 citatis&
866 2237 979 2287 loftpho

219 2289 259 2324 fit
270 2290 484 2329 auctoritatis,
496 2292 603 2338 Ifiaeactfs
614 2290 681 2325 totfi
698 2290 788 2324 cadet
798 2288 890 2324 causfi
900 2314 907 2325 ‚
919 2301 980 2323 nu-

222 2339 378 2373 metando
390 2342 478 2375 enim
494 2340 654 2375 Cainanem
667 2341 832 2385 juniorem
845 2363 854 2378 ‚
872 2337 980 2373 Abra-

227 2383 329 2420 hamus
340 2401 408 2424 non
424 2392 482 2425 erit
492 2390 637 2425 decimus
648 2415 659 2429 ,
683 2389 736 2424 sed
748 2389 945 2424 undecimus
963 2386 981 2422 ὲ

226 2434 379 2470 Diluvio.

276 2484 334 2519 Ista
343 2485 464 2532 Islaeacus.
490 2487 668 2522 Audiamus
677 2493 741 2534 jam
753 2489 890 2524 Brianum
901 2491 980 2523 Pro-

227 2535 292 2583 leg.
305 2548 334 2579 3.
349 2547 441 2568 num.
453 2538 513 2577 64.
527 2539 721 2582 pronunciat
733 2537 785 2570 hic
799 2537 978 2571 decretorie

227 2583 463 2632 Euangelistam
479 2586 601 2618 Lucam
619 2586 772 2620 Graecum
785 2595 981 2632 computum

225 2633 367 2668 Hebraeo
381 2631 538 2678 praeferre,
549 2637 579 2667 &
591 2647 651 2681 pro
667 2646 685 2666 L
702 2646 724 2667 x
741 2647 778 2668 x.
792 2635 983 2680 Interpreti-

229 2683 335 2717 busin
348 2682 406 2716 hac
420 2682 512 2716 causa
523 2682 712 2717 sententiam
726 2682 819 2723 ferre,
832 2685 875 2717 ita
884 2693 921 2716 ut
930 2683 982 2716 vix

227 2734 339 2781 negari
354 2731 447 2777 possit
465 2729 641 2766 lectionem
657 2745 675 2765 L
688 2747 706 2767 x
719 2745 746 2768 x.
762 2734 923 2768 veriorem
935 2730 984 2766 es-

227 2780 270 2817 se.
296 2782 390 2827 Resp.
417 2781 521 2814 Novit
532 2780 732 2815 doetiffimus
750 2784 799 2816 vir
810 2794 892 2829 quot
905 2779 921 2815 a
932 2794 984 2815 va-

228 2834 285 2867 riis
311 2830 445 2865 eruditis
470 2829 727 2877 respondeantur
752 2844 810 2877 pro
834 2829 986 2865 servando

233 2882 361 2916 calculo
371 2879 516 2913 Hebraeo
528 2905 538 2919 ,
565 2882 642 2914 licet
657 2881 770 2914 tamin
787 2892 805 2912 L
817 2894 836 2914 x
847 2893 876 2913 x.
887 2877 985 2927 quam

235 2930 459 2966 LucfiCamanis
469 2943 592 2964 nomen
604 2929 991 2970 continuaretur3illanon

240 2979 416 3013 debuerunt
428 2978 478 3013 hic
491 2981 681 3019 contemni,
704 2992 772 3013 non
786 2981 871 3014 enim
891 2979 942 3013 vel
956 2979 989 3012 in

240 3027 378 3073 personis
391 3025 601 3064 afferentibus
614 3053 624 3066 ‚
637 3030 688 3064 vel
700 3027 795 3064 rebus
810 3029 913 3063 allatis
924 3039 991 3062 tam

240 3075 311 3110 leve
323 3089 529 3113 momentum
543 3104 553 3119 ,
563 3091 598 3113 ut
609 3078 642 3113 hi
653 3090 774 3126 negent
785 3080 834 3113 vel
853 3081 885 3112 in
901 3090 918 3111 ι.
930 3092 948 3112 x
961 3092 991 3112 x.

241 3126 468 3173 Interpretibus
481 3152 492 3170 ‚
504 3130 554 3166 vel
571 3130 606 3166 in
622 3131 710 3165 Lura
720 3129 816 3165 initio
829 3133 856 3165 C
858 3129 992 3166 manem

1016 160 1134 209 repsrffe
1145 160 1306 197 affirment
1318 166 1397 199 illud
1411 179 1532 201 nomen
1547 165 1616 209 (seu
1630 169 1663 202 in
1676 179 1694 200 L
1706 181 1725 202 x
1739 180 1769 202 x.

1016 224 1050 246 ac
1063 225 1098 246 cx
1113 212 1149 245 iis
1161 212 1194 245 in
1213 213 1333 246 Lucam
1349 237 1358 249 ‚
1377 214 1426 248 seu
1442 215 1549 262 primo
1569 218 1602 251 in
1623 219 1765 256 Lucam,

1015 273 1049 295 ac
1061 261 1177 296 exinde
1187 261 1219 295 in
1232 261 1307 296 istos
1321 274 1431 308 parum
1443 264 1553 307 refert)
1576 265 1630 300 ista
1645 270 1768 300 Brtanus

1015 323 1084 345 non
1104 310 1196 344 valde
1207 310 1309 359 digno
1326 311 1489 346 v‘ocabulo
1505 326 1600 349 vocat
1611 314 1771 351 subterfu-

1014 362 1079 405 gia,
1092 358 1143 394 sed
1153 361 1302 395 cumhoc
1313 359 1356 395 est
1374 359 1392 394 τὶ
1414 361 1521 395 Briano
1537 365 1740 409 probandum
1757 387 1767 404 2

1014 408 1172 443 habemus
1183 422 1240 456 pro
1253 412 1449 458 argumentis
1463 423 1550 445 mera
1559 412 1690 450 dietata.

1062 460 1224 492 Primum.
1260 460 1298 493 In
1320 460 1478 494 omnibus
1498 460 1650 495 Codzczbus
1670 466 1770 498 etiam
1789 475 1910 507 primmg

1016 507 1245 556 antiquissimis
1265 521 1389 543 nomen
1408 517 1545 544 camanu
1563 511 1684 557 legitur
1704 524 1772 547 turn

1016 557 1101 602 apud
1117 568 1135 590 1.
1149 571 1167 590 x
1180 570 1211 591 x.
1237 560 1446 605 Interpretes,
1457 570 1527 593 tum
1541 560 1624 607 apud
1637 563 1773 596 Lucam.

1016 605 1112 652 Resp.
1139 604 1251 647 Quam
1275 610 1480 642 temerarium
1500 609 1541 643 esi
1556 609 1618 644 hoc
1629 608 1775 647 effatum,

1018 654 1094 689 cum
1108 653 1304 702 Spanhemius,
1315 658 1447 702 Uffi‘rius‚
1464 659 1591 696 Grotius,
1603 663 1634 693 &
1646 657 1777 693 Boshar-

1017 715 1064 738 tus
1081 705 1115 738 in
1128 705 1201 752 ipsis
1213 707 1292 740 locis
1305 705 1357 741 hic
1372 705 1512 742 &Briano
1524 710 1631 742 citatis
1646 720 1779 743 contra-

1017 756 1103 789 rium
1116 753 1338 790 demonstrant
1349 760 1562 805 argumentis.
1575 758 1613 792 ad
1627 770 1774 805 quorum

1018 804 1169 851 pleraque
1183 804 1325 839 omnino
1340 807 1423 841 nihil
1442 808 1616 854 respondet
1635 831 1644 844 ‚
1679 811 1713 842 δε
1731 806 1775 841 ad

1018 865 1120 900 pauca
1138 867 1207 902 quae
1227 853 1339 896 affert,
1361 857 1445 891 nihil
1466 855 1638 905 respondet
1655 856 1774 897 solidi,

1019 914 1056 936 ut
1067 913 1145 935 mox
1158 901 1353 937 videbimus.

1067 949 1236 989 Secundo,
1263 952 1385 998 inquit,
1398 952 1483 988 inter
1494 964 1617 989 veteres
1631 954 1779 990 Ecclesiae
1797 970 1891 997 secana

1022 999 1201 1046 Scriptores
1228 1023 1237 1039 ‚
1275 1010 1373 1034 nemo
1400 1001 1444 1035 est
1464 1004 1518 1046 qui
1536 1006 1627 1038 aliter
1653 1006 1780 1053 legerit.
1800 1008 1860 1038 dum,

1021 1047 1119 1094 Resp.
1154 1046 1245 1083 Cum
1273 1048 1566 1097 impudentisfimus
1593 1053 1780 1088 Monachus

1023 1097 1195 1132 <Antonius
1219 1099 1344 1133 Contius
1369 1098 1431 1133 tale
1455 1100 1534 1147 quid
1559 1099 1755 1137 asseverasset
1771 1127 1783 1143 ,

1024 1147 1151 1192 Uffirius
1167 1147 1302 1182 conscio
1323 1148 1482 1183 VValtono
1501 1150 1541 1184 de
1562 1154 1694 1184 Camane
1709 1164 1782 1198 pag.

1028 1207 1106 1242 179.
1121 1196 1277 1244 producit
1294 1197 1386 1245 supra
1405 1199 1584 1234 duodecim
1602 1202 1782 1249 Scriptores

1025 1247 1192 1291 antiquos,
1205 1249 1263 1294 qui
1281 1253 1443 1282 Camanem
1456 1274 1465 1288 ‚
1478 1253 1508 1284 ὃ(
1522 1261 1635 1283 omnes
1646 1254 1715 1296 ejus
1727 1263 1786 1285 an-

1024 1307 1085 1330 nos
1098 1308 1135 1329 ex
1147 1295 1386 1345 Chronologia
1402 1296 1486 1332 sacrfi
1496 1311 1735 1346 expunxerunt.
1915 1341 1917 1343 ,

1075 1345 1205 1380 Tertio.
1229 1347 1329 1394 Apud
1342 1359 1460 1382 omnes
1479 1347 1494 1392 (
1510 1349 1641 1395 inquit)
1667 1349 1784 1384 Eccle-
1804 1342 1914 1372 Teni‘m’*

1024 1393 1080 1429 fias
1092 1419 1102 1435 ‚
1113 1393 1238 1444 ubique
1250 1407 1420 1438 terrarum,
1432 1398 1470 1433 ad
1482 1397 1568 1432 hunc
1579 1397 1679 1444 usque
1693 1398 1786 1434 diem

1024 1444 1209 1479 constanter
1220 1448 1378 1482 retinetur
1390 1447 1520 1482 Cainan.
1544 1447 1640 1494 Resp.
1664 1450 1785 1483 Donec

1023 1492 1130 1529 latum
1149 1494 1213 1530 hoc
1231 1496 1321 1531 suum
1342 1493 1491 1532 assertum
1512 1498 1627 1545 aliquo
1648 1497 1785 1533 tibicine

1024 1542 1236 1586 statuminet,
1259 1547 1287 1580 ei
1310 1559 1446 1594 oppono
1459 1575 1466 1588 ‚
1491 1549 1524 1582 in
1541 1546 1627 1582 nullst
1641 1547 1785 1582 Ecclesia

1024 1605 1131 1642 neque
1143 1593 1257 1629 Graecfi
1270 1618 1280 1635 ,
1297 1607 1402 1642 neque
1414 1597 1528 1632 Latin&
1538 1597 1724 1632 constanter
1737 1609 1787 1631 re-

1023 1654 1135 1679 tentus
1155 1643 1200 1678 est
1213 1644 1326 1679 cainan
1345 1644 1409 1679 hoc
1421 1657 1630 1694 argumento.
1659 1647 1790 1693 Qi07

1025 1707 1117 1729 mnes
1129 1694 1265 1728 Cainanis
1276 1707 1379 1729 annos
1390 1693 1542 1733 orauere,
1556 1695 1660 1743 ipsum
1673 1695 1789 1730 caina-

1025 1756 1090 1779 nem
1101 1742 1286 1779 omiserunt
1301 1769 1310 1784 ‚
1331 1745 1418 1778 certe
1432 1747 1587 1780 omittere
1595 1744 1785 1779 debuerunt.

1025 1795 1188 1839 Majorem
1208 1794 1289 1827 hanc
1301 1791 1367 1840 ipse
1382 1796 1505 1829 Brianus
1516 1808 1595 1829 mox
1610 1794 1762 1828 admittet
1773 1807 1784 1828 ε

1026 1845 1134 1891 Atqui
1145 1854 1259 1877 omnes
1273 1841 1420 1878 Ecclefiae
1430 1843 1572 1879 Camam's
1583 1855 1686 1878 annos
1694 1845 1785 1878 omi-

1024 1892 1140 1927 serunt.
1168 1892 1251 1927 Vide
1268 1892 1427 1926 Baronium
1446 1894 1485 1927 ad
1501 1894 1784 1940 Martyrologium

1025 1943 1215 1977 Romanum
1231 1941 1431 1977 Decembris
1446 1953 1484 1989 25
1497 1941 1570 1976 ,ubi
1586 1942 1785 1977 Chronolo-

1025 1994 1110 2041 giam
1131 1992 1170 2027 ab
1182 1993 1278 2026 initio
1300 1992 1418 2026 Mundi
1433 1992 1470 2026 ad
1482 1992 1603 2026 Christi
1620 1993 1761 2026 natalem
1774 2017 1785 2031 ,

1000 2074 1002 2084 ,
1026 2037 1067 2077 ab
1080 2042 1216 2077 Ecclesrfi
1232 2052 1298 2076 tam
1320 2041 1436 2075 Graecfi
1449 2041 1546 2089 quam
1555 2039 1683 2080 Latina,
1698 2040 1788 2074 usur-

1029 2104 1135 2140 patam
1147 2105 1184 2126 ex
1196 2090 1316 2126 tabulis
1327 2090 1555 2126 Ecclesiasticis
1566 2092 1692 2126 recitat,
1704 2101 1788 2136 pro-

1029 2152 1065 2176 ut
1086 2155 1137 2177 eas
1160 2141 1295 2188 Eufibr‘us
1319 2138 1517 2176 Caesarienfis
1546 2142 1626 2174 olim
1648 2141 1789 2174 concin-

1029 2193 1119 2228 navit
1133 2216 1141 2228 ,
1162 2191 1233 2226 satis
1244 2190 1374 2239 quidem
1386 2191 1417 2224 in
1430 2192 1540 2224 multis
1554 2188 1638 2224 male
1651 2214 1661 2229 ,
1681 2191 1724 2222 ita
1737 2200 1789 2222 ta·-

1030 2254 1104 2277 men
1117 2252 1154 2276 ut
1175 2239 1348 2276 manifest&
1371 2239 1655 2286 Camanujunioris
1668 2249 1788 2273 omnes

1029 2292 1107 2327 anni
1121 2302 1398 2339 expungerentur„

1077 2340 1223 2388 Qarto.
1253 2339 1306 2374 Ab
1325 2339 1397 2387 ipsis
1418 2339 1577 2387 (inquit)
1598 2337 1785 2386 Apostolo-
1807 2339 1937 2376 Quartum„

1029 2403 1102 2426 rum
1116 2391 1323 2439 temporibus
1334 2401 1435 2424 nemo
1446 2387 1613 2436 quisquam
1630 2387 1720 2422 ausus
1731 2385 1788 2422 est,

1030 2452 1165 2488 excepto
1179 2453 1248 2475 uno
1261 2438 1355 2478 Emi,
1373 2437 1473 2472 velex
1499 2451 1519 2472 L
1532 2452 1551 2472 x
1564 2452 1582 2473 x
1596 2464 1603 2472 .
1622 2440 1788 2482 Interpre—

1031 2490 1133 2531 tibus,
1145 2490 1194 2525 vel
1203 2503 1238 2524 ex
1251 2487 1455 2536 Euangelista
1466 2487 1551 2521 Lucri
1564 2488 1717 2521 Cainanem
1729 2497 1787 2518 ex-

1033 2551 1188 2586 pungere.
1206 2538 1305 2584 Resp.
1329 2550 1433 2571 1-non
1446 2536 1674 2582 longinquiori
1688 2532 1787 2581 quam

1034 2591 1187 2634 proximo
1211 2586 1282 2631 post
1307 2597 1427 2632 paucos
1450 2588 1553 2618 vernis
1585 2583 1785 2631 paragrapho

1032 2635 1203 2669 VValtonus
1223 2634 1289 2668 hoc
1306 2644 1448 2667 revocat.
1487 2645 1517 2667 2.
1540 2635 1654 2667 F'raeter
1674 2637 1788 2669 BezAm

1034 2681 1267 2735 Cartvvrightus
1287 2684 1320 2716 in
1343 2681 1394 2715 sua
1420 2680 1674 2729 Euangeliorum
1702 2684 1790 2716 Har-

1035 2731 1145 2768 monia
1158 2758 1166 2772 ,
1192 2736 1224 2766 &
1242 2732 1398 2766 Deodatus
1417 2734 1449 2765 in
1462 2730 1522 2765 suis
1538 2733 1649 2765 ssibliis
1666 2733 1788 2766 Italicis

1035 2795 1069 2817 ac
1084 2784 1223 2817 Gallicis
1233 2794 1268 2816 ex
1280 2785 1373 2817 Lucae
1387 2792 1476 2815 textu
1493 2781 1652 2815 (zabanem
1663 2793 1789 2828 expun-

1034 2842 1155 2867 xerunt
1167 2855 1176 2870 ‚
1192 2843 1232 2865 an
1252 2831 1406 2866 VValtono
1418 2827 1687 2875 Castvvrrghtus&
1703 2833 1789 2864 Deo-

1036 2882 1121 2916 datus
1135 2891 1170 2914 ut
1181 2895 1274 2916 merce
1286 2881 1408 2916 umbrae
1425 2878 1565 2914 ‘Ilm-odon
1579 2880 1788 2917 Bezaehomi-

1039 2944 1095 2966 nes
1115 2931 1196 2964 nulli
1216 2930 1315 2965 sunt?
1347 2944 1376 2977 3.
1396 2930 1522 2978 δικάζω
1540 2931 1636 2963 initio
1658 2929 1785 2977 Proleg„

1038 2980 1080 3015 ad
1093 2980 1293 3015 Chronicon
1306 2978 1418 3027 Enjbbu'
1429 2982 1558 3013 testatur
1568 2977 1790 3026 antiquissima

1039 3033 1132 3066 Lucae
1142 3032 1336 3078 exemplaria
1349 3031 1671 3063 cammemomitterc.
1700 3041 1734 3074 4.
1760 3030 1792 3061 [-

1040 3094 1143 3115 renaeus
1164 3084 1198 3115 δε
1215 3084 1285 3125 ejus
1304 3078 1409 3113 seculo
1429 3076 1576 3112 Ecclcfiae
1595 3078 1793 3112 videnturin

1043 3129 1173 3167 audacia
1186 3128 1393 3178 expungendi
1414 3127 1547 3163 Cumanis
1558 3139 1623 3165 tam
1634 3141 1670 3165 ex
1684 3127 1796 3162 vereri

1368 3225 1372 3228 θ
1396 3178 1431 3213 D
1457 3191 1479 3215 2
1699 3175 1795 3225 quam
