2048 3343
606 66 628 107 1
737 63 782 106 N
888 60 930 102 D

162 154 225 189 lius
237 179 246 192 ‚

779 151 815 174 2,
828 141 886 182 96.
907 149 924 173 1
973 137 1149 185 Spanhemi
1163 142 1377 188 argumenta,‘

1038 62 1070 103 E
1178 66 1242 106 X.

1645 147 1779 192 2.38.1

120 201 271 238 Seculum
295 207 369 232 ante
391 191 556 231 Christum
588 190 651 226 fuit
688 187 929 225 miferrimum,
973 188 1120 235 Spartani
1133 188 1384 225 declinant'cum
1400 191 1500 228 Perfis
1519 206 1662 242 pugnam
1684 203 1782 243 quam

119 252 233 300 Scipio
246 244 448 284 Antiochum
460 240 603 277 debellat
617 265 628 281 ‚
766 250 799 273 1.
810 247 892 272 222.
906 249 922 271 1

117 300 247 335 Seditio
260 295 447 349 Judaeorum
463 288 694 327 crudeliffima,

164 406 303 444 occupat
315 419 323 432 ο

165 495 255 546 plum
272 488 608 535 Hierosolymitanum
620 512 629 525 ‚
761 495 792 518 1.
809 491 889 525 224.
906 492 921 515 1

117 567 166 574 .-
188 543 242 580 Ab
256 537 440 576 Heliodore
453 547 582 571 necatus
598 559 608 575 ,

117 615 166 622 —
187 589 353 629 Demetrii
367 591 385 621 a
402 588 509 620 Matre
523 583 626 619 coesus
639 608 649 624 ‚
765 592 798 616 1.
811 590 893 626 230.
908 588 922 611 1

117 644 290 678 Seleucum
315 648 408 671 necat
422 636 578 669 Ceraunis
590 659 599 672 ‚
760 641 792 666 1.
809 640 891 662 212.
908 637 922 660 1
947 641 948 649 ¹

118 696 252 741 Sejanus
264 685 439 722 aulicorum
455 685 601 717 maximis
614 707 624 722 ‚
807 690 841 712 2.
857 689 889 723 3.
905 687 926 710 2

118 763 166 770 —
189 744 314 777 Totam
329 732 462 770 Caesaris
475 731 610 766 domum
623 725 801 763 excindere
813 735 902 773 parat
915 747 927 764 ,

807 789 841 810 2.
858 788 890 815 9.
906 784 920 806 1

119 841 219 876 Senes
245 841 277 872 &
305 833 456 869 mulieres
483 842 559 865 eum
595 825 708 875 Sparta
734 822 904 873 depellunt
919 845 929 861 ,

768 889 795 910 1.
810 883 892 916 214·
910 881 925 904 1

1020 237 1235 285 Athenienses
1250 238 1398 274 ambiunt
1412 267 1419 278 ,
1617 257 1649 280 1.
1666 257 1679 278 1
1690 247 1745 280 18.
1763 257 1778 279 1

782 299 817 320 2.
831 296 888 318 20.
909 296 923 318 1
972 301 1020 311 —
1043 287 1104 319 Sua
1121 285 1245 323 invidia
1255 287 1690 327 Atheniensumincrenenta
1706 305 1784 340 pro-

116 349 269 384 Seleucus
291 342 494 391 Babylonem
529 344 560 374 &
583 337 711 385 superas
744 333 929 382 P‘Ol'incias
949 344 953 404 l
972 381 992 413 S
1020 380 1041 414 ΙΙ
1151 385 1166 404 ,Ι

769 394 888 418 1.21ο.
909 392 923 414 1
949 407 951 428 Ι
996 393 1014 427 y
1044 385 1237 419 aMarianos
1251 384 1415 428 debellat,

117 466 166 475 -
199 441 418 481 Heliodorum
433 439 537 473 mittit
550 435 589 472 ad
603 431 833 485 Spoliandrum
846 441 928 464 tem·
971 448 1017 455 -—
1040 432 1213 467 Dictatura
1225 433 1333 470 secure
1346 436 1375 470 se
1389 435 1534 477 abdicat,

972 477 1069 523 syllae
1085 481 1280 527 Jugurtham
1293 484 1440 519 Bocchus
1454 485 1566 524 tradit,

857 527 924 564 ibid.
946 539 950 573 Ι
970 528 1098 574 Synodi
1111 530 1334 566 Dordracenae
1347 532 1388 568 de
1402 534 1533 571 Vorstio
1547 534 1783 576 testimonium,

1020 337 1162 369 moverit
1176 361 1184 374 ‚
1621 355 1650 378 1.
1666 354 1680 376 1
1690 354 1705 377 1
1713 354 1746 385 9.
1763 355 1780 378 1

1621 398 1785 435 1·293·2

1625 449 1780 486 1.294.1

1627 498 1785 532 1.291.2

1624 599 1656 622 2.
1673 587 1780 620 108.1

973 627 1101 675 Syriam
1156 627 1326 665 Antiocho
1375 628 1608 666 Theodoretus
1659 632 1783 681 tradit,

1630 694 1663 717 1.
1676 691 1751 723 217.
1764 697 1784 721 2

1074 874 1204 907 Acitum
1218 871 1322 909 febris
1346 887 1439 910 necat
1454 903 1465 918 ,
1647 898 1676 921 2.
1695 894 1749 920 27.
1766 892 1783 915 1

121 935 292 972 Sententia
326 929 579 969 Pontificiorum
621 925 664 960 de
702 919 930 959 Authichtisto
951 929 954 995 Ι
975 875 1181 958 TTacon
1197 923 1381 971 Agesilaum
1397 927 1429 959 in
1445 928 1629 976 AEgipriam
1641 929 1787 970 attrahit,

168 982 238 1018 falsa
252 1008 262 1022 ‚
619 988 651 1011 1.
665 984 747 1020 244.
765 986 797 1007 2.
814 983 894 1012 297.
909 979 930 1001 2

1622 992 1637 1015 1
1667 992 1781 1025 130.1

119 1052 168 1060 —-
189 1030 347 1078 Scaligeri
358 1025 515 1061 refutatur
527 1023 617 1073 quod
640 1026 813 1071 Sceptrum
840 1030 929 1052 man·
974 1019 1370 1070 Talmudistarumquinta
1381 1024 1589 1067 Monarchia,
1630 1042 1661 1065 1.
1677 1039 1790 1075 231.2

166 1080 242 1115 serit
267 1081 298 1113 in
326 1076 410 1128 Judsi
432 1074 530 1123 usque
552 1073 593 1108 ad
618 1072 707 1107 urbis
740 1067 930 1108 excidium,
974 1069 1105 1105 Talenti
1120 1075 1157 1106 &
1173 1071 1251 1107 Sidi
1268 1070 1372 1113 valor,

1648 1092 1680 1116 1.
1699 1090 1791 1125 57·2

787 1132 822 1154 2.
835 1128 928 1162 49.2
951 1116 952 1121 ¹
973 1121 1045 1154 Tau
1058 1121 1292 1155 Samaritanum
1316 1133 1380 1157 nen
1403 1122 1610 1170 repraesentat
1635 1139 1790 1169 crucem,

122 1178 254 1215 Servius
276 1173 404 1211 Tullius
438 1172 510 1222 post
535 1171 754 1219 Tarquinium
790 1178 931 1213 regnat,

1625 1191 1657 1214 1.
1674 1187 1794 1216 202.2

787 1228 819 1251 1.
833 1226 892 1261 74.
911 1229 924 1251 1
974 1219 1124 1264 Tempus
1140 1220 1333 1266 quantillum
1347 1220 1385 1254 ad
1397 1225 1615 1262 aeternitatem
1630 1252 1640 1267 ‚
1678 1239 1754 1266 1.1.
1773 1239 1791 1262 1

121 1277 241 1312 Severa
252 1274 319 1310 Dei
344 1273 375 1306 in
402 1268 741 1308 Nebuchadnezarem
765 1264 933 1305 vindicta,
976 1265 1156 1314 Templum
1171 1269 1313 1314 primum
1328 1274 1364 1306 &
1379 1270 1564 1313 secundum,

1640 1290 1670 1313 1.
1685 1281 1796 1318 281.2

795 1327 934 1358 1.99.2
979 1318 1153 1363 Tempore
1182 1317 1416 1365 Apostolorum
1450 1334 1492 1356 ex
1519 1325 1674 1362 Israelitis
1699 1327 1795 1362 multi

123 1372 286 1410 Severitas
299 1369 393 1404 Darii
409 1370 440 1401 in
453 1366 656 1412 Babylonem
672 1391 681 1405 ‚
768 1375 800 1398 1.
820 1376 900 1400 102.
917 1379 938 1400 2

124 1420 340 1469 Septuaginta
354 1412 939 1461 annorumCaptivitatisBabylonicae
982 1416 1085 1449 Terra
1097 1413 1198 1450 divisa
1212 1416 1298 1450 inter
1310 1419 1398 1452 Noae
1411 1417 1511 1461 filios,

172 1468 263 1517 quod
277 1466 315 1502 fit
330 1466 529 1512 principium
544 1489 554 1500 .

125 1537 174 1545 —
199 1512 495 1551 Hebdomadarum
506 1511 653 1548 Danielis
667 1510 756 1560 quod
774 1510 814 1545 s1t
827 1524 939 1547 vetum

172 1565 372 1614 principium
387 1588 396 1602 ,
779 1572 810 1596 1.
826 1565 908 1600 166.
920 1575 942 1597 2

124 1634 175 1644 .-
192 1615 281 1650 Anni
294 1611 460 1649 Zachariae
472 1609 575 1645 iidem
586 1609 656 1645 sunt
668 1621 742 1644 cum
755 1608 943 1658 septuagin-

172 1675 203 1698 ta
216 1663 305 1697 annis
317 1662 469 1707 Jeremiae
774 1672 807 1695 1.
824 1673 840 1696 1
850 1661 905 1706 89.
919 1671 940 1694 2

125 1713 244 1748 Sethus
259 1709 417 1746 Calvifius
440 1709 509 1744 vide
527 1706 701 1745 Calvisius.
899 1740 902 1742 ,

126 1760 302 1810 Sepultura
316 1758 491 1794 Alexandri
506 1784 517 1800 ,
774 1770 807 1795 1.
823 1765 905 1795 206.
922 1772 938 1795 1

126 1813 265 1847 Severus
282 1811 485 1856 pretorianos
498 1808 704 1843 exautoravit
719 1832 730 1848 ,
817 1823 848 1847 2,
861 1823 910 1847 22,
921 1825 941 1849 2

126 1862 246 1895 Sextus
258 1857 432 1906 Pompejus
453 1857 519 1892 vide
542 1857 732 1905 pompejus,
903 1888 906 1889 γ

125 1907 271 1944 smerdis
284 1908 388 1943 virtus
408 1906 438 1940 se
465 1908 606 1954 primum
635 1905 748 1954 postea
773 1903 915 1941 sororem
929 1935 939 1949 ,

175 1957 320 2004 denique
333 1953 467 1989 fratrem
482 1954 653 2002 perdidit,
770 1968 803 1991 1.
822 1968 902 2000 109.
919 1971 940 1993 2

127 2005 376 2041 Socinianismus
386 2004 508 2041 Vorstii
522 2005 608 2039 inter
620 2002 816 2053 Anglicanas
839 2005 938 2041 sectas

174 2054 361 2088 dominatur
375 2078 385 2092 ‚
771 2064 806 2088 2.
823 2059 904 2095 106,
917 2070 939 2092 2

127 2102 227 2140 Solon
247 2106 280 2135 &
294 2100 415 2148 Apollo
427 2100 568 2136 Craesum
585 2100 728 2143 servant,
780 2113 812 2136 1.
829 2116 904 2144 1o7.
917 2117 937 2139 2

127 2151 212 2188 Solis
224 2150 290 2185 sme
301 2148 423 2197 Eclipsi
436 2149 599 2194 defectus,
772 2163 787 2185 1
796 2179 806 2189 .
823 2164 835 2186 1
844 2165 901 2198 o4.
918 2166 938 2188 2

125 2198 320 2250 spalatensis
333 2197 544 2233 definitiones
557 2199 729 2235 electionis
742 2204 772 2235 &
785 2202 942 2248 reproba-

176 2249 281 2282 tiones
295 2259 358 2281 non
371 2246 442 2280 sunt
457 2247 568 2293 probae
583 2272 594 2286 ‚
789 2265 823 2288 2.
842 2265 908 2287 122.
919 2263 940 2286 2

127 2316 175 2325 —-
199 2299 289 2331 Vana
311 2296 357 2329 est
376 2294 528 2339 jactantia
550 2294 592 2327 de
615 2295 768 2329 omnibus
791 2297 938 2343 patribus

173 2357 233 2393 pro
246 2343 381 2392 Pelagio
394 2354 508 2378 contra
520 2342 738 2391 Augustinum
748 2344 790 2378 de
813 2342 937 2379 doctri-

172 2393 211 2428 na
222 2393 415 2428 electionis.
779 2393 934 2440 b.123.1

125 2463 173 2472 —
197 2444 303 2478 Prima
326 2441 480 2488 scriptura
506 2452 566 2488 pro
589 2439 752 2476 electione
768 2455 810 2477 ex
829 2444 940 2489 operi-

174 2491 233 2526 bus
247 2491 292 2525 est
305 2503 346 2525 ex
359 2487 493 2537 epistol&
504 2488 544 2522 ad
557 2492 758 2536 Rom.8.29.
768 2506 806 2527 2.
819 2502 902 2536 -124.
914 2504 938 2526 2

128 2561 176 2569 -—
199 2539 365 2575 Secundus
376 2541 480 2574 Locus
492 2540 590 2573 Rom.
605 2553 658 2575 11.
672 2555 706 2577 2.
720 2553 782 2575 non
806 2540 939 2574 conclu-

175 2589 225 2623 dit
239 2588 464 2636 ejusThesin‚
773 2602 807 2625 2.
823 2600 938 2635 125.2

128 2657 177 2666 ——
199 2640 303 2673 Locus
323 2640 457 2673 Tertius
480 2653 496 2676 1
514 2640 603 2676 Petr.
631 2639 750 2682 10572.
774 2638 941 2673 contradi-

178 2689 222 2722 cit
236 2713 246 2728 ,
849 2730 851 2732 Ι
871 2687 939 2726 ibid.

131 2757 177 2764 —
201 2738 303 2772 Locus
313 2748 443 2785 quartus
457 2736 572 2786 Jacobi
586 2750 650 2783 25.
665 2737 694 2770 ci
709 2738 805 2772 etiam
821 2748 942 2785 repug-

179 2798 232 2820 nat
247 2811 257 2826 ,
775 2797 804 2821 2.
827 2790 903 2822 126.
922 2801 957 2834 1„

132 2854 181 2862 —
205 2836 350 2879 Qintus
373 2850 405 2874 2·
427 2834 522 2870 Tim,
549 2845 580 2870 2.
605 2845 728 2873 20.21.
753 2836 784 2868 ei
808 2835 943 2884 quoque

181 2883 377 2918 contradicit
392 2909 401 2922 ‚
871 2885 941 2922 ibid.

133 2952 181 2960 -—
206 2934 326 2968 Sextus
352 2934 441 2972 Gen.
464 2932 520 2968 18.
547 2944 603 2977 19.
629 2930 708 2966 nihil
737 2930 777 2965 ad
801 2933 920 2968 causam
936 2966 944 2979 ‚

782 2994 811 3016 2.
834 2987 911 3018 126.
928 2997 947 3019 2

132 3029 345 3080 spanhemius
370 3027 453 3063 male
476 3028 507 3063 se
530 3030 637 3076 jungit
659 3041 733 3063 cum
756 3029 885 3079 Jesuitis
910 3033 943 3065 in

178 3078 363 3127 quaestionis
376 3076 579 3113 difficulitate
592 3104 601 3117 ,
813 3093 841 3116 2.
856 3093 906 3122 29.
925 3093 944 3116 2

131 3146 178 3154 -—
201 3127 288 3163 Nale
303 3126 374 3175 post
387 3126 465 3163 alios
479 3126 561 3164 duos
574 3127 683 3163 statuit
696 3125 919 3163 Zorobabeles
931 3160 941 3174 ‚

1029 1363 1146 1399 fideles
1159 1390 1170 1405 ,
1648 1388 1680 1412 1.
1697 1380 1716 1412 8
1727 1389 1758 1422 3.
1777 1389 1794 1412 1

1654 1437 1686 1460 1.
1704 1439 1793 1471 15.1

629 1477 660 1500 1.
678 1473 759 1509 144.
775 1476 805 1497 2..
824 1473 903 1509 145.
919 1476 935 1498 1
984 1463 1185 1499 'testimonia
1198 1463 1240 1498 de
1254 1476 1404 1513 tempore
1428 1468 1553 1505 Meffiae
1576 1483 1640 1507 tam
1665 1473 1800 1524 Judaeo-

1031 1525 1103 1547 rum
1113 1514 1210 1560 quam
1222 1515 1407 1550 Gentilium
1420 1542 1430 1558 ,
1656 1548 1667 1557 ,

984 1561 1135 1619 Thebani
1149 1561 1222 1605 festi
1237 1563 1425 1613 Philippum
1446 1568 1668 1604 Macedonem
1681 1573 1714 1606 in
1728 1578 1800 1621 Ap-

1032 1610 1151 1659 poltnis
1166 1614 1384 1657 patrocinium
1397 1616 1580 1659 advocant,
1632 1634 1665 1657 1.
1683 1631 1760 1666 132.
1780 1635 1797 1658 1

985 1660 1229 1696 Testimonium
1267 1663 1383 1711 Jacobi
1421 1668 1530 1715 Regis
1568 1667 1610 1705 de
1649 1670 1800 1711 Vorstio'‚
1821 1693 1825 1697 -

984 1757 1220 1795 Thebanorum
1233 1759 1382 1809 superbia
1391 1788 1401 1804 ‚
1638 1729 1671 1804 ἰ.
1685 1722 1764 1808 ἓξ.
1777 1733 1798 1809 Ξ

985 1807 1225 1845 Themistocles
1239 1814 1390 1846 Graecam
1403 1811 1533 1848 claffem
1547 1816 1639 1864 cogit
1651 1817 1690 1851 ad
1717 1831 1803 1867 pug-

1035 1870 1107 1891 nam
1120 1883 1129 1896 ‚

1640 1880 1672 1903 1.
1691 1879 1797 1903 117.1

986 1927 1034 1934 —
1057 1908 1154 1953 Fugit
1171 1905 1211 1941 ad
1226 1912 1372 1944 Xerxem
1387 1935 1397 1950 ‚
1637 1928 1668 1951 1.
1687 1929 1761 1952 120.
1777 1932 1797 1956 2

987 1976 1035 1983 —
1056 1959 1178 1991 Utrum
1192 1956 1316 2007 fugerit
1329 1959 1370 1994 ad
1380 1964 1526 1996 Xerxem
1538 1974 1576 1997 an
1589 1962 1628 1997 ad
1645 1966 1803 2000 Artaxer-

1035 2017 1110 2039 xem
1127 2032 1134 2045 ,
1636 2025 1651 2048 1
1687 2027 1762 2060 ¹75-
1781 2027 1798 2050 1

987 2053 1195 2089 Theodoreti
1209 2068 1299 2091 error
1312 2083 1322 2099 ‚
1628 2074 1660 2097 1.
1678 2066 1759 2109 178.
1781 2076 1798 2098 1

986 2103 1256 2152 Theophyla&us
1268 2097 1310 2140 de
1326 2107 1404 2142 hora
1416 2110 1521 2142 crucis
1534 2108 1670 2151 Christi,
1685 2115 1797 2151 2.87.1

985 2152 1126 2189 Thomae
1139 2154 1522 2205 Goodwiniargumenta
1535 2171 1594 2206 pro
1606 2162 1802 2208 quintaMo-

1032 2203 1160 2236 narchia
1174 2204 1354 2239 refutantur
1368 2232 1377 2244 ‚
1653 2222 1681 2244 1.
1695 2225 1766 2256 232,
1784 2225 1804 2247 2

984 2251 1127 2285 Tiberio
1140 2250 1320 2287 difficiliter
1332 2257 1467 2290 Senatus
1499 2255 1670 2304 persuadet
1694 2260 1802 2304 impe-

1033 2310 1126 2338 rare,
1592 2335 1594 2337 .
1638 2318 1668 2340 1.
1684 2317 1764 2350 304.
1782 2322 1800 2344 2

985 2344 1116 2380 Tiberii
1129 2345 1300 2380 crudelitas
1314 2372 1322 2385 ‚
1689 2363 1707 2384 2
1733 2367 1764 2399 3.
1782 2370 1803 2393 2

984 2414 1033 2421 —-
1055 2394 1192 2429 Artibus
1207 2394 1337 2439 Sejanus
1351 2395 1518 2443 perditur,
1678 2416 1711 2439 2.
1724 2413 1759 2446 4.
1781 2418 1799 2440 2

984 2462 1034 2470 ——·
1054 2445 1149 2477 Mors
1162 2469 1171 2481 ,
1724 2450 1794 2486 1bzd.

984 2493 1082 2527 Titus
1095 2493 1205 2528 Livius
1227 2493 1294 2526 vide
1319 2495 1447 2533 Livius.

985 2542 1084 2577 Titus
1096 2539 1305 2588 Vespasianus
1320 2541 1411 2590 supra
1426 2546 1573 2579 omnium
1598 2546 1687 2594 spem
1710 2549 1802 2593 opti-

1032 2602 1102 2624 mus
1115 2594 1298 2636 Imperator
1313 2618 1322 2630 ‚
1671 2608 1700 2630 2·
1720 2597 1769 2631 18.
1782 2613 1802 2636 2

984 2659 1034 2666 —
1054 2638 1210 2674 Vindicta
1222 2638 1523 2687 Hierosolymorum
1537 2665 1548 2683 ,
1730 2645 1797 2680 ibid.

985 2691 1161 2736 Tygranes
1176 2700 1315 2736 occupat
1330 2690 1457 2736 Syriam
1470 2716 1481 2731 ,
1642 2704 1673 2727 1.
1688 2695 1764 2729 288,
1782 2707 1798 2729 1

985 2737 1107 2773 Tobiae
1123 2736 1205 2772 liber
1223 2738 1444 2785 Apocryphos
1463 2765 1473 2779 ,
1658 2753 1690 2776 1.
1705 2755 1762 2788 97.
1782 2757 1797 2779 1

987 2785 1150 2822 Tornielli
1163 2798 1355 2834 argumenta
1369 2786 1572 2829 refutantur,
1675 2802 1690 2824 1
1721 2800 1761 2835 32
1784 2807 1804 2830 2

987 2854 1035 2862 —
1055 2835 1232 2882 Singularis
1246 2848 1335 2870 error
1347 2861 1357 2876 ,
1640 2851 1672 2873 1.
1690 2851 1768 2878 190.
1784 2856 1804 2878 2

988 2883 1117 2919 Tostati
1156 2888 1193 2920 &
1234 2884 1428 2919 Salmeronis
1466 2883 1572 2920 futilia
1621 2887 1802 2933 Mysteria,

1663 2949 1692 2971 2.
1757 2963 1766 2972 .
1783 2950 1798 2972 1

990 2978 1145 3016 Traditio
1159 2980 1341 3015 serrationis
1354 2980 1464 3032 Jesaiae
1479 2994 1556 3016 vana
1569 3008 1580 3023 ,
1662 2997 1694 3019 1.
1712 2951 1767 3029 {3}-
1784 2998 1800 3020 1

991 3029 1148 3073 Trajanus
1163 3029 1364 3065 Christianos
1381 3030 1594 3078 persequitur,
1666 3049 1697 3073 2·
1717 3045 1771 3075 19.
1787 3050 1806 3072 2

991 3096 1040 3104 —
1065 3077 1224 3126 Subjugat
1239 3078 1352 3112 dracos
1367 3103 1377 3118 ,
1731 3082 1798 3118 ibid.

991 3144 1039 3151 —
1065 3125 1221 3161 Debellat
1246 3126 1380 3162 Parthos
1395 3153 1404 3165 ‚
1735 3130 1805 3166 ibid.

811 3186 841 3211 2.
859 3188 913 3223 57.
925 3189 946 3214 2
989 3173 1169 3221 Trojanum
1204 3174 1327 3211 bellum
1360 3174 1401 3210 ad
1439 3187 1511 3223 quae
1547 3187 1698 3225 tempore
1721 3177 1808 3212 refe-

1433 3226 1461 3260 Z
1475 3237 1494 3259 z
1521 3232 1542 3256 2
1731 3237 1807 3261 ren-
