2048 3343
498 120 987 160 E1>1sT0L1cA
1044 119 1465 163 CottaNo.

200 191 424 240 praedestinatio
439 205 446 226 ε
473 191 513 226 ita
527 190 693 227 secundum
708 192 786 228 hanc
807 203 890 227 tuam
902 191 958 236 hy-

200 241 343 288 pothesin
354 266 363 281 ‚
384 241 611 288 praedestinatio
631 239 748 289 semper
765 243 822 276 erit
834 238 955 275 absolu-

201 302 246 327 ta,
261 303 417 338 nunquam
430 290 626 337 hypothetica
642 304 651 331 ;
676 288 792 337 semper
804 291 862 325 erit
874 289 958 323 aetus

201 341 385 376 voluntatis,
398 352 555 387 nunquam
568 338 754 384 intellec‘tsis.
778 339 809 372 Si
822 337 896 372 vero
906 350 958 372 ve-

202 390 238 424 lis
252 390 415 428 rationem,
424 401 477 422 cur
486 387 709 435 praedestinatio
720 387 754 421 sit
761 386 893 421 absoluta
902 399 957 433 po-

203 451 276 473 nere
291 450 355 472 non
374 437 550 485 simpliciter
562 436 593 470 in
607 437 677 471 εξὶιι
692 437 800 472 divinae
817 437 958 470 voluuta-

204 489 255 528 tis,
267 485 315 522 sed
329 487 491 522 voluntatis
502 487 565 520 Dei
579 485 740 520 hominem
754 485 960 520 constituendi

204 539 237 572 in
250 537 301 570 tali
314 536 423 570 ordine
436 534 738 576 circumstantiarum,
747 548 840 584 quem
854 535 959 582 praevi-

205 587 250 621 dit
263 586 427 620 duCturum
440 598 494 619 eos
507 584 544 619 ad
555 582 697 620 salutem:
711 587 778 620 Cur
790 596 891 625 autem
904 584 960 618 hu-

205 635 339 682 jusmodi
353 635 515 669 voluntatis
527 647 619 669 vocas
639 633 811 669 absolutum
824 639 855 669 &
868 646 961 680 negas

207 685 441 732 hypotheticum
462 688 474 716 ὲ
496 687 615 729 Annon
628 684 740 731 pendet
753 684 768 718 a
782 684 884 718 multis
897 682 962 729 sup-

206 735 432 783 petitionibus?
447 735 600 780 Supponit
614 733 875 780 primo‚homines
886 744 964 766 con-

206 785 330 819 stitutos
344 784 443 818 inillis
455 782 685 827 circumstantiis
699 807 707 822 ,
734 782 843 816 deinde
859 781 964 815 homi-

207 846 262 868 nes
275 835 432 868 credentes
441 836 471 866 δι
479 830 784 878 perseverantes‚cum
797 833 828 866 in
841 831 898 865 illis
906 832 965 865 cir-

207 882 396 918 cumstantiis
415 883 563 916 locantur.
589 881 721 921 Tertio,
744 881 813 928 post
827 880 920 915 fidem
934 884 965 914 &

208 931 459 980 perseverantiam
479 929 620 978 supponis
641 929 775 966 salutem.
817 929 941 979 Qarto
957 953 967 968 ,

208 980 353 1030 supponis
367 982 499 1015 divinam
511 982 653 1015 omnium
667 979 798 1015 istorum
813 977 965 1027 praescien-

209 1032 295 1066 tiam.
328 1033 503 1065 Decretum
522 1040 571 1064 tot
583 1030 781 1066 conditiones
795 1028 967 1077 supponens

208 1081 293 1118 valde
307 1079 349 1115 est
362 1079 608 1127 hypotheticum.

257 1131 317 1165 Sed
329 1129 376 1163 his
389 1130 480 1164 etiam
493 1128 607 1163 omiffis
616 1128 781 1177 quomodo
790 1127 968 1163 reconcilias

209 1179 411 1215 diffendentes
427 1182 547 1226 partes?
566 1181 617 1212 An
633 1180 663 1213 in
677 1181 807 1226 utraque
820 1176 969 1211 sententia

209 1241 307 1263 unum
315 1228 434 1262 tantum
448 1227 492 1262 est
504 1228 662 1262 decretum
676 1226 879 1263 diversimode
890 1238 967 1259 con-

209 1278 386 1314 sideratum,
400 1277 512 1311 scilicet
525 1289 558 1311 ut
570 1278 655 1312 αξξυς
667 1277 761 1311 divini
776 1275 950 1309 intelletstfis
960 1297 968 1310 >

210 1331 242 1363 ὃ(
256 1339 288 1362 ut
302 1328 386 1361 ‘ustus
399 1327 507 1362 divinae
520 1327 703 1361 voluntatis?
717 1324 813 1360 Certe
825 1326 917 1359 etiam
930 1323 968 1358 fic

209 1390 276 1411 non
289 1378 346 1411 erit
356 1377 512 1410 decretum
521 1374 684 1414 unum,nis1
696 1376 727 1408 in
739 1374 867 1410 vocibus
875 1386 966 1422 gene-

210 1426 323 1460 ralibus
341 1429 372 1459 &
387 1425 564 1471 aequivocis‚
584 1437 651 1471 quae
665 1437 729 1459 non
748 1422 863 1458 faciunt
878 1424 970 1457 ullam

210 1476 324 1510 realem
338 1475 537 1508 identitatem.
558 1474 692 1507 Primam
705 1473 883 1508 sententiam
891 1471 970 1507 face-

212 1537 245 1558 re
262 1524 366 1558 aetum
384 1521 475 1556 solius
494 1523 667 1557 intellectas
685 1521 798 1570 absque
814 1523 900 1556 omni
916 1522 970 1556 de-

210 1571 385 1610 creto‚esset
398 1571 553 1606 sociorum
566 1582 691 1606 tuorum
705 1582 843 1606 mentem
850 1571 971 1606 efficere

212 1622 422 1659 absurdiorem
438 1621 530 1668 quam
543 1621 647 1656 revera
659 1620 703 1656 est
717 1635 724 1656 :
737 1619 901 1656 secundum
915 1634 971 1669 po-

212 1686 288 1708 nere
302 1673 333 1706 in
345 1673 416 1706 actu
430 1670 522 1705 solius
534 1671 714 1710 voluntatis,
735 1669 806 1705 esset
818 1671 834 1706 a
851 1670 969 1706 senten-

214 1725 258 1760 tifi
268 1722 504 1757 adversariorum
517 1731 642 1754 tuorum
655 1720 827 1755 abstrahere
835 1721 971 1755 essentia-

213 1774 276 1808 lem
289 1770 504 1810 differentiam,
522 1772 583 1818 qua
599 1770 653 1818 ipsi
668 1769 696 1805 se
707 1770 723 1805 a
735 1771 898 1820 pelagianis
916 1769 972 1805 dis-

214 1823 387 1857 criminant.
413 1823 458 1855 Ut
471 1833 542 1855 cum
552 1821 666 1868 Pelagio
679 1822 842 1868 jungerent
854 1833 971 1860 manus,

214 1872 308 1908 velles
321 1869 401 1917 ipsos
416 1882 528 1904 omnes
541 1868 603 1903 suas
617 1871 782 1904 contrarias
794 1869 969 1918 disputatio-

215 1934 270 1956 nes
285 1921 425 1955 abolere:
441 1918 588 1966 profesto
601 1919 666 1953 haec
679 1919 723 1953 est
735 1917 972 1967 compendiosis·

215 1971 288 2005 fima
297 1994 306 2009 ,
319 1974 350 2005 δι
362 1971 481 2016 optima
492 1968 709 2003 reconciliandi
723 1970 784 2009 via,
798 1968 972 2016 persuadere

218 2018 330 2054 scilicet
344 2020 428 2053 alteri
442 2019 584 2065 partium,
597 2028 629 2051 ut
643 2019 729 2053 cedat
741 2019 794 2053 lite
807 2024 837 2055 δι
851 2030 972 2053 contra-

218 2069 410 2104 diffionibus
424 2066 480 2102 suis
493 2067 642 2102 silentium
656 2069 811 2115 imponat:
831 2069 883 2103 ubi
897 2081 974 2103 con-

219 2119 369 2152 tentionis
384 2116 467 2151 causa
477 2119 608 2155 evanuit,
622 2118 665 2151 ibi
677 2130 733 2164 pax
746 2118 780 2152 sit
793 2117 908 2155 necesse
921 2117 975 2152 est.

222 2167 503 2201 Verumcnimvero
518 2179 583 2200 non
596 2167 645 2201 hic
657 2178 719 2201 tam
732 2165 834 2202 faciles
843 2168 976 2202 invenies

226 2218 346 2264 ‘Pelagii
358 2214 556 2255 adversarios,
573 2227 605 2249 ut
618 2218 649 2250 in
662 2219 725 2261 ejus
733 2218 860 2264 gratiam
871 2218 977 2252 velnc-

225 2278 306 2313 gare,
320 2266 366 2298 vel
380 2264 560 2298 diffimulare
572 2266 813 2299 velint,divinum
823 2267 980 2300 decretum

225 2314 283 2348 suis
297 2314 403 2347 electis
411 2313 500 2346 dandi
509 2312 603 2345 fidem
611 2318 641 2345 &
653 2312 980 2357 perseverantiam‚tam

227 2361 782 2407 efficaci&omnipotentioperatione
789 2359 908 2405 spiritus
916 2373 982 2408 quae

227 2412 344 2457 semper
351 2410 513 2458 superavit,
529 2414 560 2445 &
573 2407 689 2456 semper
697 2408 982 2456 superabitomnem

227 2461 423 2496 refistentiam
438 2485 447 2499 ‚
475 2471 566 2507 quam
579 2458 710 2493 humana
723 2459 864 2495 voluntas
882 2459 910 2493 ei
926 2472 981 2493 un-

227 2524 319 2560 quam
333 2507 492 2558 opposuit‚
510 2519 561 2542 aut
575 2521 709 2556 unquam
722 2520 872 2556 opponet.

274 2559 451 2595 Distinetio
458 2569 508 2593 tua
515 2558 792 2605 alteramihiplacet
802 2583 811 2597 ‚
831 2563 862 2593 &
874 2558 982 2592 vellem

228 2611 256 2644 ei
270 2609 398 2644 firmiter
411 2608 585 2643 adhaereres.
624 2607 711 2642 Nihil
721 2609 847 2655 quidem
867 2604 937 2642 facit
949 2608 984 2641 ad

229 2660 309 2702 Voffiz‘
321 2671 471 2706 tuumque
480 2656 673 2705 propositum
686 2657 904 2692 reconciliandi
912 2658 983 2691 duas

229 2709 293 2743 illas
308 2708 482 2747 sententias,
495 2705 544 2742 sed
557 2720 622 2741 non
635 2706 680 2741 est
695 2708 796 2754 inepta
812 2707 848 2741 ad
861 2719 932 2740 eum
945 2705 979 2740 fi-

229 2771 302 2792 nem
315 2757 359 2791 ob
372 2770 465 2805 quem
479 2758 629 2791 «Alvaros
641 2760 672 2791 &
687 2759 888 2790 ‘Bellarmt'nus
902 2757 983 2799 Wffit'

230 2808 372 2842 au&ores
385 2819 453 2841 eam
466 2806 629 2840 adducunt.
658 2807 688 2839 Si
701 2806 743 2838 illi
756 2807 797 2840 vis
808 2806 960 2840 adhaerere
972 2832 982 2847 ‚

231 2855 325 2891 solvet
337 2869 449 2891 omnes
464 2856 553 2889 locos
566 2858 701 2893 Panum,
712 2855 765 2902 qui
778 2865 884 2889 contra
893 2858 981 2890 eAu-

226 2906 378 2955 gustinum
390 2905 497 2940 adduci
511 2903 613 2938 solent.
640 2903 724 2938 Cum
738 2905 768 2938 in
783 2904 908 2938 decreto
920 2905 981 2941 ele-

232 2956 346 2990 &ionis
359 2957 484 3003 ponitur
496 2954 572 2988 fides
588 2957 619 2988 ὅ(
631 2952 846 3000 perseverantia
857 2965 927 2988 ante
942 2955 983 2990 sa-

232 3006 327 3039 lutem
341 3031 350 3044 ‚
376 3004 534 3038 distinetio
552 3003 616 3037 haec
638 3002 777 3038 ostendet
795 3004 983 3040 eleffionem

232 3065 299 3088 tum
313 3066 377 3088 non
389 3052 463 3087 sumi
476 3053 600 3100 proprie
609 3064 700 3101 prout
707 3054 827 3086 decreta
834 3054 928 3100 accipi
937 3053 982 3088 so—

232 3105 300 3137 lent
312 3126 320 3137 ‚
346 3107 377 3137 &
396 3102 457 3136 hoc
480 3103 636 3137 decretum
651 3104 682 3136 in
696 3102 845 3149 scripturis
859 3101 984 3138 sumitur

232 3166 290 3200 pro
309 3153 373 3186 Dei
392 3151 552 3199 proposito
568 3156 598 3186 &
616 3152 788 3186 intentione
810 3149 865 3185 suae
878 3152 983 3199 gloria:

233 3204 264 3237 in
285 3200 374 3237 salute
392 3202 563 3237 eleetorum
576 3200 747 3239 obtinenda
765 3212 819 3249 per
832 3203 958 3249 gratiam
972 3228 981 3244 ,

1688 137 1755 175 ¹47

993 205 1060 239 quae
1072 204 1216 239 operatur
1227 193 1322 228 fidem
1329 199 1361 230 &
1368 193 1625 241 perseverantiam,
1633 193 1681 230 sed
1690 197 1748 231 im-

993 242 1135 289 proprie,
1156 254 1248 290 prout
1261 242 1407 291 significat
1419 245 1621 291 temporalem
1635 258 1747 280 execu-

993 291 1113 325 tionem
1121 291 1205 326 istius
1221 292 1351 332 decreti,
1368 293 1415 326 vel
1425 304 1567 328 aeternam
1575 292 1748 341 dispositio-

995 351 1067 373 nem
1079 339 1163 374 istius
1179 341 1369 375 executionis
1385 342 1417 374 in
1431 354 1533 376 mente
1547 344 1610 378 Dei
1624 367 1633 380 ,
1653 344 1707 377 ubi
1722 346 1749 378 i·-

994 388 1066 422 dem
1078 390 1160 423 ordo
1179 391 1363 438 concipitur,
1376 391 1429 437 qui
1449 391 1554 437 postca
1571 391 1698 427 servatur
1717 394 1748 427 in

994 439 1156 482 temporali
1169 441 1363 479 executione,
1385 440 1457 473 dato
1469 442 1534 473 Dei
1548 442 1653 488 gloria:
1666 446 1697 477 &
1706 441 1749 475 sa-

996 486 1050 520 luti
1062 485 1227 520 hominum
1243 489 1354 522 ultimo
1367 489 1458 531 loc03
1477 488 1549 522 fidei
1562 490 1634 524 vero
1647 515 1654 527 ,
1679 491 1751 525 resi-

997 533 1146 581 piscentiae
1155 560 1165 576 ,
1179 540 1212 571 &
1224 536 1372 570 omnibus
1385 539 1448 571 aliis
1464 539 1582 572 aeribus
1595 541 1750 586 gratiaelo-

997 597 1036 618 co
1049 586 1157 631 priori,
1171 587 1281 620 eodem
1289 585 1410 632 prorsus
1418 588 1631 635 ordine,quiin
1640 601 1750 623 eorum

997 635 1206 680 produfflone
1227 636 1258 668 in
1277 634 1333 669 hac
1350 636 1411 672 vita
1423 635 1598 670 observatur
1612 637 1672 672 sine
1690 638 1751 672 ulla

999 684 1177 718 variatione.
1203 683 1750 721 Consideratiohaecmultumfacitad

999 733 1138 768 lenienda
1156 737 1187 768 δέ
1205 732 1368 768 excusanda
1390 735 1405 779 (
1421 745 1453 768 ut
1467 735 1570 777 Wyffius
1584 736 1747 783 loquitur)

998 782 1171 816 horridiora
1179 783 1259 816 dicta
1268 786 1389 817 Patrum
1397 808 1406 823 ‚
1420 782 1469 817 sed
1482 786 1613 818 omnino
1626 784 1702 817 nihil
1715 784 1752 818 ad

1000 832 1237 866 reconciliandas
1250 832 1488 868 controversias:
1503 846 1567 867 non
1580 835 1660 867 enim
1675 846 1753 868 con-

1001 881 1130 915 tendunt
1143 880 1238 915 nostri
1253 882 1289 916 de
1303 883 1476 929 improprio
1489 887 1519 917 &
1535 882 1683 931 ambiguo
1696 895 1753 918 vo-

1002 932 1047 965 cis
1059 932 1203 964 elestioniae
1224 929 1275 964 usu
1289 932 1320 965 in
1336 931 1486 978 aliquibus
1501 931 1616 979 scriptis
1630 936 1753 967 Patrum

1003 993 1110 1015 contra
1127 981 1288 1029 proprium
1307 984 1338 1015 &
1358 980 1497 1015 usitatum
1512 984 1576 1026 ejus
1593 979 1707 1015 sensum
1723 982 1755 1015 iu

1002 1028 1080 1066 sacra
1089 1029 1250 1077 Scripturzi:
1265 1043 1364 1078 neque
1372 1031 1759 1078 negantordinemdicfflmm

1002 1077 1050 1113 seu
1063 1081 1094 1113 in
1109 1079 1464 1127 temporaliexecutione
1475 1079 1608 1120 decreti,
1621 1079 1668 1115 seu
1683 1082 1714 1114 in
1721 1093 1761 1114 ae-

1002 1130 1090 1163 terna
1106 1127 1303 1176 dispositione
1326 1129 1406 1163 illius
1432 1130 1621 1163 executionis
1639 1130 1670 1163 in
1697 1129 1761 1163 Dei

1003 1176 1197 1225 praescientia.
1214 1177 1271 1212 Ista
1286 1191 1351 1211 non
1367 1176 1432 1212 sunt
1445 1177 1656 1218 controversa,
1670 1177 1761 1212 sedlis

1003 1227 1105 1261 omnis
1127 1226 1171 1261 est
1183 1228 1221 1261 de
1237 1228 1368 1274 propriis
1381 1228 1500 1262 affibus
1517 1228 1610 1262 divini
1623 1227 1762 1263 decreti,

1004 1289 1078 1311 num
1095 1277 1126 1310 in
1139 1276 1230 1324 ipsius
1248 1277 1424 1311 intentione
1440 1275 1487 1311 sua
1505 1278 1602 1325 gloria
1615 1276 1763 1311 &nostra

1005 1324 1078 1360 salus
1091 1325 1147 1360 sint
1163 1327 1262 1372 prima
1274 1340 1283 1367 3
1301 1327 1394 1373 gratia
1407 1338 1507 1361 autem
1521 1350 1529 1363 ‚
1555 1325 1691 1374 fidesque
1702 1338 1763 1359 no-

1005 1375 1078 1414 stra,
1093 1379 1124 1410 &
1137 1373 1356 1421 perseverantia
1370 1375 1612 1423 siutposteriora.
1631 1375 1700 1409 Ιιῃὸ
1710 1386 1764 1410 ve-

1006 1425 1043 1459 ro
1057 1425 1200 1459 ordinem
1217 1423 1295 1459 hanc
1311 1425 1419 1460 divinae
1433 1426 1613 1459 intentionis
1627 1437 1686 1459 nos
1697 1436 1765 1458 non

1006 1486 1068 1509 tam
1080 1475 1356 1514 controvertimus‚
1377 1474 1470 1522 quam
1484 1474 1569 1508 aetus
1588 1473 1668 1521 ipsos
1687 1473 1765 1509 divi-

1006 1526 1036 1558 ni
1048 1524 1179 1564 decreti3
1195 1536 1264 1557 nam
1280 1535 1345 1556 non
1357 1523 1476 1558 tantum
1488 1524 1582 1558 nobis
1594 1533 1706 1571 negant
1713 1522 1765 1557 ad-

1006 1573 1124 1609 versarii
1139 1574 1281 1608 ordinem
1296 1572 1379 1607 hunc
1392 1573 1574 1608 intentionis
1585 1572 1767 1607 distinffilmm

1007 1624 1044 1658 ab
1058 1623 1167 1657 ordine
1186 1623 1375 1657 executionis
1390 1647 1400 1663 ,
1425 1636 1519 1670 quem
1536 1633 1569 1657 tu
1588 1635 1659 1656 cum
1676 1620 1767 1666 Voffio

1007 1672 1178 1708 concedere
1190 1673 1317 1713 videris3
1333 1670 1381 1706 sed
1394 1673 1485 1706 etiam
1498 1683 1609 1719 negant
1617 1672 1712 1706 ullum
1721 1667 1767 1705 es-

1008 1722 1035 1758 se
1049 1723 1187 1757 divinum
1202 1723 1360 1756 decretum
1375 1721 1413 1756 de
1425 1721 1523 1757 danda
1536 1717 1599 1756 fide
1608 1721 1653 1757 vel
1666 1717 1767 1768 perse-

1008 1773 1140 1808 verantia
1153 1771 1274 1805 homini
1287 1772 1477 1819 cuicunque,
1490 1769 1589 1805 solum
1606 1781 1708 1805 autem
1723 1768 1768 1803 as-

1008 1822 1106 1857 serunt
1113 1820 1408 1864 administrationem
1416 1822 1592 1855 communis
1601 1819 1769 1868 providen-

1008 1874 1068 1912 tiae,
1081 1874 1143 1920 qua
1156 1871 1333 1918 praedicatur
1345 1871 1488 1911 verbum,
1519 1875 1550 1906 δι
1565 1868 1769 1917 persuasiones

1008 1932 1223 1969 proponuntur
1233 1921 1393 1960 voluntati,
1402 1921 1439 1955 de
1452 1920 1564 1968 quibus
1577 1919 1642 1954 haec
1651 1917 1769 1965 semper

1009 1972 1110 2006 statuit
1117 1983 1174 2018 pro
1183 1970 1271 2004 libitu
1281 1995 1291 2010 ‚
1305 1973 1335 2005 &
1350 1968 1424 2017 saepe
1433 1971 1532 2014 rejicit
1544 1970 1642 2004 media
1655 1980 1769 2016 poten-

1009 2021 1124 2057 tiffima,
1140 2025 1170 2055 &
1184 2033 1250 2068 quae
1260 2021 1348 2053 Deus
1361 2020 1501 2058 intendit,
1511 2025 1544 2053 tit
1557 2018 1649 2053 essent
1663 2016 1768 2052 effica-

1006 2071 1120 2109 cissima
1127 2069 1163 2104 ad
1168 2069 1396 2116 producendam
1405 2068 1498 2103 fidem
1506 2072 1537 2103 δι
1545 2067 1666 2102 salutem
1674 2092 1683 2106 ‚
1696 2066 1766 2101 nul-

1009 2122 1134 2168 lumque
1141 2118 1406 2166 peragidecretum
1414 2114 1767 2164 electionis,priusquam

1011 2169 1208 2219 praevideatur
1220 2168 1362 2202 voluntas
1375 2165 1516 2202 assensisse
1530 2192 1540 2207 ,
1567 2171 1597 2201 &
1610 2168 1642 2200 in
1654 2164 1766 2200 assensu

1014 2219 1188 2255 constanter
1200 2215 1404 2265 perseverasse.
1428 2219 1482 2251 De
1498 2215 1767 2251 istis.contendunt

1015 2267 1126 2314 absque
1135 2266 1376 2302 ullaconcordiae
1388 2264 1453 2312 spe,
1467 2277 1630 2312 antequam
1644 2265 1767 2298 alteram

1016 2316 1273 2351 contradistionis
1292 2326 1408 2361 partem
1426 2328 1492 2361 pars
1505 2316 1594 2349 altera
1606 2314 1767 2360 relinquat.

1064 2363 1256 2409 paragrapho
1273 2373 1329 2396 tuo
1343 2364 1453 2395 ultimo
1468 2363 1546 2396 redis
1561 2364 1596 2396 ad
1616 2363 1768 2409 Spalaten-

1010 2412 1073 2456 [ἔφη
1085 2435 1094 2448 ,
1120 2415 1151 2446 &
1167 2423 1237 2444 cum
1251 2423 1290 2444 eo
1309 2410 1466 2444 concludis
1478 2410 1678 2458 quaestionem
1691 2410 1770 2444 hanc

1019 2461 1113 2508 magis
1130 2458 1187 2494 esse
1207 2457 1416 2507 speculativam
1437 2484 1447 2499 ‚
1479 2459 1711 2507 metaphysicam
1736 2464 1768 2494 &

1019 2509 1236 2544 Scholasticam
1245 2533 1255 2548 ,
1268 2509 1360 2555 quam
1368 2509 1480 2543 realem
1487 2533 1495 2546 ,
1505 2510 1655 2543 moralem
1665 2513 1696 2544 &
1704 2521 1768 2556 pra-

1020 2561 1130 2594 &icam
1144 2584 1153 2598 ‚
1179 2558 1356 2605 nullamque
1369 2559 1528 2592 materiam
1542 2557 1704 2593 schismatis
1719 2569 1769 2592 aut

1784 2367 1932 2393 Arminiani

1784 2405 1818 2438 όν
1839 2406 1933 2433 Lnthe-

1781 2446 1935 2483 rani&Spa.

1781 2485 1877 2521 latensi,⁴
1885 2496 1934 2512 vo-

1781 2525 1837 2552 lunt
1846 2545 1853 2557 ,
1868 2524 1933 2561 diffi-

1782 2566 1853 2592 dium
1868 2566 1897 2592 de
1910 2576 1934 2592 e-

1021 2608 1214 2656 separationis
1227 2621 1293 2642 rem
1304 2605 1397 2655 ipsam
1404 2606 1503 2642 secum
1511 2606 1589 2642 ferre
1601 2623 1609 2642 ε
1621 2621 1692 2642 nam
1703 2620 1770 2641 non
1783 2605 1880 2633 lemme
1887 2615 1934 2640 ffl-

1018 2658 1211 2693 obstantibus
1225 2657 1305 2692 hisce
1318 2657 1439 2691 dissidiis
1452 2657 1645 2692 Christianos
1657 2657 1769 2691 servare
1776 2646 1846 2681 stam
1853 2643 1894 2681 'ffi'

1019 2707 1103 2756 posse
1121 2720 1155 2742 ac
1174 2707 1287 2742 debere
1306 2708 1454 2741 unitatem
1467 2704 1586 2752 spiritus
1602 2707 1633 2741 in
1645 2707 1768 2742 vinculo

1018 2759 1110 2806 pacis.
1136 2755 1230 2804 Resp.
1251 2757 1283 2791 Si
1297 2757 1381 2790 aliter
1392 2754 1562 2803 scripsisses,
1577 2769 1769 2804 nequaquam

1018 2807 1076 2841 tibi
1088 2805 1284 2846 constitiffes‚
1303 2819 1404 2853 neque
1417 2806 1474 2839 tuis
1487 2806 1641 2852 prioribus
1655 2806 1769 2851 princi-

1782 2685 1882 2721 caustzm
1892 2684 1934 2720 ſs-

1780 2726 1923 2763 partitionis.

1018 2857 1073 2904 piis
1086 2854 1284 2890 consentanea
1297 2856 1441 2901 loquutus
1451 2852 1567 2895 fuiffes;
1581 2868 1650 2889 nam
1662 2855 1768 2889 haste-
1785 2849 1791 2852 ³

1018 2919 1074 2940 nus
1087 2903 1235 2953 professus
1248 2918 1280 2940 es
1292 2917 1362 2939 curn
1374 2904 1436 2938 hoc
1444 2905 1596 2940 Auctore,
1610 2917 1657 2939 res
1670 2906 1768 2949 majo-

1018 2957 1057 2989 ris
1074 2955 1226 2989 momenti
1246 2955 1357 2989 nullam
1378 2954 1513 3000 praebere
1524 2952 1640 2988 causam
1654 2951 1768 3001 separa-

1019 3006 1107 3039 tioni.
1139 3006 1214 3039 Hoc
1233 3002 1360 3039 statuisti
1372 3003 1410 3038 de
1427 3003 1573 3037 omnibus
1586 3014 1769 3039 controver-

1019 3054 1076 3093 siis,
1085 3065 1152 3100 quae
1160 3052 1400 3088 Protestantibus
1414 3065 1483 3087 cum
1491 3053 1663 3087 Pontificiis
1674 3053 1769 3087 inter-

1019 3103 1130 3137 cedunt
1142 3101 1254 3150 absque
1268 3102 1327 3137 ulla
1338 3104 1537 3149 exceptione,
1559 3101 1625 3136 imo
1640 3102 1768 3136 charita-

1019 3163 1082 3186 tem
1102 3151 1188 3185 istam
1206 3153 1373 3201 Spalatenfis
1391 3151 1551 3185 extendisti
1572 3151 1665 3199 longe
1690 3153 1768 3184 ultra

1019 3200 1109 3249 ipsius
1122 3213 1276 3243 mentem,
1289 3214 1359 3237 cum
1371 3200 1665 3236 Remonstrantibus
1678 3203 1768 3245 Apo-

1400 3252 1447 3285 ‘Tt
1472 3263 1489 3284 2
1694 3249 1773 3295 logi-
