2048 3343
453 82 518 111 ΕΤ
575 75 1241 115 CHRONOLOG101

206 157 262 181 aut
277 147 379 182 Italici
396 150 525 195 generis
547 150 579 183 in
599 147 659 184 suis
676 149 871 185 districtibus
885 171 895 187 ‚
923 161 962 182 0—

204 209 296 231 mnes
311 208 386 231 cum
403 198 595 246 conjugibus
611 203 641 232 ὃς
657 199 768 232 liberis
787 200 962 234 obtrunca-

206 257 316 280 rentur
326 272 335 285 ,
360 250 395 280 &
408 247 540 293 direptis
552 247 647 281 bonis
663 247 960 293 insepulti'projicc-

205 307 325 330 rentur,
354 297 501 330 Maxima
526 296 592 329 haec
613 296 777 329 calamitas
798 295 962 330 Romanis

205 345 376 384 incubuit,
397 356 471 378 nam
497 345 727 379 Romanorum
748 347 869 380 civium
893 356 962 379 uno

206 393 258 428 die
272 419 282 434 ‚
307 395 481 428 maximam
502 404 623 440 partem
644 396 675 428 in
695 397 845 443 templis,
872 395 963 442 supra

207 454 341 478 centum
354 445 595 491 quinquaginta
608 445 710 478 millia
730 443 868 479 confossi
881 444 964 478 sunt.

206 641 302 675 dacem
312 641 487 677 defecerat.
513 643 586 676 Diu*
602 642 691 677 haeiit
709 643 784 687 sylla
803 645 837 678 in
855 644 963 678 Athe-

207 703 323 726 narum
342 691 514 727 obsidione
529 716 539 732 ,
566 693 697 727 tandem
717 691 805 727 fame
821 693 964 727 domitas

208 740 356 775 Athenas
375 745 405 775 vi
419 742 524 788 cepit,
551 754 771 789 magnamque
784 743 964 777 obviorum

205 789 342 838 stragem
353 790 470 829 edidit,
482 791 655 825 nulliaetati
669 816 679 831 ‚
692 793 774 826 nulli
790 793 876 826 sexui
892 804 963 839 par-

207 853 296 874 cens.
324 839 440 875 Nihilo
459 842 572 874 mitior
589 840 706 874 eodem
725 852 871 888 tempore
885 845 963 876 Ma-

206 891 390 925 rimRomae
411 903 482 935 erga
497 889 572 933 Syllae
583 891 716 924 amicos.
751 894 810 925 Vix
821 890 962 925 exitalia

205 939 284 981 Sylla
306 938 462 987 digressus
471 938 532 973 fuit
544 952 618 973 cum
632 940 729 974 Cinna
741 940 961 975 Consulatum

206 988 341 1035 adeptus
352 989 396 1023 cst
411 1015 418 1028 ,
433 990 643 1034 jurejurando
655 991 741 1035 prius
757 991 868 1036 paffihis
887 989 964 1034 Syllae

204 1038 235 1072 se
250 1050 353 1084 partes
365 1051 432 1073 non
443 1038 642 1075 deserturum
657 1051 665 1071 :
678 1036 730 1071 sed
742 1049 962 1073 trecentorum

205 1089 534 1122 talentorum‘munus
544 1087 710 1121 &Mariana
720 1087 832 1122 datum
842 1088 960 1127 effecit,

201 1149 238 1170 ut
261 1135 386 1171 Consul
405 1134 507 1171 fastus
527 1136 632 1170 statim
653 1138 861 1181 jurisjurandi
887 1135 960 1171 reli-

201 1188 306 1234 gione
331 1185 433 1231 spretz‘i
460 1185 498 1219 ad
521 1185 622 1221 Marii
635 1198 740 1233 partes
758 1187 957 1222 transiverit:

199 1236 277 1268 dum
289 1234 389 1269 Cinna
402 1236 530 1269 Italicos
551 1248 672 1284 magno
692 1248 830 1270 numero
854 1238 887 1270 in
904 1249 959 1270 ur-

197 1283 274 1318 bem
287 1284 492 1319 acceifiviffet
515 1298 589 1319 cum
612 1287 726 1325 armis,
749 1284 903 1320 &servos
920 1286 958 1321 ad

198 1334 320 1381 pileum
333 1332 469 1368 vocfiss‘ct
482 1346 516 1368 ut
528 1347 628 1369 novas
640 1335 727 1383 leges
739 1337 770 1370 vi
786 1336 940 1370 conderet
952 1363 960 1375 ‚

196 1384 279 1417 alter
292 1384 418 1418 Consul
437 1385 582 1418 Offawus
593 1397 666 1418 eum
688 1390 810 1431 majore
829 1387 859 1419 vi
878 1385 961 1423 urbe·

196 1435 291 1477 ejecit
303 1437 338 1467 &
354 1433 554 1480 proscripsit.
580 1434 779 1482 Proscriptus
790 1435 890 1470 Cinna
900 1448 957 1469 ex-

1304 78 1422 118 Ltn.
1454 79 1484 118 I.
1681 89 1756 124 293

1007 151 1102 184 Ilium
1116 176 1124 187 .
1144 147 1233 196 quod
1245 149 1285 183 ab
1297 163 1335 184 eo
1345 162 1492 186 metuens
1503 151 1539 187 ad
1551 151 1654 196 Syllam
1665 151 1767 187 misis-

1013 199 1079 234 set,
1101 196 1185 234 ferro
1211 198 1408 246 flammaque
1428 201 1549 236 delevit
1563 227 1573 242 ,
1603 203 1770 237 moenibus

1014 247 1201 296 aedibusque
1220 247 1313 283 sacris
1336 253 1367 282 &
1390 249 1534 295 profanis
1555 252 1677 286 dirutis.
1715 252 1769 286 Ad

1015 296 1118 338 Syllam
1135 298 1280 346 plerique
1291 301 1460 332 Senatores
1472 300 1504 332 in
1518 301 1676 336 Graeciam
1692 325 1701 342 ‚
1729 313 1771 333 0-

1014 343 1170 391 mnesque
1183 346 1362 392 superstites
1372 349 1467 381 amici
1478 348 1656 397 confugere
1666 375 1674 387 ,
1686 362 1721 385 ut
1732 349 1771 385 ad

1015 393 1170 441 perditam
1182 397 1315 441 patriam
1328 392 1577 444 recuperandam
1590 401 1685 433 vellet
1696 413 1770 447 pro-

1015 455 1125 490 perare
1139 455 1292 492 urgentes
1309 459 1317 478 :
1346 456 1455 480 totum
1467 457 1577 481 tamen
1590 449 1769 484 triennium

57 495 127 531 sylla
140 493 165 521 in
212 508 215 511 Δ
254 493 422 527 Nuncium
436 493 498 527 hoc
510 493 617 539 Syllam
628 496 660 527 in
678 492 786 528 Asiam
805 495 963 530 accelera·
1013 495 1048 527 in
1058 493 1144 527 bello
1157 494 1386 529 Mithridatico
1397 497 1496 533 trivit,
1508 508 1613 531 certus
1623 510 1690 532 non
1702 499 1777 532 ted-t

52 536 172 567 ,Achem—
206 542 252 575 vit
265 566 275 583 ‚
287 541 343 576 etsi
357 556 424 577 non
435 554 508 577 ante
520 543 683 577 adustam
696 546 853 579 Graeciam
865 570 873 583 ,
893 557 964 591 quae
1015 542 1113 577 cundi
1124 544 1284 584 Romam,
1298 545 1355 579 ssisl
1365 545 1456 580 hoste
1469 558 1606 581 externo
1619 550 1705 595 Prius
1716 547 1774 581 dc·

48 577 171 647 agas*
208 590 274 626 fere
286 594 513 640 totainprimis
530 591 763 634 Athenienses,
776 595 813 628 ad
827 592 962 629 Mthn'-
1017 593 1117 627 vie‘to.
1152 593 1307 629 Occurrit
1329 592 1357 629 ei
1382 594 1548 630 Archelaus
1575 597 1613 630 ad
1641 602 1665 629 (1
1674 596 1772 630 licro-

1017 649 1119 676 naeam
1135 655 1208 676 cum
1220 656 1352 679 centurn
1374 646 1495 693 viginti
1509 646 1655 680 millibus
1668 671 1677 686 ‚
1707 646 1770 680 ho-

1017 704 1087 726 rum
1108 695 1236 728 tertiam
1264 707 1400 728 numero
1420 708 1488 729 non
1516 695 1662 743 aequabat
1681 696 1772 739 5)an

1018 742 1127 787 praelio
1138 753 1246 778 tamen
1259 743 1410 778 conserto
1419 744 1514 792 supra
1525 757 1656 779 centurn
1669 747 1773 780 millia

1018 790 1158 825 hostium
1172 794 1304 827 occidit.
1334 795 1423 829 Dum
1443 796 1560 828 iterum
1579 795 1618 828 ad
1639 795 1773 830 Orcho-

1017 853 1151 874 menum
1168 840 1329 876 Archelauo
1346 855 1418 877 cum
1441 856 1532 879 novo
1553 855 1685 878 centum
1699 847 1774 879 mil-

1015 891 1098 924 lium
1120 892 1261 924 exercitu
1284 904 1506 938 compareret,
1527 893 1634 938 Syllani
1650 896 1771 929 milites

1015 950 1104 972 metu
1117 939 1314 974 consternati
1334 941 1504 975 decernere
1516 943 1659 977 recusant
1675 968 1684 983 ,
1711 958 1771 979 ve-

1015 987 1088 1023 rum
1101 988 1176 1033 Sylla
1186 989 1382 1024 descendens
1398 1003 1485 1039 equo
1498 1004 1534 1024 ex
1549 991 1687 1039 signiferi
1702 1006 1772 1028 ma-

1014 1038 1110 1072 nibus
1122 1039 1275 1085 Aquilam
1287 1042 1442 1088 corripuit
1454 1064 1462 1079 ,
1474 1044 1506 1074 &
1518 1052 1592 1074 cum
1607 1040 1663 1076 suo
1674 1041 1771 1076 satel-

1013 1088 1088 1121 lit-io
1106 1089 1139 1121 in
1155 1088 1281 1123 hostem
1297 1090 1384 1123 vadit
1397 1114 1407 1130 ‚
1435 1089 1499 1124 hoc
1513 1090 1636 1136 pudore
1657 1094 1772 1125 conci-

1014 1147 1086 1171 tatae
1098 1138 1245 1184 legiones
1257 1138 1447 1186 sequuntur,
1467 1143 1498 1173 δέ
1510 1138 1653 1175 ίὲειιηάὸ
1665 1144 1772 1175 maxi—-

1013 1185 1063 1220 mfi
1075 1198 1150 1220 cum
1162 1186 1262 1235 strage
1273 1188 1316 1222 ho
1323 1188 1397 1222 stem
1416 1186 1569 1224 fundunt.

1059 1238 1096 1270 Iri
1110 1235 1216 1270 Asiam
1239 1237 1308 1283 post
1322 1239 1491 1286 geminam
1509 1241 1681 1275 vietoriam
1694 1241 1770 1284 Sylla

1013 1281 1134 1330 t'i‘ajicit
1145 1311 1155 1326 ,
1174 1290 1207 1320 ὃ(
1220 1285 1398 1321 Mthndati
1409 1290 1532 1334 petenti
1547 1302 1656 1336 pacem
1669 1291 1772 1330 dedit,

1011 1334 1046 1368 esi
1058 1337 1128 1382 lege
1141 1345 1176 1369 ut
1187 1346 1293 1370 totam
1306 1337 1432 1372 classem
1443 1350 1516 1372 cum
1529 1340 1680 1386 impensis
1691 1341 1768 1374 belli

1009 1385 1148 1419 traderet
1161 1409 1172 1426 ‚
1199 1389 1232 1420 δι
1256 1390 1362 1432 patrio
1378 1388 1476 1422 Ponti
1497 1389 1621 1436 Regno
1638 1391 1668 1425 se
1687 1402 1769 1425 con-

1009 1445 1134 1470 tineret.

196 1485 332 1516 ercitum
345 1484 400 1529 qui
412 1483 533 1516 Nolam
545 1483 770 1524 obsidebat,ad
782 1484 848 1518 suas
857 1495 960 1532 partes

198 1532 431 1579 largitionibus
450 1535 601 1572 attraxit,
628 1546 855 1582 magnumque
875 1535 959 1568 Itali-

202 1595 317 1616 corum
330 1595 367 1615 ac
377 1581 540 1617 servorum
554 1595 725 1619 numerum
738 1585 788 1632 spe
801 1584 885 1619 certzi
895 1584 960 1620 adi-

199 1631 354 1679 piscendae
365 1633 516 1666 civitatis.

1056 1485 1133 1519 Hoc
1145 1483 1234 1519 bello
1245 1483 1421 1519 defunetus
1429 1485 1468 1521 ad
1479 1485 1633 1522 Fimbriam
1645 1487 1673 1523 se
1685 1500 1765 1522 con·
1788 1498 1900 1527 Mithri.

1010 1536 1115 1568 vertit.
1143 1535 1192 1570 Ut
1210 1534 1250 1569 ad
1269 1538 1339 1580 ejus
1358 1535 1457 1570 castra
1467 1540 1764 1586 appropinquavit,
1788 1539 1912 1571 darem&

1009 1586 1105 1618 multi
1118 1586 1263 1618 militum
1275 1583 1497 1633 transfugere,
1518 1586 1646 1622 Fimbrta
1665 1587 1720 1621 suo
1739 1588 1767 1622 se
1788 1580 1922 1609 fimbriam

1008 1634 1295 1682 gladiojugulare,
1316 1647 1449 1669 mortuo
1462 1638 1660 1683 Imperatore
1678 1650 1763 1672 exer·
1787 1624 1855 1659 sylla
1865 1633 1929 1663 ⁶⁰m7

23 1722 27 1727 ἱ
43 1698 174 1728 Marii&
251 1681 372 1714 Marius
391 1684 489 1716 etiam
503 1695 540 1715 ex
554 1680 661 1716 Africa
674 1680 811 1717 reversus
825 1681 923 1718 Ci'nnae
934 1683 962 1718 se
1011 1686 1094 1718 citus
1110 1683 1228 1726 Syllanis
1246 1684 1278 1718 se
1298 1684 1404 1718 statim
1420 1685 1592 1734 adjungere
1603 1712 1613 1724 ‚
1633 1688 1674 1722 ab
1685 1686 1766 1722 Afiae

24 1755 27 1757 -
42 1741 160 1767 Cinnaem
201 1729 402 1776 adjunxerat,
415 1733 559 1766 Offavius
570 1731 683 1766 contra
693 1732 864 1768 advocavit
875 1733 962 1768 Pomss
1012 1732 1196 1769 civitatibus
1208 1735 1455 1781 quinquennale
1472 1737 1634 1772 tributum
1655 1739 1666 1781 (
1679 1736 1769 1783 supra

44 1783 152 1818 syllam
196 1786 298 1829 pejicm
312 1779 546 1816 Proconsulem
560 1795 635 1816 cum
651 1781 705 1817 suo
716 1785 868 1824 exercitu,
882 1796 964 1819 con·
1011 1785 1128 1831 viginti
1141 1783 1341 1817 talentorum
1354 1785 1477 1826 millia)
1497 1785 1605 1821 statim
1617 1786 1747 1821 extorsit
1759 1809 1770 1825 ,

35 1822 119 1860 f'ffl’f·
200 1832 287 1864 trarii
300 1829 332 1864 hi
351 1832 508 1865 exercitus
519 1831 556 1865 ad
576 1831 664 1865 urbis
675 1834 797 1874 fmuros
816 1834 962 1882 aliquan-
1012 1845 1134 1879 magno
1145 1831 1287 1879 ipsorum
1300 1846 1375 1867 cum
1386 1836 1524 1881 gemitu.

201 1879 256 1914 diu
271 1880 474 1915 decertiirunt
487 1906 496 1921 ‚
512 1881 618 1916 donec
633 1883 801 1929 Pompey'm,
823 1886 853 1916 ὅ(
867 1885 962 1918 multi
1057 1884 1147 1916 Tum
1160 1882 1293 1916 demum
1308 1883 1346 1917 ad
1367 1882 1488 1917 bellum
1508 1885 1605 1918 civile
1620 1895 1747 1931 paratus
1758 1910 1768 1923 ,

200 1927 334 1963 suorum
355 1929 495 1964 fulmine
515 1932 568 1964 iffi
590 1930 782 1966 interisrunt
795 1956 805 1972 ,
831 1936 862 1966 &
888 1933 962 1968 urbs
1011 1930 1136 1980 quanto
1148 1931 1242 1966 ocius
1257 1933 1402 1966 Romam
1424 1935 1609 1979 properavit
1628 1946 1702 1967 cum
1714 1946 1773 1967 ex-

202 1991 338 2013 annonae
366 1979 476 2026 inopifi
508 1980 606 2027 pressa
627 1980 681 2015 est.
717 1982 805 2015 Tum
826 1984 960 2018 Senatus
1012 1983 1113 2016 ercitu
1130 1980 1232 2021 forti,
1252 1981 1374 2029 sibique
1392 1982 1432 2015 ad
1448 1984 1562 2016 omnia
1581 1980 1771 2029 obsequen-

201 2032 334 2062 Cinnam
344 2032 376 2063 δε
389 2029 525 2063 Marium
535 2030 784 2079 quibuscunque
794 2032 959 2067 conditio·
1012 2031 1148 2066 tiffimo‚
1159 2035 1189 2065 ἃ
1203 2029 1294 2065 classe
1303 2031 1393 2065 mille
1403 2030 1625 2066 sexcentarum
1636 2034 1768 2066 navium

199 2077 298 2112 nibus
309 2077 503 2113 admiserunt
516 2081 547 2113 in
560 2080 674 2113 urbem
687 2106 695 2118 ,
712 2079 836 2115 admisti
856 2082 961 2127 Syllam
1012 2081 1228 2115 Brundusium
1242 2081 1378 2127 appulit.
1405 2082 1529 2115 Consul
1547 2081 1771 2115 Cinnastatue-

200 2124 416 2173 proscribunt,
435 2129 522 2163 bona
533 2129 688 2176 diripiunt
701 2155 709 2170 ‚
722 2130 859 2165 domum
873 2146 959 2167 ever·
1013 2143 1059 2166 rat
1072 2129 1233 2165 inGraeciz'i
1245 2129 1300 2177 ipsi
1312 2143 1537 2171 occurrere‚eo
1549 2129 1615 2164 fine
1625 2129 1769 2178 legiones

201 2187 287 2215 tunt,
301 2189 437 2211 uxorem
448 2183 477 2212 δε
490 2179 608 2213 liberos
618 2180 657 2211 ad
671 2192 783 2213 necem
798 2193 964 2228 quaerunt,
1011 2180 1141 2227 aliquot
1159 2183 1191 2214 in
1210 2181 1412 2214 Dalmatiam
1431 2179 1581 2227 pl'aemlfit
1595 2204 1604 2219 ‚
1624 2179 1676 2215 sed
1689 2180 1768 2214 dum

203 2227 363 2260 Offavium
378 2226 558 2262 Consulem
570 2253 578 2267 ‚
596 2228 754 2263 Metellum
768 2254 777 2269 ,
800 2229 940 2264 Catulum
952 2254 960 2269 ,
1011 2230 1130 2263 milites
1159 2229 1394 2263 tumultuantes
1415 2228 1621 2277 imperiosius
1639 2242 1772 2277 compe-

204 2276 389 2309 <Antonium
403 2299 412 2315 ‚
437 2288 663 2324 magnumque
681 2278 957 2314 nobilissimorum
1011 2279 1109 2314 sceret
1123 2302 1130 2317 ‚
1142 2276 1157 2311 31
1170 2277 1229 2313 suis
1245 2278 1289 2313 est
1301 2277 1475 2313 confossus.
1501 2280 1725 2313 Occurrerunt
1739 2281 1772 2312 in

202 2322 402 2362 senatorum,
415 2329 446 2358 δέ
458 2327 604 2370 equitum
619 2338 802 2365 numerum,
814 2332 845 2361 δέ
859 2328 957 2375 quos-
1012 2326 1100 2362 ltalizi
1111 2327 1188 2369 53leae
1197 2341 1233 2361 ex
1247 2330 1359 2362 amicis
1371 2327 1514 2362 Metellvm
1526 2329 1605 2363 Pius,
1617 2326 1773 2373 Cethegus»

205 2386 335 2420 cunque
348 2373 526 2416 Syllanarum
539 2376 675 2420 partium
687 2374 830 2410 nancisci
842 2388 960 2422 potue·
1013 2381 1046 2412 ὃς
1057 2379 1220 2422 *pompejus
1228 2389 1303 2410 cum
1313 2378 1439 2424 aliquot
1449 2377 1551 2422 copiis
1560 2400 1569 2412 ‚
1580 2375 1703 2410 incessit
1714 2388 1770 2421 per

204 2434 294 2460 runt,
316 2422 528 2456 crudelissime
547 2422 766 2464 confodiunt,
782 2428 887 2471 capita
903 2440 960 2473 pro
1014 2426 1201 2460 Calabriam
1215 2427 1409 2473 &Apuliam
1423 2428 1553 2473 agmine
1574 2423 1774 2459 ordinatissi-

203 2471 314 2507 rostris
324 2471 467 2506 statuunt
480 2497 488 2508 ‚
514 2476 545 2506 ἃ
560 2473 645 2507 nuda
655 2486 788 2520 corpora
801 2476 962 2522 insepulta
1013 2489 1089 2514 mo,
1109 2475 1160 2508 sed
1170 2488 1248 2508 mox
1260 2473 1692 2509 crudeliffimibelliflamma
1701 2485 1771 2509 tota

204 2522 392 2570 projiciunt.
423 2522 542 2555 Masius
562 2527 592 2555 δι’
606 2524 703 2556 Cinna
723 2523 836 2569 seipsos
848 2525 961 2559 dicunt
1015 2523 1230 2558 ltaliaexarsir.

207 2571 364 2605 Consules
377 2596 386 2611 ‚
407 2573 527 2605 Mariua
547 2571 672 2619 septimi
691 2571 738 2606 sui
762 2572 963 2609 Consulatus
1064 2577 1196 2620 Papyrtm
1209 2570 1322 2610 Carbo,
1343 2575 1373 2606 δι
1386 2573 1475 2617 Cajus
1495 2573 1613 2606 Mariua
1635 2572 1769 2618 Maioris
1791 2586 1928 2622 syllaMa=

204 2622 301 2656 initio
318 2621 476 2661 moritur,
503 2621 582 2655 tium
601 2622 794 2669 quotidianfi
809 2624 963 2659 ebrietate
1014 2622 1101 2657 filius
1123 2622 1292 2668 adoptatus
1304 2621 1481 2668 vigintisex
1499 2634 1658 2656 annorum
1673 2626 1769 2668 juve·
1791 2625 1922 2653 mnosde-

209 2681 336 2705 metum
349 2669 365 2703 a
377 2668 451 2712 §flii
462 2669 605 2704 discutit.
1016 2670 1242 2711 nis,Consules
1254 2670 1464 2707 foi·tiffimi‚i‘n
1476 2673 1568 2706 variis
1579 2673 1772 2708 exercitibus
1791 2667 1869 2696 bellac.

56 2729 164 2758 fimbria
259 2724 356 2753 Cinna
377 2718 528 2753 Valerium
545 2719 677 2754 Flaccum
702 2720 805 2754 Mario
834 2720 966 2756 Consu-
1016 2722 1181 2757 habebant
1199 2723 1455 2768 legionariorum
1478 2722 1619 2755 ducenta
1648 2723 1770 2760 milliar

52 2770 132 2809 perdit
212 2767 276 2801 lem
288 2768 450 2802 substituit
462 2795 470 2807 ,
488 2771 569 2802 &in
583 2769 775 2803 Asificontra
795 2768 967 2803 Mithrida·
1019 2773 1130 2806 multis
1146 2775 1178 2804 δέ
1198 2773 1339 2805 cruentis
1359 2770 1472 2817 praeliis
1484 2773 1609 2819 aliquot
1620 2773 1710 2806 annis
1728 2773 1772 2808 cst

2 2811 7 2878 l
56 2812 140 2840 “¹¹⁶'’-
213 2827 271 2849 tem
287 2831 358 2852 cum
373 2819 498 2852 duabus
511 2818 699 2865 legionibus
719 2821 833 2852 mittit.
858 2822 966 2866 Impe-
1018 2831 1177 2854 certatum
1190 2845 1198 2860 ‚
1224 2822 1366 2867 plerique
1384 2822 1483 2854 Italici
1497 2820 1696 2855 Consulibus
1715 2822 1775 2857 ad-

212 2867 290 2899 ritus
304 2871 444 2902 omnino
458 2868 571 2901 Flaccus
584 2871 625 2902 rei
638 2870 785 2903 militaris
795 2879 861 2903 erat
876 2893 885 2907 ‚
904 2870 966 2902 mi·
1019 2869 1192 2908 haercbant,
1202 2870 1331 2904 tandem
1343 2872 1478 2917 Syllanae
1489 2881 1589 2917 partes
1600 2868 1775 2917 superiores

3 2879 7 2967 ι
212 2915 386 2963 litibusque
400 2917 533 2957 exosus3
559 2917 608 2952 scd
621 2917 742 2952 Fimbria
761 2922 828 2963 ejus
846 2919 969 2964 legatus
1019 2919 1195 2958 evaserunt,
1205 2919 1447 2965 Adariusjunior
1457 2933 1569 2954 manus
1582 2919 1773 2956 libiintulit.

3 2973 7 3001 l
213 2961 287 2998 satis
299 2966 334 2998 iis
344 2977 463 3013 gratus.
491 2970 582 3002 Dum
602 2968 718 3002 Flaccus
739 2967 894 3002 Fimbriam
908 2982 966 3002 ne-
1020 2970 1095 3012 Sylla
1107 2971 1250 3003 Romam
1266 2972 1398 3003 veniens
1412 2993 1420 3005 ‚
1439 2969 1599 3003 senatores
1611 2974 1640 3004 &
1652 2972 1773 3017 equites

3 3003 7 3029 ¹
213 3015 312 3061 gligit
332 3023 426 3048 moto
453 3018 595 3050 tumultu
614 3017 800 3052 Consulem
831 3020 863 3051 in
897 3016 967 3051 Afifi
1019 3018 1067 3052 bis
1080 3020 1167 3052 mille
1187 3019 1370 3065 proscripsit
1390 3031 1398 3051 :
1425 3020 1563 3053 immani
1583 3020 1771 3056 crudelitate

4 3074 7 3107 Ι
213 3062 341 3097 Fimbria
350 3063 524 3098 obtruncat
539 3088 546 3099 ‚
563 3078 597 3099 ac
608 3067 660 3101 sua
670 3070 863 3102 auc'toritate
875 3080 964 3101 exer·
1020 3069 1075 3102 viri
1089 3069 1183 3102 multi
1195 3066 1382 3101 nobilissimi
1397 3067 1435 3101 ab
1446 3068 1548 3103 obvio
1557 3082 1690 3118 quoque
1702 3070 1771 3104 tot&

4 3122 7 3161 j
213 3110 654 3161 cittisimperiumoccupat,
673 3116 885 3151 Mithridatem
905 3118 965 3150 ali-
1017 3116 1105 3151 Italizi
1131 3115 1426 3156 confodiebantur,
1456 3120 1559 3165 capita
1574 3133 1633 3167 pro
1661 3120 1769 3153 rostris

211 3164 341 3212 quoties
366 3161 484 3212 fugat,
522 3164 618 3200 urbes
652 3165 733 3202 Asiae
760 3167 965 3215 depraedatur.

1018 3166 1209 3216 figebantur,
1219 3180 1357 3216 corpora
1369 3167 1459 3200 uncis
1468 3170 1567 3204 traffita
1578 3171 1611 3205 in
1620 3169 1768 3204 Tiberim

1374 3218 1485 3263 003

1708 3216 1774 3252 sine

1783 1663 1865 1702 pesen-
