2048 3343
173 1305 215 1322 10.

119 1971 248 2010 Responde-

119 2020 163 2039 tur
170 2015 206 2041 ad
210 2026 254 2042 ar-

116 2062 235 2088 gumenta

119 2094 228 2129 spanhe-

119 2143 165 2161 mn
187 2144 207 2161 1.

181 2238 203 2255 2.

285 88 332 131 54
657 72 951 111 OPERIS

286 155 356 187 dam
370 148 546 184 sententiam
555 171 564 186 ,
577 156 610 180 ut
621 145 707 179 reste
714 156 802 180 notat
812 148 978 194 §omarusu
992 157 1041 180 re-

280 203 422 250 quireret
432 198 559 235 verbum
567 194 737 244 expressum
748 196 835 243 quod
844 194 1041 242 responderet

286 260 323 289 ,ως
334 257 466 295 affligem
483 248 628 282 nimirum
643 248 667 281 ἦν
681 247 708 277 At*
721 255 771 278 aut
783 244 895 285 simile,
909 245 1042 292 legendo

287 301 324 334 ad
336 300 417 333 hunc
431 297 560 332 modum
569 321 579 337 ‚
600 294 686 344 Jesus
698 293 857 331 Christus,
872 305 904 329 ut
916 294 1042 342 putaba-

286 361 351 388 tur,
377 347 456 382 filius
470 346 591 393 loftffi,
619 355 680 380 erat
691 344 765 380 vero
778 344 858 379 filius
869 346 930 381 Eli.

334 398 493 432 octavum
501 408 607 431 contra
615 396 691 429 hanc
699 392 876 429 sententiam
884 405 1044 442 argumen-

286 459 352 483 tum
361 448 490 481 excludit
497 460 530 481 ea
537 458 597 480 tam
605 444 698 493 quam
705 444 879 492 praecedens
887 446 1043 489 Mariam,

287 502 319 534 &
345 497 505 532 Christum
524 494 689 530 secundum
714 507 836 528 carnem
856 493 872 527 ὲ
897 493 1045 524 Solomone

288 545 488 594 Regibusque
500 546 647 580 omnibus
660 544 750 581 luda,
763 542 914 587 omnique
928 543 996 582 jure
1008 539 1044 573 ad

287 597 436 632 thronum
449 607 499 630 aut
507 594 657 642 sceptrum
664 592 813 629 Damalis,
829 588 915 636 quod
922 588 984 622 hoc
992 601 1044 635 pa-

289 648 343 681 6ὶο
353 647 404 680 uni
412 645 538 694 Iosepho,
554 652 747 691 nequaquam
756 639 829 675 vero
839 640 1045 673 Mariaecom-

288 707 418 745 peteret.

334 747 466 780 Nonum
481 744 626 776 stlariam
638 741 668 774 in
681 737 796 773 familia
808 738 941 772 collocat
953 738 1045 772 nimis

288 794 305 829 a
316 794 426 842 losepho
435 793 578 827 distante:
597 803 666 824 nam
674 814 684 829 ‚
698 799 730 822 ut
738 799 876 822 numerat
883 785 943 836 ipse
951 791 1046 836 Span-

287 844 416 881 hemim,
442 840 555 877 David
565 852 626 874 erar
640 837 885 887 quadragesimus
898 838 1015 884 primus
1031 835 1048 870 ὲ

286 890 400 927 Mami
407 906 416 932 ;
431 892 517 926 detur
529 889 664 925 Davtdzs
676 886 824 922 familiam
836 886 970 922 Davidis
983 887 1047 921 die-

287 943 343 977 bus
357 942 393 975 ad
411 954 525 988 paucos
544 939 712 975 admodum
727 938 895 974 remotam,
923 941 954 972 &
968 937 1047 972 radi-

285 1005 354 1026 cem
368 991 430 1036 Icff:
443 991 478 1025 ad
492 1002 605 1038 paucos
615 993 646 1024 &
660 987 864 1023 exarescentes
878 987 1046 1027 ramos‚vix

286 1052 389 1076 tamen
403 1040 549 1076 credibile
569 1050 734 1074 numerum
753 1035 839 1072 fuisse
858 1036 952 1085 usque
967 1035 1046 1071 ade&

285 1090 443 1138 pufillum,
462 1101 496 1125 ut
508 1089 607 1123 nullus
622 1089 728 1123 Mariae
745 1087 952 1135 propinquior
965 1087 1047 1121 inve-

286 1142 403 1175 niretur
415 1141 507 1188 quam
519 1138 649 1188 Iosephus
662 1161 673 1177 ‚
700 1140 785 1183 cujus
805 1137 898 1184 origo
912 1149 983 1171 cum
996 1133 1049 1171 sua

286 1203 352 1225 non
360 1201 427 1224 ante
437 1189 612 1228 uniebatur,
627 1188 720 1235 quim
727 1186 872 1235 gradibus
881 1185 964 1233 supra
972 1197 1048 1233 qua-

287 1240 423 1287 draginta
433 1241 469 1274 ad
482 1237 579 1286 ipsum
593 1237 750 1272 Davidem
759 1236 848 1271 fieret
856 1233 999 1270 ascensus-

335 1288 499 1322 Subsistarn
514 1289 543 1321 in
558 1287 692 1321 decimo.
720 1286 876 1320 Sententia
894 1284 959 1319 haec
977 1281 1049 1318 facit

285 1339 420 1387 primum
440 1340 469 1371 in
485 1335 601 1372 Christi
612 1348 724 1384 genere
738 1334 866 1382 gradum
881 1333 1048 1381 heteroge-

285 1401 378 1422 neum
388 1388 425 1421 ab
439 1387 586 1421 omnibus
601 1386 724 1433 reliquis
732 1410 742 1425 ‚
758 1386 788 1418 in
797 1385 843 1419 his
852 1384 934 1419 enim
944 1383 1050 1417 omni-

286 1439 344 1472 bus
358 1437 401 1471 est
413 1450 507 1471 nexus
520 1436 575 1470 filii
591 1448 662 1470 curn
675 1446 759 1483 patre
772 1459 782 1474 ,
808 1436 839 1468 in
854 1435 908 1468 illo
923 1432 1049 1480 nepotis

288 1500 359 1521 cum
373 1486 518 1533 avo,Jesu
533 1498 602 1520 cum
614 1486 681 1521 Eli,-
702 1482 802 1518 fateor
814 1485 846 1518 in
860 1484 940 1519 linea
955 1484 1048 1516 Mat-

287 1536 350 1571 that
363 1548 427 1570 non
440 1534 558 1570 tantum
581 1544 730 1581 nepotem
750 1546 822 1568 cum
840 1546 900 1567 avo
914 1558 924 1573 ‚
949 1531 998 1567 sed
1011 1532 1048 1567 ab

286 1596 434 1634 nepotem
444 1598 514 1620 cum
523 1596 611 1619 atavo
622 1584 786 1630 conjungi,
811 1581 860 1617 sed
869 1582 931 1617 hoc
940 1581 975 1617 fit
982 1593 1049 1617 turn

288 1636 325 1670 ad
337 1633 503 1670 salvandam
520 1633 684 1681 expressam
704 1632 848 1667 Matthaei
865 1632 1049 1679 hypothesin

288 1685 326 1720 de
344 1685 441 1719 tribus
465 1683 748 1720 tessaradecadibus‚
774 1693 841 1716 tum
867 1681 955 1730 quod
972 1680 1049 1716 sacra

288 1736 441 1782 Scriptura
460 1734 532 1770 alibi
545 1734 624 1770 clar‘e
649 1734 759 1768 doceat
783 1731 871 1780 quod
895 1731 944 1766 isti
969 1744 1049 1779 quos

288 1786 453 1819 Matthaeus
470 1794 559 1821 vocat
577 1783 675 1824 filios,
701 1781 816 1817 fuerint
835 1784 940 1818 revera
953 1781 1047 1816 abne-

289 1846 378 1882 potes
388 1860 397 1875 ,
410 1846 459 1869 aut
472 1836 642 1881 trinepotes
651 1858 660 1873 ,
682 1833 760 1867 nihil
768 1832 827 1866 tale
835 1831 867 1865 in
874 1832 977 1871 Luca,
990 1844 1047 1866 nec

289 1885 456 1931 quicquam
475 1883 570 1918 simile
589 1881 702 1931 absque
719 1880 889 1917 necestitate
901 1879 1045 1917 affirmari

289 1933 389 1968 debet.

337 1985 400 2017 Pro
413 1981 462 2016 sufi
480 1980 626 2018 sententia
651 1983 717 2017 haec
741 1981 828 2017 affert
844 1983 1048 2032 Spanhemins.

290 2033 414 2072 Primo,
441 2045 494 2080 per
507 2045 574 2066 eam
586 2031 661 2066 nihil
675 2033 820 2067 coactum
832 2032 890 2067 effe
902 2034 934 2067 in
946 2044 1047 2073 textu,

291 2080 340 2116 sed
353 2082 559 2128 omniafluere
567 2083 603 2116 de
611 2082 714 2128 plano.
723 2081 817 2130 Resp.
829 2082 936 2132 Qam
943 2084 1048 2117 omnia

291 2144 345 2178 per
357 2145 424 2166 eam
442 2132 551 2166 ςοαξὶςι
573 2130 648 2172 fint,
673 2136 704 2166 δέ
718 2132 810 2179 quam
830 2132 858 2166 ei
876 2143 937 2166 tam
955 2133 1048 2169 verba

289 2181 382 2227 quzim
396 2179 491 2215 sensus
504 2191 669 2227 repugnet,
695 2194 792 2228 nuper
806 2181 947 2216 diximus.

352 2230 506 2264 Secundo.
551 2227 740 2273 Hujusmodi
763 2229 955 2275 parentheses
981 2229 1049 2262 sunt

288 2278 438 2314 consuetae
446 2303 455 2318 ‚
483 2283 513 2313 &
527 2275 706 2324 frequenter
729 2276 784 2310 filii
809 2275 968 2310 sumuntur
988 2288 1047 2322 pro

285 2327 466 2374 nepotibus,
486 2325 580 2374 Resp.
594 2323 777 2361 lstavelsunt
785 2325 949 2371 petitiones
962 2325 1047 2372 prin-

285 2378 388 2424 cipii‚’
400 2377 448 2411 vel
461 2376 538 2410 nihil
557 2373 720 2409 adversum.
761 2374 842 2423 Qis
856 2373 974 2408 dubitat
987 2371 1047 2408 fre-

286 2426 491 2474 quentissimas
510 2426 541 2458 in
561 2425 650 2459 omni
670 2423 811 2458 sermone
830 2421 1022 2471 parentheses
1035 2447 1046 2462 ,

287 2477 336 2511 sed
351 2475 542 2511 extensiones
557 2472 778 2523 parentheseon
792 2474 868 2507 ultra
882 2473 994 2507 limites
1009 2485 1047 2507 o-

286 2527 459 2574 riginalium
484 2536 624 2559 textuum
649 2524 743 2571 idque
767 2524 804 2557 ad
834 2522 1047 2557 conturbanda

288 2576 359 2610 citm
377 2575 468 2611 verba
488 2586 554 2609 turn
574 2572 689 2609 sensum
708 2586 774 2607 non
798 2570 866 2607 sunt
878 2570 1044 2612 consuetae‚

289 2638 389 2672 neque
397 2626 428 2658 in
437 2625 501 2658 ullo
509 2624 643 2671 probato
651 2623 779 2657 autftore
786 2633 945 2669 apparent:
960 2622 1047 2669 quod

290 2688 386 2721 nepos
406 2673 570 2723 aliquando
587 2672 663 2707 stare
679 2672 768 2719 poffit
783 2683 842 2717 pro
858 2670 925 2704 filio
937 2695 947 2710 ,
973 2670 1047 2705 faci-

289 2723 317 2758 le
333 2724 510 2758 conceditur
521 2747 531 2762 ‚
557 2722 644 2756 sedin
658 2734 697 2755 eo
711 2721 852 2768 catalogo
865 2720 920 2753 ubi
932 2721 963 2753 in
979 2733 1046 2768 gra-

289 2773 377 2807 dibus
393 2773 476 2821 supra
491 2773 653 2820 octoginta
669 2782 826 2817 nunquam
837 2768 917 2804 filius
926 2768 1046 2817 statpro

289 2833 401 2869 nepote
412 2847 420 2859 ,
447 2836 541 2857 nemo
557 2821 708 2857 concedet
721 2820 775 2854 nisi
786 2830 969 2867 argumento
980 2819 1046 2854 effi-

288 2874 350 2905 caci
364 2873 542 2912 conviffilms,
562 2872 651 2919 quale
664 2869 781 2904 nullum
795 2869 846 2904 hic
862 2880 995 2916 apparet.

333 2921 457 2955 Tertio.
475 2925 564 2970 Syrus
573 2924 741 2967 Interpres‚
758 2919 810 2953 etsi
822 2932 887 2953 non
901 2918 1048 2964 exprimat

288 2970 492 3015 parenthesin,
518 2971 557 3006 sic
571 2982 672 3005 tamen
684 2969 774 3016 legit,
795 2973 826 3005 &
837 2967 1000 3016 putabatur
1010 2967 1046 3001 fi-

288 3018 344 3051 lius
358 3018 467 3066 Jofeph‚
479 3034 557 3068 quae,
572 3033 605 3054 ac
618 3019 638 3054 fi
651 3019 877 3054 includerentur
885 3018 1046 3065 parenthe‘

289 3066 322 3106 sl,
336 3066 374 3100 sic
381 3068 546 3111 cohaerent,
556 3081 588 3104 ut
602 3069 784 3116 nonpossint
794 3068 938 3116 disjungi.
951 3066 1045 3115 Resp.

289 3117 322 3150 Si
333 3116 421 3151 vellet
434 3116 509 3151 stare
522 3119 713 3167 Spanhemius
726 3119 843 3164 judicio
858 3119 906 3153 vel
919 3118 985 3164 Syri
997 3117 1046 3153 vel

290 3165 400 3200 Arabis
408 3164 453 3203 vel
467 3168 835 3217 AEthiopicilnterpretis,
848 3168 950 3204 statim
957 3167 1046 3206 cade-

1014 71 1463 111 HrsToR101

1077 155 1123 180 ret
1135 143 1222 179 causa
1230 169 1240 185 ,
1266 145 1309 179 illi
1322 145 1405 179 enim
1416 157 1527 193 omnes
1540 167 1550 182 2
1592 158 1626 182 ut
1639 150 1743 186 videre
1754 151 1798 186 est
1811 152 1842 186 in

1078 195 1188 230 Bibliis
1201 195 1328 243 nuperis
1341 196 1607 237 Londinensibus,
1630 200 1778 249 Iosbphum
1793 215 1842 236 re-

1079 243 1180 280 ferunt
1193 246 1230 280 ad
1247 246 1298 281 Eli
1311 256 1343 280 ut
1355 256 1472 292 patrem
1494 256 1556 279 tarn
1569 248 1722 293 expresse,
1749 252 1842 298 quam

1080 296 1128 331 vel
1136 296 1247 330 Graeca
1253 296 1301 330 vel
1314 295 1433 329 Latina.
1461 295 1550 329 Nihil
1557 294 1628 330 facit
1637 297 1673 332 ad
1684 310 1749 333 rem
1758 301 1844 346 quod

1081 344 1238 379 cohaerent
1246 357 1280 379 ea
1287 344 1379 380 verba
1386 369 1397 385 ‚
1422 349 1454 379 &
1463 346 1624 391 putabatur
1634 346 1713 381 filius
1720 348 1842 398 Iosephi‚

1082 405 1152 427 nam
1166 406 1232 428 non
1247 394 1348 429 minsis
1362 407 1433 429 curn
1453 394 1558 431 nostra
1572 396 1740 442 parenthesi
1752 398 1844 433 verba

1081 444 1161 476 inter
1173 440 1202 476 se
1216 442 1375 478 cohaerent
1386 468 1396 483 ,
1432 457 1528 479 unum
1543 446 1624 480 enim
1637 450 1668 481 δι
1684 448 1766 482 idem
1780 447 1844 488 est,

1077 490 1165 539 Jesus
1177 489 1235 525 fuit
1245 493 1295 537 (ut
1308 493 1487 540 putabatur)
1504 494 1584 528 filius
1597 495 1705 545 Iofi’phi
1713 521 1723 537 ‚
1748 501 1779 532 &
1790 498 1847 544 Je-

1082 538 1127 575 sus
1137 542 1299 589 putabatur
1312 541 1392 576 filius
1406 542 1520 590 lofiphi.
1551 544 1670 578 Verum
1683 557 1748 580 tota
1762 559 1847 594 quae-

1081 590 1142 625 stio
1153 590 1198 625 est
1212 604 1286 625 num
1297 591 1383 639 Jesus
1394 592 1594 637 praetermisso
1607 594 1719 643 loftpho
1733 596 1846 630 imme-

1082 641 1162 677 diate
1176 638 1321 675 referatur
1335 642 1372 676 ad
1385 642 1444 680 521¹,
1458 654 1495 675 an
1504 642 1579 676 vero
1588 641 1686 692 Joftph
1700 642 1848 679 referatur

1082 691 1119 725 ad
1131 692 1181 725 Eli
1191 716 1201 730 ‚
1236 690 1311 725 licut
1325 692 1376 725 Eli
1392 692 1428 725 ad
1442 691 1603 733 Matthat;
1628 693 1691 728 hoc
1705 694 1748 728 est
1761 694 1848 742 quod

1082 739 1150 774 fieri
1163 739 1347 775 affirmamus
1354 739 1434 788 apud
1443 743 1552 788 Syrum
1560 746 1591 777 &
1600 754 1727 777 caeteros
1738 756 1848 778 omnes

1083 790 1263 836 interpretes
1278 791 1442 824 orientales
1456 791 1555 826 multo
1569 793 1780 840 expreffiffime
1790 818 1800 834 ,
1815 805 1849 828 ut

1084 840 1180 874 cuivis
1194 836 1364 886 inspicienti
1379 840 1507 886 patebit.

1136 891 1291 933 Quartum
1305 888 1348 922 est
1364 889 1402 923 ab
1425 890 1608 924 auctoritate
1620 891 1795 938 aliquorum
1811 906 1847 928 ex

1083 937 1326 973 Protestantibus
1339 941 1371 973 δι
1383 938 1566 974 Pontificiis.
1576 938 1669 986 Resp.
1682 942 1727 974 Hi
1736 955 1846 977 omnes

1084 988 1227 1024 videntur
1241 986 1359 1035 sequuti
1373 1000 1468 1023 uuum
1481 992 1622 1028 Iunium,
1651 1001 1684 1024 ut
1696 990 1766 1024 alias
1781 1004 1847 1026 non

1084 1036 1193 1078 semel,
1220 1036 1270 1072 sed
1283 1037 1304 1072 fi
1316 1038 1496 1073 certandum
1511 1038 1585 1073 esset
1597 1039 1845 1079 auetoritatibus,

1084 1087 1295 1136 proculdubio
1320 1100 1379 1135 pro
1404 1087 1561 1122 sententiis
1588 1089 1746 1136 prioribus
1770 1088 1848 1125 stant

1085 1137 1185 1173 multo
1199 1138 1299 1184 plures
1313 1141 1345 1172 δι
1358 1142 1491 1182 majores
1504 1138 1575 1178 viri,
1611 1137 1705 1186 quam
1718 1152 1778 1188 pro
1792 1139 1848 1175 hac

1085 1189 1167 1223 nova
1179 1187 1332 1222 &ultimss
1345 1187 1528 1236 Spanhemii.

1131 1237 1211 1271 Non
1223 1237 1300 1270 ultra
1322 1236 1525 1284 quaestionem
1545 1236 1624 1272 hanc
1649 1238 1772 1274 vexabo
1782 1263 1790 1276 ‚
1815 1250 1849 1274 ut

1084 1286 1184 1333 incepi
1199 1286 1238 1320 ita
1251 1284 1344 1325 finio,
1365 1284 1542 1332 responsum
1556 1289 1696 1334 generale
1709 1288 1747 1323 de
1764 1299 1848 1336 patre

1085 1335 1211 1369 naturali
1225 1335 1356 1383 &legali
1370 1334 1605 1370 satisfaetorium
1622 1336 1696 1378 esse,
1722 1337 1743 1371 fi
1756 1340 1850 1385 parti-

1085 1384 1214 1419 cularius
1232 1384 1429 1419 descendatur
1453 1384 1529 1418 nihil
1551 1386 1702 1420 invenitur
1715 1385 1849 1424 fundati,

1085 1435 1163 1468 nihil
1177 1433 1346 1474 neceffarii3
1373 1431 1471 1467 solum
1486 1435 1675 1478 conje&urae
1687 1440 1718 1470 &
1736 1436 1851 1482 proba-

1085 1484 1156 1518 bilia
1165 1495 1294 1517 omnem
1302 1483 1444 1530 pagiuam
1453 1482 1601 1529 implent,
1622 1483 1653 1516 in
1667 1484 1779 1531 quibus
1787 1484 1853 1520 sen-

1084 1533 1177 1568 tentia
1195 1543 1334 1567 veterum
1356 1544 1421 1565 non
1441 1530 1486 1565 est
1512 1542 1575 1566 tam
1595 1531 1720 1568 absurda
1734 1558 1744 1574 ‚
1776 1534 1853 1581 quin

1085 1582 1176 1631 possit
1194 1580 1367 1616 commode
1380 1580 1447 1615 satis
1460 1578 1597 1621 defendi,
1629 1594 1686 1617 nec
1700 1583 1855 1618 recentio-

1086 1646 1153 1667 rum
1168 1644 1428 1680 quorumcunque
1436 1630 1545 1677 placita
1553 1631 1594 1666 ita
1606 1631 1705 1667 adhuc
1718 1633 1852 1668 demon-

1085 1682 1172 1717 strata
1185 1679 1268 1722 sunt,
1289 1681 1364 1729 quin
1377 1681 1472 1716 multa
1485 1680 1596 1729 poffint
1612 1681 1710 1727 objici
1723 1682 1768 1718 ob
1782 1695 1850 1731 quae

1085 1732 1185 1781 quivis
1198 1731 1341 1768 cordatus
1352 1731 1526 1767 libertatem
1539 1729 1674 1780 postulet
1687 1734 1778 1775 '2⁷12'an

1265 1832 1568 1871 QttAEsT1o
1615 1833 1668 1861 ix.

1085 1898 1147 1928 Cur
1163 1891 1208 1927 ad
1221 1890 1373 1941 Josephum
1389 1887 1488 1940 potitis
1503 1915 1512 1928 ‚
1536 1890 1630 1938 qudm
1647 1890 1691 1924 ad
1701 1891 1848 1924 Adbriam

1265 1942 1379 1975 Christi
1387 1940 1515 1986 stemma
1531 1942 1691 1986 referatur.

1130 2034 1163 2070 N
1184 2031 1381 2081 Genealogift
1394 2031 1511 2067 Christi
1524 2032 1608 2080 plura
1620 2043 1688 2065 non
1701 2029 1848 2065 movebi-

1132 2097 1199 2119 mus
1212 2083 1305 2132 quaim
1317 2083 1380 2117 hoc
1392 2094 1487 2117 unum
1503 2106 1514 2122 ‚
1539 2081 1625 2128 quod
1639 2076 1794 2114 adversarii
1808 2088 1846 2109 0-

1086 2135 1141 2169 lim
1153 2145 1216 2168 tam
1229 2133 1343 2180 Pagani
1356 2131 1448 2179 quam
1462 2131 1602 2165 Heretici
1615 2137 1722 2162 contra
1735 2126 1847 2160 Eccle-

1086 2184 1157 2217 siam
1165 2193 1234 2216 ante
1246 2182 1351 2215 omnia
1359 2179 1548 2225 premebant.
1567 2179 1597 2211 Si
1608 2177 1785 2224 (inquiunt)
1791 2176 1848 2222 Je-

1086 2230 1131 2263 sus
1156 2231 1172 2262 a
1198 2228 1308 2274 Ioftpho
1332 2225 1456 2273 ejusque
1480 2226 1650 2270 majoribus
1675 2223 1846 2262 descendit,

1086 2288 1153 2311 tum
1166 2276 1297 2324 Iosephus
1309 2278 1374 2318 ejus
1386 2286 1450 2308 erat
1462 2286 1560 2321 pater,
1591 2286 1693 2321 neque
1703 2283 1789 2307 natus
1803 2272 1847 2307 est

1082 2323 1170 2373 Jesus
1188 2337 1225 2358 ex
1249 2324 1368 2371 virgine
1383 2347 1393 2363 ‚
1420 2323 1561 2370 adeoque
1575 2323 1697 2359 Messias
1710 2322 1768 2357 esse
1781 2334 1847 2356 non

1086 2374 1206 2423 potuit:
1224 2372 1244 2406 si
1259 2373 1473 2421 veroalosepho
1486 2385 1550 2407 non
1564 2372 1608 2407 est
1621 2373 1741 2421 genitus
1749 2396 1759 2412 ‚
1773 2370 1848 2420 quid

1087 2424 1123 2459 ad
1137 2436 1208 2458 eum
1215 2420 1328 2470 spectat
1341 2423 1449 2472 Iosephz‘
1460 2421 1608 2457 stemma?
1622 2427 1689 2458 Cur
1696 2434 1761 2457 non
1774 2424 1848 2456 Ma-

1085 2474 1136 2508 riae
1150 2485 1246 2521 genus
1257 2485 1324 2520 quae
1338 2472 1427 2520 ipsius
1441 2483 1521 2506 certa
1529 2483 1625 2506 mater
1638 2483 1718 2512 erat,
1744 2471 1848 2518 potius

1086 2523 1270 2571 descriptum
1283 2521 1347 2558 est?
1378 2524 1423 2565 Ut
1439 2522 1490 2556 hic
1507 2522 1607 2556 nodus
1620 2520 1787 2556 solveretur
1799 2520 1848 2553 in-

1088 2584 1178 2609 venta
1190 2571 1234 2608 est
1246 2584 1281 2605 ea
1293 2570 1519 2619 sententia,quae
1531 2571 1638 2605 Mariae
1647 2570 1775 2605 stemma
1783 2581 1847 2604 non

1086 2622 1233 2670 Ioftphiin
1241 2621 1413 2668 Euangelio
1427 2623 1519 2655 Lucae
1526 2621 1587 2655 texi
1599 2620 1770 2655 constituit.
1786 2618 1846 2654 Sed

1086 2683 1288 2719 praeterquam
1308 2671 1395 2717 quod
1412 2669 1483 2704 huic
1496 2669 1651 2704 sententiae
1669 2672 1778 2705 multas
1798 2680 1846 2701 ra-

1086 2722 1188 2755 tiones
1213 2723 1245 2754 &
1265 2720 1461 2754 auctoritates
1482 2719 1699 2767 opposuimus,
1729 2715 1844 2754 etiamsi

1086 2768 1325 2808 concederetur,
1352 2782 1418 2803 non
1433 2768 1561 2805 solveret
1572 2770 1709 2808 nodum;
1728 2767 1798 2800 licet
1812 2778 1846 2799 e-

1086 2820 1152 2854 nim
1167 2821 1284 2853 Lucam
1297 2820 1403 2854 Mariae
1416 2832 1512 2866 genus
1530 2828 1699 2853 narrantem
1714 2814 1847 2850 difficul-

1086 2880 1129 2904 tas
1144 2881 1209 2902 non
1223 2879 1361 2914 tangeret
1369 2893 1379 2907 ‚
1397 2868 1580 2901 Matthaeum
1588 2877 1690 2900 tamen
1699 2866 1786 2898 unius
1795 2863 1847 2912 Jo-

1080 2917 1163 2965 [ἔριπ’
1179 2915 1310 2949 stemma
1323 2927 1548 2951 memorantem
1567 2915 1605 2949 ab
1621 2913 1761 2949 hostium
1777 2913 1846 2948 telis

1085 2978 1151 3000 non
1164 2975 1293 3012 tegeret.
1318 2967 1455 3012 Antiqua
1463 2977 1538 3012 ergo
1547 2968 1577 2999 &
1584 2965 1711 3011 vulgatis
1721 2962 1844 3010 respon-

1086 3015 1130 3051 fio
1137 3027 1205 3062 quae
1213 3025 1376 3061 utrumque
1389 3014 1616 3062 Euangelistam
1629 3014 1736 3048 liberat
1750 3014 1787 3047 ab
1794 3012 1845 3046 ad-

1085 3064 1282 3102 versariorum
1296 3063 1405 3098 cavillis
1419 3066 1512 3112 magis
1519 3064 1631 3111 placet,
1650 3061 1761 3097 scilicet
1768 3062 1846 3110 apud

1080 3115 1206 3163 Judaeos
1222 3114 1252 3147 in
1267 3113 1408 3147 virorum
1424 3114 1613 3161 genealogiis
1626 3113 1769 3147 mulieres
1781 3123 1845 3146 non

1084 3162 1267 3204 consueviffe
1279 3165 1446 3206 numerari,
1456 3161 1507 3200 sed
1515 3153 1597 3202 vifos
1610 3161 1711 3206 solos3
1725 3171 1845 3218 praetef-

1770 3222 1804 3244 ea
1817 3220 1848 3243 m

1867 1239 1990 1277 Conclust·
1996 1262 2002 1267 .

1861 2967 1933 2994 Iudai
1942 2967 1969 2994 in

1862 3008 1979 3034 virorum

1858 3046 2001 3083 genealogiis

1862 3086 1978 3113 mulieres

1862 3135 1911 3152 non
1932 3135 2016 3153 meme-

1864 3165 1964 3193 rabant.
