2048 3343
472 91 537 120 ετ
598 81 937 120 Cnnouo

969 70 1248 117 1001c1
1305 75 1485 117 L1n.1.

1657 88 1732 121 203

189 161 271 195 tium
290 153 533 196 charasteribus
560 153 747 202 vulgaribus
767 146 850 186 clare
868 149 941 184 satis
961 157 965 206 ι
989 149 1130 186 multum
1142 161 1227 197 opus
1237 147 1301 184 est:
1331 161 1406 185 nam
1419 150 1539 199 quibus
1551 150 1597 187 est
1615 153 1743 189 animus

190 204 479 254 exprimebantur,
504 203 586 239 nihil
607 203 663 239 sub
681 202 782 236 literis
802 198 943 245 mysticis
989 203 1019 233 δι
1032 203 1139 235 otium
1151 197 1250 239 serio,
1276 203 1308 233 δέ
1324 199 1441 248 absque
1452 201 1640 246 praejudicio
1650 213 1744 240 com,-

187 257 305 294 latebat
323 255 460 289 deterius
473 278 483 296 ‚
510 251 606 301 quam
619 250 710 298 quod
722 249 761 285 de
771 250 847 295 Api,
861 251 943 298 Igne,

185 311 306 354 Dagon,
320 303 406 345 Bul,
422 306 637 340 love‚lun0ne‚
651 301 780 338 Venere,
789 298 941 344 Apolline,

185 358 317 391 Vulcano
330 379 340 394 ‚
363 357 394 388 &
405 352 525 387 cacteris
537 351 636 390 ,Idolis
648 346 782 396 publice
797 345 944 394 propala-

185 405 290 440 batur.
318 404 380 438 Dei
400 402 574 439 voluntas,
595 403 626 434 &
641 397 830 432 mandatum
849 409 944 431 com-

183 451 374 489 municandi
387 447 474 485 suam
484 450 592 497 legem
604 448 696 482 omni
710 447 845 494 populo,
860 445 955 485 nihil-

182 500 382 551 impediebat
394 499 614 535 diversitatem
628 496 863 537 characterum,
874 497 947 543 qui-

187 613 255 637 tam
275 600 293 635 ὲ
313 598 566 640 Sacerdotibus,
592 596 691 647 quarn
703 596 744 632 ab
755 596 949 631 indoffioxi—

190 651 253 686 bus
266 650 283 685 ὲ
295 650 432 697 populo.
910 690 919 696 .

241 699 345 748 Qod
359 696 480 734 ultimo
498 695 629 744 capellus
646 699 679 730 &
688 693 865 729 VValtonus
873 694 952 727 aste-

191 761 270 786 runt
280 749 319 784 dc
331 746 568 796 significatione
579 746 670 780 vocis
684 740 838 792 Ashurith
848 767 856 781 ‚
869 741 954 791 quasi

150 819 158 824 -
192 811 362 846 nunquam
379 796 560 833 sumeretur
571 792 766 843 appellative
786 806 844 840 pro
863 793 958 826 beato,

191 848 244 885 sed
264 849 389 896 semper
407 845 536 895 proprie
555 857 615 891 pro
641 842 754 891 lingufi
774 840 955 880 Chaldaea,

192 904 225 934 &
244 897 334 947 quod
355 899 451 933 nullae
472 897 572 929 litetae
601 893 700 927 beatae
725 892 790 927 dici
813 889 953 938 possint,

191 951 266 997 quia
277 948 396 983 nullius
405 943 619 981 beatitudinis
630 942 705 976 sunt
717 952 857 987 capaces.
881 940 952 972 Re-

192 999 289 1046 plica.
319 1009 348 1032 1.
373 996 463 1030 Dato
481 1005 597 1029 vocem
617 991 700 1025 hanc
719 989 843 1036 semper
868 987 952 1022 sumi

192 1045 337 1095 proprie,
351 1045 431 1081 nihil
440 1044 508 1079 hoc
521 1052 634 1077 contra
646 1050 719 1078 nox,
732 1039 787 1086 qui
800 1051 868 1072 non
878 1038 952 1083 reji-

192 1098 298 1132 cimus
310 1107 421 1131 eorum
432 1091 660 1128 Rabbinorum
670 1086 862 1122 sententiam
874 1111 883 1124 ‚
893 1088 951 1135 qui

193 1147 300 1181 literas
311 1144 426 1192 quibus
435 1138 597 1175 leaneo
609 1135 754 1185 primum
766 1135 880 1184 scripta
892 1135 950 1177 est,

988 260 1097 292 parare
1107 247 1218 297 Cap-esti
1229 261 1383 283 arcanum
1399 250 1619 295 punRationis
1630 275 1639 291 ‚
1654 263 1744 299 quae-

989 308 1051 342 que
1062 311 1099 331 ex
1113 311 1153 333 co
1166 298 1305 334 breviter
1314 297 1444 332 deducit
1454 298 1630 334 VValtonus
1640 302 1674 334 in
1685 299 1741 334 suo

990 346 1029 380 de
1041 348 1167 393 punffls
1178 347 1421 395 Prolegomeno
1439 357 1517 380 cumv
1528 349 1674 393 Buxtorfii
1684 362 1743 397 pa-

992 397 1047 430 tris
1057 395 1239 430 Tiberiade
1249 421 1258 435 ,
1272 399 1305 430 &
1316 395 1377 430 filii
1387 394 1604 431 dissertatione
1615 398 1653 431 de
1661 411 1745 444 pun-

967 442 969 499 i
991 446 1064 485 ctis,
1076 455 1109 479 ut
1120 445 1260 480 arbitror
1269 469 1278 481 ‚
1288 446 1320 479 in
1333 458 1452 480 novam
1465 469 1476 485 ‚
1487 449 1519 479 δι
1529 447 1670 480 omnino
1680 445 1747 480 sm-

968 506 970 542 5
992 496 1138 542 gularern
1149 494 1221 529 Εὔα
1233 495 1352 530 Levitae
1362 493 1549 530 sententiam
1557 494 1596 530 de
1606 495 1749 543 punrffo-

185 554 248 588 bus
269 552 376 586 divina
394 549 442 584 lex
460 547 678 585 scribebatur,
703 551 735 581 ὅ(
754 546 923 594 legebatur
941 570 950 583 ‚
970 557 971 583 3

994 557 1065 578 rum
1084 543 1100 579 a
1122 543 1316 579 Masorethis
1335 545 1529 580 inventione
1553 546 1645 579 annis
1670 545 1750 578 totis

997 595 1187 678 quindgfftis
1199 592 1271 641 post
1288 591 1432 641 chnstum
1448 621 1458 634 ,
1481 605 1549 630 non
1566 593 1656 632 valde
1675 605 1755 642 pro--¹

1002 655 1063 692 pen
1089 656 1103 678 e
1132 655 1168 678 it.

971 591 973 606 l

1204 739 1441 776 CAPuT
1490 743 1555 776 XI.

1002 839 1065 871 Res
1093 830 1203 886 gtstas·
1224 833 1402 869 continens
1425 828 1561 886 Epochae
1573 830 1681 885 fixtae
1709 830 1753 870 ab

1027 886 1236 926 Alexandri
1255 886 1390 936 Magni
1402 898 1512 924 morte
1521 887 1568 925 ad
1576 888 1721 927 Aristo-

1160 940 1242 978 buli
1252 942 1290 978 in
1305 939 1415 978 Judaea'
1427 947 1596 993 Regnum.

1036 1034 1070 1068 N
1089 1032 1186 1080 priori
1205 1031 1340 1081 Epoclffi
1353 1034 1457 1079 capite
1478 1044 1570 1067 nono
1581 1033 1748 1080 explicavi,

1035 1082 1208 1131 quomodo
1222 1083 1365 1118 bicornis
1375 1085 1471 1124 aries,
1484 1083 1591 1131 Reges
1603 1081 1711 1117 Persiae
1720 1085 1755 1117 &
1768 1050 1888 1126 ῇῖἔαοιῖτά

998 1133 1138 1173 Mediae,
1158 1133 1273 1167 omnia
1290 1145 1350 1180 pro
1368 1133 1426 1167 suo
1439 1132 1535 1167 libitu
1547 1134 1579 1166 in
1594 1131 1752 1171 Oriente,
1774 1132 1878 1166 illustrat

192 1204 314 1230 vocant
335 1192 528 1238 Assyriacas,
559 1201 600 1223 eo
617 1185 707 1232 quod
725 1185 899 1221 ascendens
910 1199 949 1220 ex
999 1184 1228 1230 Septentrione
1240 1206 1250 1223 ,
1276 1186 1306 1216 ὅ(
1328 1182 1488 1222 Meridie,
1512 1194 1569 1230 per
1579 1192 1682 1216 annos
1693 1180 1753 1215 du-
1768 1173 1852 1241 {temp

190 1240 314 1288 Assyrii
324 1245 355 1276 δι
366 1238 533 1287 Babylone
542 1240 713 1274 Euemeas
722 1233 868 1285 primum
879 1236 951 1270 vul·
998 1242 1113 1266 centos
1126 1233 1259 1278 triginta
1280 1231 1331 1267 sex
1345 1257 1354 1272 ‚
1381 1231 1501 1268 sursum
1518 1231 1669 1266 deorsum
1684 1232 1757 1266 vol·
1773 1221 1835 1285 ⁰22ss
1847 1223 1883 1241 '²'

190 1293 275 1340 garis
298 1289 373 1325 usus
394 1288 514 1323 fecerit.
543 1300 574 1322 2.
596 1283 859 1334 Significationes
877 1298 957 1321 ver--

190 1341 310 1377 borum
331 1341 366 1375 in
384 1348 581 1386 unaquaque
609 1335 721 1384 lingua
747 1335 949 1387 praesupponi

188 1440 309 1486 linguis
321 1439 501 1486 scriptores,
511 1436 597 1484 apud
607 1439 754 1475 Graecos,
766 1431 949 1478 Efflachius,

188 1490 268 1536 Hefi
274 1486 366 1529 chius,
377 1486 500 1527 Pollux,
513 1485 600 1520 unde
611 1481 776 1532 Stephanus
787 1488 822 1519 &
832 1485 884 1518 alii
896 1481 951 1518 sua

189 1538 393 1574 Dictionaria
422 1535 640 1572 condiderunt
664 1549 673 1568 :
707 1534 791 1582 apud
818 1534 951 1568 Latinos

191 1593 227 1625 V
225 1587 337 1635 irgilius
345 1612 356 1628 ,
373 1593 399 1622 C
402 1586 493 1626 icero,
519 1584 727 1631 Qntilianus
738 1607 749 1624 ,
770 1583 932 1629 Prifiianus
941 1610 951 1624 ,

194 1638 315 1678 Gellius,
324 1641 355 1672 &
368 1634 576 1681 hujusmodi:
600 1633 745 1669 similiter
754 1632 844 1680 prisci
859 1633 951 1668 Rab-

195 1687 268 1722 bini
289 1686 525 1724 vocabulorum
540 1683 718 1730 significata
738 1684 771 1717 in
785 1686 949 1729 majorum

195 1737 329 1773 suorum
344 1734 454 1784 linguai
463 1732 650 1782 probissime
662 1733 790 1768 callent.

245 1786 298 1821 Ad
309 1786 514 1821 Diftiomria
526 1783 580 1820 hic
592 1793 749 1830 provocat
761 1784 793 1814 V
795 1784 827 1815 V
825 1780 950 1824 altanus,

193 1836 322 1872 adimus
340 1833 489 1879 Buxtorfii
510 1833 726 1868 Chaldaicum
746 1830 853 1866 multo
873 1828 958 1880 praess‘·

194 1883 434 1924 stantiffimum,
447 1883 536 1931 quod
548 1882 703 1918 haetenus
722 1883 755 1916 in
767 1881 845 1916 orbe
855 1893 951 1930 appa-

194 1936 260 1971 ruit
269 1961 278 1974 ,
289 1933 335 1968 ibi
346 1946 382 1969 ex
393 1934 541 1980 plurimis
552 1943 618 1968 tam
631 1933 841 1979 antiquorum
853 1931 951 1980 quam

194 1985 378 2021 recentium
396 1982 624 2018 Rabbinorum
641 1982 837 2017 testimoniis
856 1981 954 2016 habe-

195 2046 272 2070 mus
291 2030 446 2080 Aslnm'eh
463 2032 546 2067 sumi
564 2030 758 2080 appellative
776 2043 837 2079 pro
854 2029 935 2066 beato
944 2044 954 2072 ς
977 2042 979 2072 ζ

195 2082 289 2131 quod
301 2093 407 2117 autem
421 2081 514 2116 beata
529 2081 600 2116 satis
612 2082 791 2117 commode*
807 2081 869 2116 dici
883 2082 956 2128 pol'-
977 2092 979 2119 i

196 2133 258 2169 {int
276 2143 480 2180 quaecunque
504 2132 595 2167 Deus
620 2131 659 2166 ad
683 2131 841 2178 peculiare
860 2131 955 2172 suum

198 2181 362 2217 servitium
375 2181 528 2222 adhibet,
543 2193 614 2216 non
624 2180 723 2215 debet
741 2182 957 2215 controverti.

201 2232 271 2266 Cur
280 2229 377 2266 Persae
393 2230 545 2267 dicuntur
556 2230 645 2266 beati
665 2231 782 2264 Psalm.
797 2241 874 2275 137.
887 2228 957 2264 Nisi

200 2281 275 2328 quia
288 2278 466 2316 infantium
487 2280 747 2326 Babyloniorum
762 2280 866 2325 capita
876 2278 956 2312 saxis
979 2279 981 2300 ¹

980 2327 982 2343 ²
1003 2325 1179 2365 Romane,
1189 2324 1280 2372 quod
1292 2322 1402 2358 ferreis
1415 2321 1478 2357 suis
1489 2322 1660 2357 dentibus,
1672 2322 1763 2367 prio-

201 2328 387 2363 alliserunt?
416 2328 544 2375 Qidni
566 2329 624 2362 illae
645 2330 741 2363 literae
757 2328 873 2375 quibus
885 2326 958 2361 solis

203 2378 297 2412 Deus
306 2375 376 2410 usus
387 2376 430 2410 est
442 2379 476 2410 in
491 2376 655 2411 scribenda
666 2376 718 2411 su&
733 2375 818 2424 lege,
831 2375 875 2410 ob
887 2389 958 2410 earn

204 2424 293 2472 supra
305 2426 542 2460 omnesliteras
563 2428 806 2474 praerogativam
821 2450 831 2465 ‚
861 2425 959 2461 beatae
982 2431 984 2447 ²

999 1282 1123 1321 verint3
1157 1281 1262 1316 donec
1282 1280 1390 1316 hircus
1416 1281 1456 1316 ab
1477 1280 1662 1316 Occidente
1681 1281 1754 1315 Rex

973 1335 975 1344 '
999 1333 1188 1366 Graecorum
1210 1333 1244 1366 in
1266 1332 1399 1366 arietem
1427 1329 1579 1371 irruisset,
1604 1329 1754 1366 stravisset

188 1389 308 1427 debent
319 1386 525 1437 potislimum
535 1386 650 1421 callere
659 1398 716 1433 qui
726 1385 820 1433 prisci
831 1384 904 1419 sunt
915 1386 949 1418 in
973 1393 975 1403 ¹

997 1381 1111 1422 humi,
1130 1385 1162 1416 &
1183 1391 1357 1430 utrumque
1377 1382 1483 1416 arietis
1504 1393 1607 1416 cornu
1624 1378 1756 1415 confre-

997 1428 1088 1479 gisset
1106 1456 1118 1471 ‚
1145 1430 1342 1479 pedibusque
1357 1444 1494 1465 ornnem
1514 1432 1679 1465 Persarum
1694 1443 1755 1476 po·-

974 1482 1131 1515 ¹tentiam
1164 1479 1392 1515 conculcfisl'et.
1423 1479 1643 1515 Ostendimus
1655 1481 1756 1513 etiam

997 1530 1167 1579 quomodo
1193 1531 1317 1579 insigne
1343 1543 1446 1564 cornu
1470 1543 1508 1564 cx
1529 1529 1638 1564 fronte
1674 1529 1757 1563 hirci

997 1581 1148 1615 enascens
1160 1593 1259 1626 parvo
1270 1591 1420 1628 ternpore
1437 1577 1641 1614 confractum
1663 1577 1700 1612 sit
1722 1580 1758 1613 in

999 1629 1188 1665 eAlexandri
1206 1629 1393 1677 praematura
1404 1633 1435 1664 &
1457 1628 1628 1675 inopinata
1641 1639 1757 1662 morte.

998 1680 1109 1715 Restat
1121 1684 1187 1725 jam
1206 1692 1241 1714 ut
1258 1680 1455 1714 declaremus
1466 1678 1527 1726 quii
1539 1679 1663 1713 ratione
1674 1690 1758 1725 qua-

999 1741 1073 1765 tuor
1082 1743 1205 1765 cornua
1217 1731 1248 1764 in
1261 1729 1341 1764 hirci
1353 1730 1455 1776 capite
1467 1738 1577 1763 exorta
1589 1728 1659 1767 sint,
1670 1721 1758 1776 quo'-

1000 1780 1103 1815 modo
1124 1780 1316 1815 Graecorum
1338 1778 1388 1813 seu
1409 1778 1633 1813 Macedonum
1646 1778 1759 1823 impe-

999 1832 1081 1865 rium
1096 1833 1128 1863 in
1142 1840 1285 1877 quatuor
1306 1830 1463 1876 praecipua
1485 1829 1599 1874 Regna
1617 1826 1756 1862 divisum

999 1879 1185 1926 sit2AEgypti
1193 1876 1418 1917 Ptolemaeorum,
1429 1876 1605 1924 Babylonis
1614 1880 1646 1910 &
1660 1875 1756 1922 Syriae

1001 1928 1223 1966 §Aeacidarum
1236 1927 1317 1963 Afiae
1329 1928 1471 1962 Minoris
1485 1924 1654 1976 eAntzgom'
1666 1950 1674 1963 ,
1685 1927 1760 1959 Ma-

1001 1980 1144 2015 cedonia:
1164 1981 1198 2012 δε
1220 1978 1355 2019 Graeciae
1371 1977 1526 2022 Antipatri
1548 1979 1582 2009 &
1603 1979 1672 2020 ejus
1695 1986 1759 2021 po*

1000 2030 1170 2065 steriorum
1181 2051 1192 2065 ‚
1212 2027 1263 2061 seu
1276 2028 1373 2061 etiarn
1385 2025 1535 2072 Antzgoni
1548 2038 1558 2058 .-
1581 2023 1757 2071 quomodo

1003 2091 1134 2128 quoque
1154 2090 1193 2112 cx
1215 2076 1424 2111 Seleuctdamm
1445 2074 1549 2109 radice
1566 2073 1603 2107 sit
1620 2084 1756 2108 enatum

1001 2142 1104 2164 cornu
1115 2139 1248 2175 parvum
1264 2121 1645 2172 whtiochusEpiphanem
1664 2123 1760 2157 deni-

1001 2191 1065 2227 que
1084 2175 1256 2226 quomodo
1280 2174 1346 2222 ipse
1366 2175 1472 2208 hircus
1499 2177 1530 2207 &
1552 2173 1664 2207 omnia
1688 2175 1760 2216 ejus

1002 2239 1124 2263 cornua
1133 2226 1336 2260 comminuta
1346 2220 1553 2270 contritaque
1563 2218 1761 2257 sintabeslia

1003 2275 1114 2324 quarta
1136 2274 1276 2310 terribili
1294 2298 1304 2313 ,
1330 2272 1562 2308 &fortinimis
1580 2288 1591 2315 3
1618 2272 1761 2318 Imperio

1005 2389 1076 2411 rum
1095 2375 1249 2409 omnium
1279 2374 1495 2422 Imperiorum
1523 2370 1624 2404 robur
1650 2379 1761 2403 totum

1006 2424 1185 2472 confregit.

202 2475 268 2509 dici
282 2473 428 2522 possint?
451 2472 573 2509 Nescio
591 2476 663 2521 quis
684 2476 797 2522 genius
814 2475 960 2520 Capellam

204 2527 306 2573 egerit
316 2548 326 2564 ‚
347 2533 381 2558 ut
392 2536 529 2558 omnem
541 2525 638 2558 literis
651 2527 682 2557 δι
692 2525 812 2572 liuguae
826 2523 963 2557 Hebrai-

204 2587 249 2608 cae
267 2586 334 2608 non
345 2570 474 2607 tantum
485 2572 671 2607 beatitatem
682 2597 691 2613 ‚
704 2573 754 2607 sed
766 2585 864 2618 quam
874 2571 963 2606 doeci

1055 2474 1198 2520 Insignes
1230 2471 1366 2507 istorum
1400 2480 1591 2516 temporum
1624 2466 1761 2502 historiae
1781 2480 1892 2516 Hffloria

1007 2525 1168 2570 egregiam
1183 2522 1288 2556 lucem
1309 2524 1343 2553 &
1362 2531 1473 2554 verum
1486 2517 1761 2551 commentarium
1782 2523 1879 2550 exotica.-

1008 2571 1167 2606 exhibent
1184 2582 1253 2603 non
1267 2567 1395 2602 tanturn
1414 2566 1555 2615 septimo
1566 2589 1574 2602 ,
1601 2566 1718 2601 ocimo
1729 2570 1761 2601 &
1775 2564 1868 2603 smm-

206 2635 322 2658 omnes
338 2625 366 2657 ei
379 2624 481 2657 solent
492 2620 646 2658 ascribere
657 2647 666 2659 ‚
684 2622 894 2657 Sanffitatem
908 2634 964 2656 ne-

205 2684 279 2722 get3
307 2671 376 2706 imo
393 2674 427 2705 δε
452 2685 588 2706 omnem
611 2683 722 2707 contra
749 2683 963 2706 communem

207 2733 288 2768 puto
308 2722 493 2756 mortalium
514 2719 640 2755 sensum
660 2745 669 2760 ,
703 2723 751 2755 vel
771 2720 963 2756 levissimum

208 2770 372 2806 honorem
384 2783 419 2804 ex
432 2772 491 2804 usu
512 2771 622 2804 Dei&
636 2770 868 2816 Prophetarum
882 2794 891 2806 ‚
905 2770 964 2804 de-

210 2818 312 2854 trahat
332 2834 339 2853 :
374 2821 454 2854 Non
478 2831 544 2853 tam
566 2818 757 2866 scrupulosae
776 2818 846 2852 sunt
866 2820 964 2853 Sacrae

211 2866 325 2907 literae,
342 2882 410 2917 quae
423 2866 505 2917 ipsas
521 2869 651 2904 arbores
667 2894 676 2908 ,
696 2868 797 2915 sylvas
809 2892 817 2904 ‚
834 2872 864 2903 &
879 2868 966 2902 luces

211 2915 231 2951 ἂ
244 2917 346 2951 radice
357 2921 445 2954 vocis
458 2932 520 2967 prae
534 2919 681 2954 manibus
692 2926 767 2955 ‘⁶75⁷ss
778 2915 965 2966 frequenter

211 2977 346 3003 vocant.

258 3016 354 3050 Plura
364 3013 416 3048 hic
431 3028 499 3050 non
520 3016 678 3051 addimus.
705 3016 811 3056 Quod
827 3015 865 3050 ad
878 3027 966 3062 quae-

213 3063 352 3099 stionem
366 3063 572 3110 posteriorem
593 3067 632 3100 de
653 3068 848 3113 pauciorum
866 3078 966 3100 voca-

213 3115 296 3149 lium
307 3111 390 3160 apud
399 3113 555 3148 Hebraeos
567 3125 656 3148 aetate
669 3139 679 3155 ,
699 3129 770 3150 earn
788 3113 964 3162 impraescn-

216 3165 333 3201 riarum
353 3159 420 3198 lassi
447 3174 517 3197 non
536 3164 678 3200 valemus
700 3164 853 3202 discutere
868 3191 877 3206 ,
907 3176 965 3200 nec

1008 2621 1182 2655 undecimo
1194 2617 1333 2653 Danielis
1352 2616 1572 2664 (caeteroquin
1582 2615 1764 2651 obscurissi-

1008 2671 1094 2712 mis)
1121 2667 1170 2702 sed
1186 2672 1218 2702 &
1229 2668 1298 2701 aliis
1310 2668 1479 2714 Scripturae
1491 2678 1557 2700 tam
1568 2664 1761 2701 authenticae

1008 2718 1105 2767 quarn
1132 2716 1337 2765 Apocryphae
1363 2718 1473 2750 multis
1501 2717 1592 2750 locis.
1629 2714 1762 2750 Istarum

1010 2768 1212 2803 historiarum
1240 2766 1350 2801 fontes
1375 2765 1591 2800 habemus.in
1612 2763 1761 2799 Plutarchi

1008 2813 1327 2856 EumenefI‘hocione,
1339 2820 1371 2850 ἃ
1386 2819 1551 2855 Demctmo,
1564 2813 1661 2854 Lassini
1670 2827 1763 2849 com-

1009 2865 1130 2913 pendio
1142 2866 1234 2916 Tr⁰g¹
1246 2866 1376 2913 Pompeji
1387 2890 1395 2904 ,
1419 2862 1531 2913 lofipho
1543 2875 1680 2910 utroque
1693 2876 1761 2899 tam

1010 2915 1113 2950 Flavio
1134 2913 1232 2961 quam
1251 2915 1440 2965 Bengoriomb
1460 2919 1468 2954 ζ
1494 2914 1545 2948 sed
1557 2923 1632 2947 ante
1647 2925 1764 2948 omnes

1010 2964 1185 3014 plenislime
1206 2969 1238 3000 ὃ(
1256 2963 1421 3000 clarissime
1443 2966 1476 2998 in
1494 2962 1625 2998 Diodoro
1644 2962 1760 3004 Siculo,

1010 3016 1124 3049 Curtius
1145 3017 1175 3048 ὃ(
1189 3015 1338 3049 Arrianus
1355 3013 1502 3048 desinunt
1515 3014 1547 3046 in
1560 3012 1764 3048 eAletcandro.

1011 3067 1098 3112 Qiae
1109 3075 1218 3098 aurem
1232 3064 1316 3111 apud
1327 3063 1473 3111 Capellam
1483 3089 1492 3102 ,
1513 3058 1672 3109 Ufhm'um
1683 3087 1691 3101 ‚
1703 3066 1765 3096 Pe-

1003 3115 1107 3163 ftlmm
1119 3137 1128 3150 ‚
1152 3109 1314 3164 Rhalegum
1328 3138 1336 3149 ‚
1354 3117 1384 3148 δι
1405 3115 1439 3146 in
1449 3116 1517 3157 ejus
1531 3111 1763 3159 supplemento

1007 3178 1062 3213 per
1079 3162 1225 3200 nostrum
1242 3163 1348 3211 Rofizm
1359 3187 1369 3201 ‚
1395 3161 1559 3204 salianum,
1577 3163 1676 3197 etiam
1691 3164 1764 3195 Tor-

1340 3213 1371 3249 C
1382 3224 1400 3246 c
1424 3224 1445 3247 2
1635 3210 1762 3251 mellum2
