2048 3343
26 309 142 346 stalt'gm'

28 349 165 386 ὡκνῗοφα-

28 403 72 419 ¹10⁸.

36 1001 180 1031 araldonati

36 1052 113 1071 ‘tlalll
121 1052 151 1068 ⁷²37
155 1059 163 1062 -

32 1093 108 1120 gulne
112 1090 156 1108 Ura

37 1123 190 1160 refutantur.

115 1172 135 1190 1.

437 127 515 154 ET
574 111 952 152 Cnnouor,

190 191 252 229 dit,
268 187 321 223 etfi
329 185 431 236 'Judaei
445 186 475 220 in
489 185 572 219 diem
585 181 657 231 post
670 184 734 228 ejus
748 179 914 229 passionem
927 177 952 210 i-

190 237 314 287 psorum
329 236 439 272 Pascha
452 233 634 270 distulerint.

241 293 330 344 Qid
342 294 397 328 sibi
411 293 484 327 velit
497 286 750 338 praestantiffimus
764 284 810 319 vir
822 281 952 329 Iofiphus

192 347 320 393 Scaliger
333 345 371 378 de
384 341 600 377 emendatione
612 345 792 381 temporum
804 342 873 378 pag.
887 341 951 375 530.

193 399 224 429 &
239 406 292 441 531·
320 395 337 423 ἐ
352 391 482 429 affinium
504 387 549 421 ibi
563 387 645 420 enim
660 392 747 430 urget
760 393 796 415 ex
815 380 952 414 H1lar1'o-

193 456 228 477 ne
244 468 253 483 ‚
276 446 308 477 &
321 439 405 474 τεξὶὲ
419 451 428 478 3
459 435 619 470 Christum
633 431 746 481 passum
760 428 836 465 feria
849 426 929 462 sexta
942 451 952 466 ,

193 490 289 528 Nisan
307 486 543 534 decimoquinto
558 499 567 526 3
593 483 741 529 suumque
761 478 872 515 Pascha
889 488 953 511 ma-

195 538 286 576 &asse
306 537 379 573 feria
397 539 502 584 quinta
520 536 570 569 die
590 533 828 578 decimoquarto
848 526 954 562 secun-

195 591 270 625 dum
285 590 396 637 legem,
409 599 474 620 non
487 596 519 618 ut
527 584 637 633 Judaei,
651 583 701 616 die
714 578 850 627 sequenti
865 591 874 618 3
894 576 954 609 ibi-

195 641 267 674 dem
286 650 389 673 tamen
413 637 525 670 iterum
547 646 638 681 atque
660 633 773 666 iterum
793 625 954 663 Christum

197 689 260 724 vult
267 688 380 733 passum
393 686 442 719 die
450 684 700 730 decimoquarto,
713 683 744 714 δι
752 676 861 713 Pascha
871 674 956 709 suum

197 736 361 772 celebrasse
376 736 425 769 die
438 732 658 768 decimotertio
672 754 682 769 ,
707 726 873 776 quomodo
891 724 956 757 haec

198 786 363 822 consistant
385 797 447 832 ego
467 782 593 830 quidem
606 792 674 814 non
691 778 780 825 capio
795 790 804 817 ;
824 774 873 809 sed
886 774 957 821 quia

199 835 434 883 repugnantiam
448 832 527 866 hanc
542 831 580 864 ab
593 830 657 864 aliis
669 841 733 862 non
747 824 957 860 animadverto

200 896 338 920 notatam
351 909 361 924 ‚
379 883 462 917 malo
475 894 541 915 eam
554 881 703 926 imputare
718 874 859 910 obesitati
871 884 958 910 meae,

201 935 296 983 quam
309 936 453 981 cuiquam
466 932 498 964 in
509 931 576 964 viro
590 928 725 962 maximo
738 924 848 960 errori.

252 985 349 1018 Addit
362 984 488 1015 Baromo
496 978 726 1017 staldonatm
737 974 772 1008 ad
784 974 924 1008 Matt.z6.
934 981 960 1002 2.

205 1035 336 1068 multum
350 1030 436 1078 super
448 1038 645 1078 argumenta,
671 1036 807 1072 quorum
821 1019 962 1069 primaria

206 1085 347 1118 videntur
359 1081 424 1115 hacc
437 1080 518 1120 duo;
542 1079 624 1126 prius
637 1088 672 1110 ex
681 1074 879 1121 Joan.18.39.
898 1068 963 1102 Die

205 1132 354 1168 Paschatis
376 1142 441 1178 quo
458 1130 591 1177 populus
608 1124 770 1160 celebravit
787 1119 895 1156 Pascha
915 1117 962 1150 di-

203 1182 308 1218 missus
327 1180 371 1215 est
390 1179 566 1212 Barrabas:
590 1174 684 1221 ¹*tqui
703 1185 744 1206 eo
758 1171 806 1204 die
819 1166 962 1203 Christus

203 1232 248 1267 cst
260 1230 434 1268 crucifixus,
444 1229 529 1275 Ergo
543 1237 608 1274 quo
621 1225 670 1257 die
684 1219 825 1256 Christus
839 1216 883 1250 est
895 1228 961 1249 cru-

202 1280 310 1316 cifixus
318 1278 417 1327 Judaei
431 1278 624 1311 celebrarunt
640 1271 723 1305 suum
737 1267 856 1303 Pascha.
872 1265 962 1312 Kesp.
979 1278 980 1281 ¹

200 1331 275 1365 dato
294 1330 408 1364 eodem
424 1327 477 1360 illo
498 1326 547 1360 die
566 1320 718 1358 dimissum
738 1316 914 1351 ‘Bas-rabum
932 1319 963 1350 &

201 1392 269 1415 non
281 1379 330 1413 die
345 1376 492 1423 sequenti,
503 1374 587 1421 quod
595 1382 697 1406 tamen
711 1368 802 1402 verba
816 1378 881 1400 non
890 1377 960 1411 pro-

202 1430 296 1468 bant,
317 1438 349 1461 ut
361 1425 447 1460 reete
461 1422 629 1458 observavit
643 1418 882 1456 »umaldonaum
892 1415 963 1448 licet

203 1480 288 1514 enim
302 1490 341 1510 eo
355 1477 404 1510 dic
418 1472 603 1521 potestatem
616 1471 631 1504 a
643 1471 748 1502 “Pilato
764 1466 858 1513 Judaei
875 1476 960 1498 acce-

201 1529 305 1576 perint
318 1525 453 1559 solvendi
468 1520 644 1555 ‘Barrabam
653 1543 661 1558 ,
688 1516 772 1552 recte
784 1527 886 1549 tamen
899 1515 964 1558 ejus

203 1575 366 1626 potcstatis
380 1572 523 1607 executio
537 1569 650 1604 differri
665 1568 766 1614 potuit
780 1567 810 1598 in
824 1565 906 1598 diem
920 1561 962 1596 se-

203 1637 371 1676 quentem,
393 1621 517 1670 quando
531 1619 584 1667 ipfi
605 1617 717 1653 festum
730 1615 885 1650 celebrare
897 1626 963 1647 coe-

203 1686 315 1724 perunt
330 1688 339 1714 ;
364 1672 422 1707 Sed
436 1671 497 1704 hoc
512 1667 624 1704 omisso
643 1667 772 1701 dicimus
785 1663 861 1698 nihil
875 1676 963 1711 argu-

204 1737 347 1761 mentum
361 1721 545 1757 concludere
562 1731 618 1765 pro
632 1715 718 1755 thesi,
736 1727 805 1749 nam
819 1713 959 1748 concedi-

204 1788 274 1809 mus
293 1773 444 1820 pnpulum
464 1768 630 1804 comedisse
651 1764 759 1800 Pascha
781 1777 821 1798 eo
837 1764 885 1797 die
900 1775 964 1810 quo

205 1823 350 1859 Christus
371 1820 414 1855 est
433 1818 619 1859 crucifixust,
646 1815 695 1850 sed
715 1816 759 1849 ob
777 1814 855 1848 lunc
870 1814 963 1846 ratio-

204 1885 278 1908 nem
298 1871 515 1907 contendimus
536 1880 601 1901 non
627 1865 792 1901 comedisse
816 1863 966 1911 populum
1001 1869 1022 1902 q

205 1923 319 1957 eodem
333 1922 381 1956 die
393 1933 464 1955 cum
471 1917 601 1953 Christo
614 1918 667 1965 qui
676 1915 771 1950 noete
784 1912 967 1948 anteceden-

207 1982 238 2007 te
253 1972 440 2006 comederat.

257 2030 399 2063 Alterum
413 2025 466 2060 est.
493 2025 524 2059 Si
534 2022 675 2058 Christus
688 2018 873 2067 anticipasset
887 2019 969 2053 diem

212 2089 414 2112 communem
428 2073 575 2109 paschatis
587 2097 597 2112 ,
623 2070 795 2106 offendisset
809 2068 970 2115 discipulos

214 2127 295 2167 suOS,
310 2131 338 2162 δι
351 2126 465 2173 Judfeis
479 2121 574 2170 ipsum
590 2132 622 2155 ut
633 2122 707 2169 legis
721 2117 908 2154 desertorem
922 2130 969 2151 ac-

215 2173 512 2222 cusandipraebuiffit
525 2171 633 2217 justam
641 2169 766 2204 causam.
781 2167 873 2215 Resp.
883 2170 972 2215 Apo-

214 2226 314 2260 stolos
333 2230 363 2260 δι
383 2224 468 2258 illum
480 2223 659 2268 discipulum
672 2218 829 2266 hospitem
844 2220 875 2251 in
887 2219 974 2261 cujus

215 2275 314 2309 domo
334 2273 496 2308 celebravit
515 2269 623 2305 Pascha
637 2293 646 2308 ‚
675 2268 741 2302 satis
754 2277 918 2300 armaverat
935 2277 973 2297 ne

216 2322 385 2357 scandalum
404 2323 575 2365 acciperent
591 2342 601 2356 ‚
626 2317 698 2350 cum
711 2327 779 2350 ante
799 2315 927 2349 biduum
942 2317 973 2347 δέ

218 2373 287 2406 alias
304 2372 340 2405 de
354 2371 465 2404 ultimo
477 2368 539 2401 hoc
553 2365 607 2399 suo
621 2365 778 2403 Paschae,
799 2361 974 2396 sermonem

219 2422 351 2455 multum
364 2419 442 2466 apud
456 2416 535 2464 ipsos
549 2415 569 2449 h
579 2413 712 2448 ibuiffct:
726 2418 756 2448 &
770 2411 857 2458 quod
868 2412 904 2444 ad
918 2410 972 2443 ho-

219 2470 278 2505 stes
290 2495 298 2510 ,
323 2470 439 2503 nullam
458 2468 499 2501 illi
519 2464 626 2512 justam
647 2464 718 2498 hinc
735 2462 890 2496 habebant
903 2472 974 2494 cau-

219 2519 280 2554 sam
295 2518 454 2553 Christum
473 2514 651 2553 accusandi,
677 2512 749 2547 ciim
769 2512 885 2545 literam
899 2510 974 2557 legis

219 2581 326 2604 contra
339 2580 448 2603 eorum
456 2565 634 2601 traditiones
646 2563 752 2598 εχαᾶὲ
764 2559 909 2599 servasset,
918 2571 975 2593 nec

218 2620 277 2653 illis
292 2620 365 2653 dum
384 2617 512 2651 crimina
531 2614 587 2648 alia
606 2614 742 2660 capitalia
758 2621 866 2645 contra
879 2609 972 2644 Chri-

217 2669 297 2703 stum
311 2677 499 2714 premerent,
523 2665 659 2698 minutiis
673 2663 735 2697 istis
752 2659 911 2695 ritualibus
925 2657 972 2692 iis-

218 2732 278 2767 que
292 2715 494 2752 controversis
507 2714 666 2748 immorari
685 2711 892 2747 commodum
904 2707 973 2743 fuit.

982 116 1213 145 oo1cr
1270 103 1408 141 L113.
1465 99 1522 138 11.

985 174 1112 224 septim&
1124 199 1134 215 ‚
1159 187 1226 222 quae
1240 171 1297 208 fuit
1310 172 1467 207 sabbatum
1480 196 1490 211 ‚
1514 170 1687 217 incipiente.

1033 227 1124 260 Hanc
1138 223 1305 272 probamus
1319 222 1422 269 primo
1435 235 1471 255 ex
1481 222 1549 268 Joa.
1568 223 1612 254 18.
1626 218 1741 265 28.Ju-

985 273 1041 307 ‹laei
1054 273 1103 308 die
1117 273 1257 321 passionis
1269 272 1449 306 Dominicae
1461 271 1627 304 noluerunt
1638 269 1742 314 ingrc-

986 323 1017 355 di
1029 320 1135 356 forum
1147 325 1256 360 Pilati,
1270 333 1309 354 ne
1323 321 1524 354 contaminati
1537 328 1711 353 arcerentur
1726 316 1742 351 εἴ

986 370 1179 405 comestione
1201 368 1348 405 Paschatis
1362 383 1370 403 :
1397 369 1484 415 Ergo
1504 381 1544 401 eo
1567 369 1615 402 die
1635 364 1744 401 Pascha

986 421 1128 453 nondum
1136 420 1351 458 comederant,
1364 419 1450 465 quod
1459 428 1561 450 tamen
1568 417 1663 450 ηοέὶο
1671 428 1745 462 prae-

987 469 1115 503 cedente
1140 467 1284 503 Christus
1309 468 1522 502 celebraverat.
1561 465 1745 512 Argumenti

988 519 1077 563 hujus
1090 515 1289 552 insolubilitas
1297 526 1378 563 patet
1386 529 1421 549 ex
1430 513 1609 549 absurditate
1622 514 1746 559 respon-

990 568 1110 602 sionum
1129 580 1197 615 quae
1221 565 1371 600 haetenus
1396 564 1462 598 sunt
1485 565 1588 598 allatae.
1625 564 1747 597 Solutio

990 619 1183 656 communis,
1198 617 1247 650 cui
1259 617 1456 648 Bellarminus
1469 617 1500 648 &
1514 616 1666 645 ‘Baromus
1679 610 1748 657 post

993 669 1125 700 Toletum
1138 664 1370 705 adhaerent,est;
1384 662 1611 698 comestionem
1620 659 1748 696 Pascha-

991 717 1028 751 tis
1044 715 1131 750 fuisse
1146 716 1297 762 duplicem
1312 728 1322 755 ;
1347 726 1438 747 unam
1451 712 1521 760 agni
1537 709 1697 748 paschalis,
1717 723 1750 742 a-

993 767 1063 800 liam
1077 764 1293 800 sacrificiorum
1302 764 1431 797 aliorum
1440 774 1506 810 quae
1515 760 1627 808 septem
1641 759 1748 793 diebus

994 819 1186 862 Azymorum
1200 813 1427 851 offerebantur,
1453 812 1590 857 priorem
1602 807 1748 856 peregisse

1705 98 1744 147 83

990 866 1115 912 Judaeos
1127 865 1223 898 noete
1235 863 1340 910 priore
1353 873 1424 896 cum
1432 859 1578 895 Christo,
1593 858 1745 906 posterio-
1761 871 1841 894 Nova
1849 870 1912 893 Car.

994 927 1060 948 rem
1075 914 1171 947 nocte
1189 911 1333 959 sequente
1346 909 1418 958 post
1435 908 1595 946 Christum
1608 907 1721 955 passum
1735 931 1745 946 ‚
1760 907 1884 974 5²⁷11l¹17t⁷⁷²

1777 958 1784 972 l
1808 956 1844 972 171¹(
1858 956 1879 972 10

1761 947 1893 1022 ῑιξθῌψῐ-

1763 1029 1886 1056 damen-to.

992 963 1028 997 de
1036 962 1093 997 hac
1099 961 1162 997 sola
1169 962 1256 1008 loqui
1263 958 1611 1009 Joannem.DistinCtion
1617 971 1664 991 cm
1671 957 1747 990 hanc

994 1010 1121 1046 fundant
1129 1012 1159 1045 in
1168 1012 1317 1046 Deut.16.
1327 1022 1354 1044 2.
1373 1008 1562 1043 Sacrificabis
1573 1007 1680 1041 Pascha
1693 1007 1746 1040 do-

995 1063 1083 1095 mino
1095 1062 1173 1096 Deo
1186 1071 1242 1094 tuo
1260 1061 1299 1093 de
1312 1058 1480 1106 pecudibus
1499 1061 1529 1091 &
1548 1056 1673 1090 bobus:
1698 1055 1750 1089 hic

996 1111 1115 1144 oblatio
1132 1122 1198 1144 non
1211 1108 1328 1144 tantum
1347 1108 1417 1156 agui
1432 1105 1479 1141 sed
1492 1107 1583 1139 etiam
1597 1107 1703 1139 ovium
1717 1109 1750 1139 &

997 1161 1096 1193 bourn
1109 1160 1220 1193 dicitur
1234 1157 1411 1192 sacrificium
1419 1154 1585 1190 Paschatis.
1612 1154 1750 1199 Replica,

997 1209 1083 1256 quod
1099 1208 1264 1242 mundities
1277 1207 1294 1240 a
1307 1205 1417 1254 Joanne
1431 1215 1601 1239 memorata
1618 1202 1754 1237 referen—

997 1259 1034 1292 da
1047 1258 1081 1292 sit
1093 1270 1160 1292 non
1173 1256 1210 1290 ad
1228 1269 1341 1304 agnum
1362 1253 1530 1289 Paschalem
1543 1279 1552 1293 ,
1577 1257 1606 1288 &
1622 1254 1756 1301 primum

997 1308 1080 1341 diem
1095 1310 1309 1355 Azymorum,
1322 1303 1370 1338 sed
1383 1305 1418 1338 ad
1436 1303 1574 1337 sacrificia
1589 1316 1655 1350 quae
1668 1313 1757 1336 caetc-

998 1358 1038 1390 ris
1057 1360 1251 1403 Azymorum
1273 1354 1381 1388 diebus
1400 1352 1515 1387 fiebant
1536 1352 1579 1386 est
1592 1364 1699 1386 contra
1714 1352 1758 1385 le-

998 1420 1069 1454 gem
1081 1430 1089 1445 ,
1114 1418 1182 1454 quae
1194 1403 1408 1438 solennitatem
1428 1402 1497 1436 festi
1509 1402 1647 1448 ponebat
1663 1402 1759 1447 inpri—

1000 1458 1056 1490 mis
1076 1457 1106 1489 in
1127 1453 1324 1489 comestione
1343 1453 1411 1500 agni
1430 1452 1638 1491 immaculati,
1664 1455 1695 1485 δέ
1709 1450 1758 1484 die

998 1507 1100 1553 primo
1111 1508 1304 1552 A‘zymorum
1312 1527 1322 1541 ,
1336 1502 1462 1549 quando
1469 1500 1567 1535 saneta
1576 1498 1693 1547 semper
1701 1499 1758 1533 fuit

1000 1556 1105 1603 populi
1119 1553 1322 1602 congregatio
1331 1576 1340 1591 ‚
1354 1553 1386 1584 in
1400 1551 1506 1586 diebus
1518 1561 1619 1584 autern
1632 1549 1758 1594 reliquis

999 1608 1191 1652 Azymorum
1204 1613 1285 1637 tanta
1297 1602 1328 1634 in
1341 1601 1461 1647 populo
1475 1600 1639 1634 mundities
1649 1603 1679 1633 &
1694 1597 1759 1631 san-

1000 1656 1088 1689 &itas
1108 1666 1172 1688 non
1191 1650 1403 1700 requirebatur
1416 1674 1425 1688 ,
1451 1660 1484 1684 ut
1504 1648 1546 1683 est
1563 1650 1595 1682 in
1607 1645 1758 1682 confesso.

1000 1703 1155 1739 Secundo.
1187 1703 1275 1737 Licet
1290 1701 1338 1734 die
1355 1698 1502 1734 l'aschatis
1516 1703 1544 1734 δε
1559 1699 1662 1745 primo
1677 1699 1760 1743 Azy-

1000 1767 1124 1788 morum
1143 1749 1322 1787 holocausta
1341 1754 1371 1785 &
1390 1749 1515 1796 pacifica
1529 1749 1630 1782 oblata
1646 1747 1759 1781 fuerint

1000 1806 1036 1839 de
1046 1804 1149 1838 bobus
1157 1807 1187 1837 &
1197 1803 1260 1837 aliis
1271 1799 1439 1848 pecudibus
1448 1811 1556 1846 praeter
1567 1810 1675 1846 agnos,
1684 1808 1761 1830 nun-

1025 1867 1093 1888 uam
1111 1864 1215 1888 tamen
1235 1852 1388 1898 Scriptura
1407 1847 1460 1882 ista
1478 1846 1620 1882 sacrificia
1634 1857 1722 1882 vocat
1734 1846 1762 1879 i-

1003 1903 1086 1951 psum
1101 1900 1222 1940 Pascha,
1235 1913 1292 1934 nec
1306 1912 1341 1934 ea
1352 1898 1553 1934 comedentes
1567 1910 1702 1944 unquam
1715 1895 1764 1930 di-

1003 1955 1046 1989 eti
1061 1952 1126 1987 sunt
1139 1951 1321 1989 comedere,
1334 1960 1367 1984 ut
1381 1957 1470 1982 notat
1484 1946 1670 1991 Caufizbonus
1683 1946 1762 1980 Em-

1005 2003 1126 2052 phatice
1134 2026 1144 2042 ,
1170 2001 1196 2031 π’
1214 1999 1304 2038 mlxx·

1061 2052 1161 2102 Qod
1174 2049 1211 2085 ad
1224 2049 1327 2082 locum
1336 2044 1763 2089 Deuteronomii‚c0rruptus

1007 2103 1031 2137 is
1045 2101 1089 2137 est
1102 2103 1140 2136 ab
1148 2105 1314 2145 Interprcte
1328 2095 1453 2133 Latino,
1467 2105 1536 2127 nam
1549 2093 1636 2141 quod
1649 2091 1765 2125 hahent.

1010 2159 1163 2194 Hebraea:
1189 2164 1289 2212 ³:23³]
1323 2157 1375 2204 W<
1407 2161 1489 2201 naa
1520 2157 1695 2203 nna-:2
1720 2145 1765 2182 se-

1008 2220 1141 2254 cundum
1160 2219 1262 2250 Anam
1275 2238 1284 2251 ,
1307 2210 1487 2246 sacrificabis
1502 2208 1608 2244 Pascha
1627 2221 1720 2242 ovem
1733 2211 1765 2242 &

1008 2271 1122 2302 bovem
1133 2291 1142 2306 ‚
1168 2264 1246 2299 male
1259 2260 1409 2296 transtulit
1423 2260 1564 2298 Latinus,
1583 2257 1764 2291 sacrificabis

1011 2315 1118 2350 l’ascha
1130 2315 1168 2350 de
1180 2312 1293 2348 ovibus
1306 2314 1337 2345 &
1350 2309 1466 2348 bobus,
1481 2321 1545 2341 non
1559 2308 1641 2342 enim
1657 2306 1765 2341 Pascha

1009 2366 1150 2398 oblatum
1163 2374 1225 2396 erat
1238 2362 1275 2395 de
1289 2359 1398 2393 ovibus
1411 2362 1443 2391 &
1456 2357 1571 2394 bobus,
1586 2356 1633 2388 sed
1646 2355 1765 2388 tantum

1010 2414 1048 2447 de
1060 2413 1145 2461 agnis
1157 2435 1167 2450 ,
1194 2409 1247 2444 etfi
1265 2409 1358 2442 ovina
1371 2411 1400 2440 δι
1415 2406 1528 2438 bovina
1542 2403 1681 2437 sacrificia
1694 2417 1765 2438 cum

1010 2475 1091 2511 agno
1102 2460 1232 2496 Paschali
1245 2457 1310 2492 sunt
1322 2455 1500 2499 conjunffl.
1524 2454 1656 2487 Graecus
1669 2457 1767 2487 Inter-

1009 2524 1077 2560 pres
1091 2512 1248 2546 veritatem
1263 2507 1427 2541 Hebraeam
1440 2504 1490 2537 hic
1503 2501 1646 2550 sequitur,
1662 2502 1727 2537 θὸσές
1742 2500 1767 2530 τὲ

1010 2561 1091 2600 πάχει
1108 2559 1218 2593 maffia&
1234 2561 1256 2596 ’ἐ
1272 2558 1344 2590 βάσις.
1373 2559 1403 2588 ὃ(
1424 2552 1584 2587 Chaldaeus
1605 2550 1768 2597 Paraphra-

1009 2610 1067 2644 stes
1076 2633 1085 2648 ,
1106 2618 1138 2642 ut
1151 2608 1205 2641 alia
1218 2603 1359 2639 sacrificia
1371 2603 1387 2637 a
1399 2600 1537 2637 Paschate
1550 2600 1766 2648 distingueret,

1010 2660 1048 2694 sic
1061 2655 1282 2706 paraphrastice
1293 2651 1451 2692 transfert,
1468 2651 1646 2686 Mac'kabitis
1659 2648 1768 2684 Pascha

1011 2711 1089 2743 inter
1099 2705 1245 2754 vesperas,
1254 2708 1283 2738 &
1298 2704 1395 2737 boves
1408 2715 1441 2736 ac
1454 2715 1526 2735 oves
1540 2699 1671 2735 crastino
1685 2699 1744 2733 die.

0 2874 1 2878 ¹
53 2865 177 2889 communi

1056 2757 1225 2807 Spalatenfis
1238 2753 1292 2788 lib.
1308 2766 1333 2799 5.
1350 2753 1388 2787 de
1407 2751 1532 2798 Repub.
1545 2763 1606 2797 cap.
1622 2755 1652 2784 6.
1665 2760 1762 2796 parag.
1779 2753 1922 2792 Spalatenfis

1013 2821 1081 2854 272.
1099 2807 1246 2840 omnibus
1259 2804 1390 2837 aliorum
1405 2800 1558 2835 sententiis
1571 2800 1692 2844 rejeftis
1706 2811 1764 2831 no—
1777 2804 1898 2821 commen-

1013 2870 1080 2892 varn
1093 2857 1208 2891 horum
1221 2853 1388 2888 dubiorum
1402 2850 1600 2889 solutionem,
1619 2848 1701 2896 quasi
1713 2848 1729 2881 a
1738 2846 1765 2882 se
1779 2835 1920 2903 {Z‘Zlfsfh‘

265 2768 418 2803 Sententia
432 2766 519 2800 tertia
537 2776 628 2811 quam
642 2761 796 2810 sequimur
807 2760 852 2794 est
868 2763 974 2794 Prote-

219 2816 361 2852 stantium
375 2816 594 2862 plerorumque
606 2837 615 2852 ,
642 2813 764 2844 Calvzm'
777 2835 786 2849 ‚
811 2811 952 2857 Scaligeri
966 2831 975 2846 ,

221 2868 351 2912 Calvtfiz,
373 2864 551 2908 Canfizbom,
566 2861 713 2900 Dendati,
727 2861 895 2904 Piscatoris,
913 2861 977 2892 An—

52 2783 101 2808 Pro
109 2781 185 2809 tertia'

47 2821 141 2857 sentent
147 2822 171 2849 a*

54 2911 183 2937 argumen-

55 2949 86 2969 ΐο-

220 2927 396 2950 notatorum
406 2916 566 2962 Belgarum
576 2937 585 2952 ‚
600 2912 778 2948 &aliorum
793 2909 977 2942 multorum-

220 2979 281 3011 que
295 2966 385 2999 etiam
399 2963 644 2998 doctissimorum
658 2974 693 2994 ex
706 2957 874 2994 Pontificiis
888 2958 977 3005 acJe-

222 3014 303 3049 suitis
313 3039 321 3052 ,
341 3013 482 3061 Janfim'i,
503 3014 679 3046 Maldonatt'
687 3035 697 3050 ‚
711 3010 907 3047 Salmeronis,
921 3010 974 3040 Pe-

223 3069 305 3097 tavn'
319 3087 326 3099 ‚
353 3067 383 3097 ὅ(
402 3063 530 3095 aliorum
546 3062 616 3108 post
628 3063 768 3094 ‘Paulum
781 3057 956 3106 Burgenftm
968 3080 978 3095 ,

219 3114 345 3162 Judaeos
364 3124 428 3145 non
452 3110 505 3144 nisi
518 3111 589 3157 post
611 3110 727 3145 Christi
742 3109 908 3156 passionem
922 3109 979 3141 Pa-

223 3162 291 3197 scha
311 3160 473 3196 celebrasse
493 3162 523 3194 in
544 3159 605 3194 fine
627 3160 686 3194 (liei
708 3156 923 3204 decimiquinti
947 3168 980 3189 ac

224 3213 378 3260 principio
391 3211 502 3245 decimi
514 3209 602 3250 sexti,
619 3206 780 3243 feriasexta
791 3207 934 3247 finiente,
949 3209 979 3240 &

1012 2908 1166 2941 inventam
1180 2903 1339 2952 proponit.
1365 2904 1409 2935 Ea
1422 2901 1546 2949 quidem
1555 2912 1632 2933 nova
1639 2911 1704 2932 non
1713 2896 1767 2937 est,

1013 2970 1082 2990 nam
1097 2954 1197 3004 legisse
1210 2967 1277 2989 eam
1291 2953 1392 2999 potuit
1405 2952 1435 2984 in
1451 2948 1633 2994 [knfizbonffi
1657 2953 1687 2983 &
1702 2945 1769 2980 for-

1012 3006 1082 3041 tasse
1096 3006 1185 3053 legit,
1207 3003 1256 3038 sed
1271 3013 1303 3037 ut
1315 3002 1430 3035 inventi
1442 3001 1540 3048 gloria
1550 2998 1605 3033 sibi
1614 2999 1666 3032 uni
1674 2997 1769 3031 debe-

1014 3067 1114 3095 retur,
1145 3053 1304 3088 dissimulat
1328 3051 1416 3084 ullibi
1439 3047 1551 3097 legisse.
1584 3046 1769 3093 Caseſsrbomts

1014 3118 1112 3139 exerc.
1128 3110 1174 3138 16.
1187 3116 1290 3150 parag.
1301 3113 1341 3134 12.
1355 3097 1441 3132 affert
1456 3099 1635 3137 Cedronum,
1645 3100 1770 3130 Petrum

1015 3153 1280 3190 &alexandrinum
1292 3175 1302 3190 ‚
1328 3149 1572 3185 Metrodorum
1586 3173 1596 3187 ,
1632 3151 1664 3182 &
1678 3147 1769 3180 alium

1015 3208 1227 3251 &qnonymum
1239 3202 1292 3249 qui
1304 3211 1372 3234 ante
1385 3199 1579 3247 Spm'atensi’m
1592 3195 1700 3233 diserte
1711 3196 1770 3227 do-

1360 3252 1387 3284 L
1399 3250 1411 3281 l
1436 3261 1452 3281 2
1644 3252 1771 3278 cuerunt
