2048 3343
133 645 228 671 Demo-

126 683 270 720 sthenisoui·

134 726 245 760 vvpoiia.

126 1234 257 1269 „Aristote-

123 1277 152 1302 la
159 1277 264 1305 &Dio-

122 1318 188 1355 genis
195 1326 264 1344 mors.

287 122 365 158 206
630 111 939 151 OPERIS

287 201 440 238 magnam
464 197 591 236 partem
613 187 727 223 dilabi.
753 189 839 222 Mox
860 199 938 233 ergo
952 185 1039 218 Anti-

283 250 368 287 pater
390 244 423 274 δε
445 247 581 273 craterus
600 251 675 272 cum
696 238 914 286 quadraginta
941 235 1035 280 quin-

289 287 513 337 queniillibus
533 286 639 321 multo
651 289 821 334 pauciores
833 286 968 332 Antiphili
979 296 1034 316 co-

289 340 357 385 pias
374 337 559 372 invadentes
572 336 663 372 facile
677 335 843 370 debellant
854 361 863 375 ‚
891 338 925 368 &
939 345 1039 366 totam

290 387 452 422 Graeciam
463 388 495 420 in
508 387 653 434 priorem
666 385 850 420 servitutem
867 383 1040 431 redigunt:

288 438 441 472 meliores
458 447 570 471 tamen
593 437 809 471 conditiones
845 435 938 469 victis
965 433 1041 465 dixit

288 489 438 532 Antipater
448 485 545 531 quam
555 484 611 531 ipsi
624 484 800 533 sperabant
813 510 823 524 ,
839 495 914 517 nam
928 492 1041 515 contra

289 537 459 570 Perdiccam
470 535 594 570 bellum
609 536 746 568 moliens
760 559 769 575 ,
800 536 992 567 Graecorum
1006 540 1038 560 a.

292 586 453 618 mititiam
465 583 523 618 sibi
536 582 744 619 necessariam
757 581 952 629 praesciebat.

341 633 491 668 Tantum
504 636 538 668 in
560 635 774 677 Demosthenem
792 630 993 663 veteresiras
1004 639 1035 660 e-

291 684 431 723 vomuit.
457 686 546 718 Ante
568 682 722 718 Alexandri
740 688 884 712 mortem
899 678 1039 726 degebat

289 735 486 779 Demosthenes
495 733 527 766 in
538 731 638 765 insula
650 727 802 764 Calauria
811 729 843 762 in
854 729 971 761 exilio:
992 738 1038 760 ta-

287 795 364 818 men
377 783 454 817 belli
464 780 595 816 Lamiaci
605 790 722 824 magna
732 789 790 825 per
803 777 873 811 suas
884 775 1040 824 epistolas

286 831 337 865 fax
348 831 409 866 fuit
420 855 429 869 ‚
448 829 526 863 cum
544 829 708 873 eA‘Jsthines
723 829 823 860 etiam
834 837 912 860 tunc
923 824 1038 859 exulid

287 880 412 914 bellum
435 890 494 925 pro
513 877 638 912 viribus
656 874 857 912 dissuaderet.
885 877 1037 922 Antipater

285 929 357 975 post
370 927 549 962 'vidioriam
568 929 599 961 in
619 925 806 962 Calauriam
821 924 908 958 misit
927 926 984 971 qui
995 923 1037 958 ad

283 977 315 1011 st
344 978 558 1016 Demosthenem
577 976 808 1016 deducerent3
845 974 897 1009 hic
920 986 1038 1021 perpe-

283 1037 414 1061 tuarum
428 1026 556 1061 suarum
575 1027 608 1059 in
629 1025 830 1060 Macedonas
847 1025 1036 1058 inimicitia-

282 1089 355 1110 rum
369 1088 501 1111 memor
515 1100 523 1112 ,
534 1088 573 1110 ne
586 1077 617 1109 in
634 1073 785 1122 ipsorum
796 1086 914 1108 manus
926 1085 1037 1121 perve-

283 1128 369 1160 niret
381 1150 389 1166 ,
398 1125 565 1161 calamum
577 1125 682 1159 cicuta
694 1122 856 1159 inferitum
868 1125 952 1158 inter
963 1122 1039 1160 scri-

281 1173 433 1210 bendum
446 1177 602 1210 mordens
615 1175 780 1222 expiravit.

331 1225 489 1272 Aristoteles
507 1224 542 1259 eti
563 1224 753 1272 tempestate
774 1224 876 1258 etiam
895 1222 1037 1257 Athenis

283 1276 378 1315 exul,
402 1275 527 1322 degens
550 1273 709 1308 Chalcide
728 1273 816 1320 quasi
830 1276 863 1306 in
875 1274 965 1307 Deos
977 1273 1039 1305 im-

283 1325 357 1372 pius
378 1340 390 1368 3
407 1323 424 1358 a
444 1322 586 1372 publicis
603 1325 637 1356 in
650 1322 732 1357 orbe
745 1322 893 1356 motibus
905 1323 1040 1369 quiejus

284 1372 401 1409 diebus
423 1377 459 1408 δε
478 1372 519 1408 ab
530 1376 599 1419 ejus
612 1371 779 1420 discipulis
790 1370 921 1406 fuerant
934 1371 1037 1404 maxi-

282 1425 343 1464 mi,
355 1422 498 1457 omnino
511 1422 690 1456 absimerus
700 1434 709 1462 ς
719 1419 818 1469 paulo
829 1419 901 1470 post
912 1422 945 1453 in
958 1431 1039 1468 pace

283 1473 440 1520 expiravit
457 1486 465 1507 z
488 1472 794 1514 Quemadmodum
803 1474 940 1519 Diogenes
950 1472 1037 1515 Cyni-

281 1534 329 1556 cus
340 1521 500 1557 Corinthi
512 1521 637 1556 eodem
648 1520 702 1556 dic
715 1532 783 1567 quo
803 1521 964 1557 Alexander
973 1521 1037 1553 Ba-

282 1569 405 1616 bylone
417 1569 565 1607 decessit.
593 1570 655 1606 Sed
671 1572 889 1617 pergamusin
903 1569 1035 1604 historia

279 1619 471 1655 universali:

1000 109 1470 154 Hrsrochr

1085 185 1178 218 matis
1187 184 1276 218 intus
1287 187 1321 218 &
1334 195 1423 219 extra
1434 183 1608 230 conditu&
1627 187 1659 224 in
1671 202 1771 225 aureo
1780 189 1837 225 loss

1086 234 1162 267 culo
1185 232 1349 282 repositus
1370 236 1424 269 est.
1457 236 1634 284 Sepulturae
1650 252 1725 275 cura
1736 243 1837 276 Arideo

1087 295 1154 316 non
1169 286 1266 331 Regi,
1288 295 1322 318 ut
1344 297 1515 331 perperim·
1530 288 1687 329 Diodorus,
1706 291 1837 338 tustinus,

1087 336 1236 379 capellus.
1260 338 1293 368 &
1308 332 1380 370 alit,
1401 338 1449 369 led
1470 334 1680 383 Hellesponti
1699 341 1836 387 Satrapae

1087 380 1259 415 commissa
1280 383 1334 417 cst.
1373 385 1408 417 ln
1420 385 1630 432 apparatibus
1641 385 1733 432 supra
1745 387 1839 422 bien-

1090 432 1179 463 nium
1203 442 1228 463 1s
1254 432 1406 480 prodegit
1432 458 1444 475 ‚
1480 434 1588 469 donec
1625 438 1839 472 extimulatus

1090 482 1266 528 Olympiadis
1286 483 1385 516 literis
1405 482 1523 518 acerbe
1544 487 1711 530 querentis
1730 485 1840 533 sepul-

1087 538 1166 562 turae
1179 532 1342 563 honoiem
1353 530 1410 565 suo
1423 531 1492 566 filio
1504 535 1669 580 negari,&
1682 537 1840 581 Aristandri

1089 581 1168 612 vatis
1177 575 1262 612 falfis
1272 579 1543 627 praedictionibus
1562 581 1698 616 beatum
1716 585 1753 618 iri
1766 598 1841 632 per-

1087 628 1181 674 petuii
1201 635 1277 674 pate
1296 641 1369 663 eam
1379 641 1499 665 terram
1510 639 1580 678 quae
1594 634 1750 668 Alexandri
1760 636 1840 669 reli-

1086 679 1172 724 quiis
1189 676 1349 713 fineretur
1369 698 1379 720 ς
1406 681 1539 714 tandem
1560 679 1741 729 aliquando
1753 682 1841 718 surn-

1085 726 1282 773 ptuoiiffimfi
1293 728 1415 777 pompfi
1427 732 1459 764 in
1471 734 1556 765 viam
1569 729 1598 764 se
1609 732 1675 767 dar.
1711 733 1839 768 Currus

1086 779 1119 808 in
1139 790 1208 823 quo
1237 777 1254 812 a
1280 778 1377 812 mulis
1396 777 1487 824 supra
1499 780 1715 830 quadraginta
1726 783 1840 821 trahe„-

1086 823 1207 859 bantur
1232 829 1392 862 Alexandri
1416 834 1533 866 exuviae
1560 835 1595 866 ὃς
1611 844 1703 865 arma
1721 857 1732 873 ,
1758 845 1841 868 auro

1084 873 1289 923 gemmisque
1302 880 1334 910 ὃ(
1348 890 1375 908 ax
1385 888 1415 910 te
1426 880 1597 924 luperabat
1609 878 1723 923 fidem,
1733 881 1753 915 fi
1765 895 1840 929 quae

1085 925 1226 958 Diodorus
1243 949 1252 965 ‚
1279 929 1311 958 δε
1334 937 1370 959 ex
1388 938 1430 959 eo
1448 926 1501 959 alii
1514 928 1636 964 habent
1648 955 1659 970 ‚
1678 944 1753 966 vera
1764 932 1840 967 sint.

1088 972 1235 1009 Obviam
1255 975 1339 1008 venit
1358 975 1550 1024 extAEgypto
1562 980 1764 1014 Ptolemaeusin
1776 984 1839 1028 Sy-

1086 1025 1167 1057 riam
1177 1022 1376 1070 usque,cum
1388 1025 1647 1071 splendidiffimo
1657 1031 1837 1071 comitatu;

1085 1076 1119 1108 δέ
1139 1072 1371 1108 Alexandriam
1385 1073 1486 1118 usque
1507 1076 1699 1117 deducens,
1724 1078 1840 1125 ibique

1083 1122 1177 1170 super
1185 1123 1516 1169 habito(tempcstate
1528 1125 1623 1159 valde
1634 1118 1839 1171 turbulenti)

1085 1170 1313 1207 molestissimo
1323 1173 1365 1207 ad
1377 1180 1568 1209 Hammonem
1579 1176 1695 1211 itinere
1707 1202 1715 1218 ,
1732 1179 1841 1212 maxi-

1086 1223 1146 1256 mis
1156 1220 1339 1270 sumptibus
1353 1224 1385 1256 in
1397 1220 1478 1257 fano
1498 1224 1541 1257 ad
1562 1224 1742 1273 bocipsim
1753 1239 1838 1260 con-

1085 1272 1207 1305 strudm
1225 1282 1315 1308 terrae
1332 1272 1475 1307 loculum
1485 1277 1742 1310 commendavit.
1773 1277 1838 1309 His

1084 1322 1120 1354 in
1131 1323 1325 1357 Alexandrum
1336 1318 1455 1355 officiis
1467 1323 1690 1357 Macedonum
1704 1326 1839 1359 animos

1086 1373 1243 1406 Ptolemaeus
1254 1373 1393 1405 multum
1407 1369 1464 1403 fibi
1477 1373 1689 1411 conciliavit,
1704 1386 1839 1423 magna.-

1083 1432 1148 1468 que
1161 1419 1214 1455 sud
1225 1422 1256 1454 in
1269 1421 1444 1469 AEgyptios
1457 1420 1666 1464 ‘humanitate
1677 1435 1735 1457 eos
1747 1437 1838 1470 quo-

1083 1482 1148 1518 que
1166 1468 1226 1504 fibi
1251 1471 1346 1504 unice
1373 1468 1539 1503 devinxit.
1576 1473 1638 1506 Sed
1663 1471 1705 1506 eo
1731 1474 1838 1520 magis

1083 1519 1345 1556 Pertliccaeinvidia
1355 1529 1528 1551 commota
1538 1519 1582 1552 est
1602 1544 1611 1556 ,
1639 1524 1673 1554 &
1691 1521 1836 1555 adinum

1082 1568 1318 1605 maturandum
1351 1567 1486 1603 exitium
1517 1569 1552 1601 in
1585 1570 1762 1617 AEgyprum
1782 1568 1838 1606 ille

1082 1619 1285 1669 properavit.

1131 1667 1259 1704 Interea
1268 1669 1303 1702 in
1316 1666 1462 1704 Ptolemaei
1471 1680 1570 1715 opem
1582 1666 1735 1704 festinant
1751 1670 1836 1704 Anti·
1856 1675 1970 1704 Eumenes

1075 1726 1162 1766 pater
1178 1722 1214 1753 &
1226 1717 1363 1753 craterui
1373 1741 1383 1758 ,
1410 1717 1466 1753 sed
1478 1718 1599 1753 ntistos
1611 1730 1834 1754 remoraretur
1855 1718 1970 1755 Neopto-

1079 1769 1114 1801 in
1125 1770 1211 1803 viam
1224 1765 1255 1802 se
1266 1768 1322 1802 dat
1333 1775 1464 1803 Eumenes
1472 1780 1546 1802 cum
1557 1769 1653 1804 Alceta
1663 1773 1698 1805 δε
1710 1777 1833 1817 Νειψῑο·
1854 1758 1940 1786 temam
1950 1767 1986 1789 ω’

1080 1819 1147 1854 lemi
1159 1819 1264 1866 copiis
1283 1831 1292 1852 z
1319 1820 1520 1864 Neoptolemus
1539 1819 1661 1853 invidia
1677 1821 1710 1853 in
1730 1827 1837 1854 Eume-

327 1672 473 1706 Perdiccas
493 1680 530 1704 ut
552 1671 737 1717 Antipatrum
757 1668 903 1705 securum
921 1668 1034 1717 oppri-

277 1731 382 1754 meret
395 1745 405 1761 ,
422 1724 490 1765 ejus
502 1718 605 1754 filiam
617 1723 742 1756 Nicaam
754 1721 787 1754 in
798 1732 936 1755 uxorem
948 1719 1036 1754 sum·

279 1767 393 1816 pserat,
408 1774 440 1804 ὃ(
456 1778 547 1821 Cyna,
561 1770 715 1805 Alexandri
725 1767 913 1810 sororis,sed
925 1782 962 1804 ex
973 1767 1035 1803 alia

280 1829 384 1852 matre
407 1831 514 1854 natam
535 1821 688 1863 Eurydicen
701 1822 802 1854 Arideo
820 1818 905 1865 Regi
915 1819 947 1852 in
956 1830 1035 1853 uxo·
1856 1800 1980 1828 Craterum

1856 1838 1951 1869 occidit·

122 1967 247 1999 Perdat-as

121 2021 153 2037 nc<
162 2020 188 2037 at
201 2013 248 2048 Cy-

120 2061 185 2080 nam.

118 2413 238 2447 occupare

113 2459 188 2488 parat
197 2459 234 2486 ty-

117 2492 251 2519 farmuli-m.

117 2853 244 2881 „Alexan-

116 2892 155 2918 dri
158 2894 228 2930 sepul
229 2910 240 2915 -

115 2940 124 2960 t
130 2944 179 2962 ura.

279 1878 349 1901 rem
361 1868 549 1902 tradiderat.
578 1871 702 1903 Verum
713 1868 860 1912 suasjam
873 1868 955 1902 vires
966 1880 1035 1902 cre-

280 1914 355 1950 visst
366 1917 483 1951 videns
495 1942 504 1958 ,
524 1920 558 1951 δε
573 1920 719 1964 Antipatri
733 1918 912 1951 amicitiam
926 1916 1036 1953 minus

281 1964 341 1998 fibi
355 1965 577 2007 necessariam,
591 1972 721 2011 Cynam,
735 1968 879 2018 Eurydices
892 1978 1034 2001 matrem

280 2026 391 2054 necat,
405 2019 435 2049 ἃ
451 2015 492 2048 de
512 2011 609 2050 Nicaei
620 2015 819 2064 repudianda
828 2029 865 2050 ac
877 2011 1034 2064 Cleopatra

278 2061 436 2100 Alex'anclri
457 2063 570 2099 sorore
587 2065 744 2112 germani
761 2065 912 2101 ducenda
929 2064 1037 2101 confi-

279 2112 361 2147 lium
382 2115 482 2160 capit.
519 2116 673 2161 Antigonus
691 2115 748 2150 has
759 2118 893 2152 Perdicca
904 2115 1035 2150 fraudes

278 2165 432 2208 Antipatro
451 2164 537 2196 clam
555 2161 789 2210 significandas
814 2175 921 2200 curat.
962 2169 1034 2200 Per-

277 2212 368 2245 diccas
393 2213 526 2257 Antigoni
551 2212 778 2258 proditionem
803 2213 1034 2255 subolfaciens‚

277 2271 353 2293 eum
367 2270 456 2305 parat
468 2271 595 2296 necare:
610 2258 664 2294 sed
676 2262 703 2294 is
716 2273 791 2295 cum
804 2260 875 2294 filio
887 2264 1033 2295 Demetrio

278 2308 390 2343 evadit
409 2309 452 2343 ad
470 2310 653 2355 Antipatrum
679 2324 690 2343 .·
717 2309 775 2344 ubi
797 2322 873 2344 cum
901 2309 1033 2345 Perdicca

276 2369 399 2392 certam
425 2358 606 2405 tyrannidis
645 2359 849 2405 occupandae
883 2370 1031 2393 mentem

277 2410 426 2453 Antipatro
449 2418 561 2440 coram
576 2406 825 2442 demonstrfiffet
839 2434 850 2449 ,
876 2421 947 2442 non
964 2421 1032 2442 am-

277 2458 362 2503 plior
374 2469 482 2497 mora;
497 2458 812 2504 Antipater,Craterus‚
826 2461 988 2493 Ptolomeus
998 2462 1032 2493 δέ

280 2509 431 2553 Antigonus
450 2516 569 2540 contra
590 2509 753 2542 Perdiccam
769 2505 880 2541 foedus
907 2509 1033 2541 ineunt.

278 2558 424 2590 Perdiccas
444 2553 521 2588 vero
541 2557 774 2603 occupandum
799 2567 886 2590 ratus
906 2555 1033 2603 quanto

275 2617 375 2650 ocyus
387 2607 419 2638 in
436 2606 615 2653 AEgyptum
628 2604 810 2646 movet‚ad
827 2605 1031 2641 Ptolemautna

274 2653 366 2687 sociis
378 2653 559 2702 separatum
574 2654 908 2700 perdendum3primo
921 2667 1032 2689 tamen

273 2709 421 2738 Eumenem
435 2715 507 2737 cum
523 2706 743 2748 Neoptolemi&
754 2703 800 2738 sui
813 2701 922 2737 fratris
935 2706 1032 2738 Alcetae

275 2752 434 2786 militibus
453 2752 497 2786 ad
519 2749 777 2798 Hellespontum
796 2749 1029 2797 sedcrejubet‚

274 2803 511 2848 impediturum
523 2802 669 2849 Antipatri
679 2800 847 2835 transitum
860 2802 893 2836 in
905 2800 1029 2839 Asiam,

327 2853 387 2884 Vix
399 2856 476 2885 dum
487 2852 647 2886 Alexander
656 2852 829 2884 communi
839 2849 1027 2885 mortalium

276 2899 530 2934 miserrimorum
545 2899 708 2935 beneficio
721 2924 731 2941 ,
758 2899 868 2946 quiet&
887 2901 919 2933 in
940 2911 1027 2935 terrae

275 2950 399 2993 gremio
414 2948 572 2997 sepulturfi
583 2949 643 2983 frui
665 2949 797 2998 potuit:
820 2949 938 2983 diebus
949 2952 1027 2984 totis

274 2999 394 3042 teprem
419 3001 519 3041 jacuit
547 3001 706 3033 exanimis
729 2998 792 3032 line
811 3001 902 3032 omni
922 2999 1027 3043 cujul—

274 3056 373 3090 qua=n
398 3052 470 3080 cura*
493 3072 502 3086 ‚
531 3049 611 3082 dum
626 3047 834 3083 Macedones
847 3049 1027 3095 deimpetii

273 3093 553 3130 administratione
580 3100 814 3132 altercarentur
834 3122 842 3137 ‚
870 3109 941 3132 tum
969 3097 1025 3132 de-

274 3154 366 3175 mum
389 3141 405 3175 a
423 3142 586 3179 Chaldaeis
609 3152 641 3182 &
655 3149 815 3194 AEgyptiis
827 3147 1024 3195 pharmaco-

274 3194 351 3238 paeis
368 3202 583 3228 extenteratns
606 3223 615 3236 ‚
638 3200 673 3231 &
694 3196 841 3243 ipsorum
860 3208 928 3238 arte
947 3208 1025 3232 aro-

1081 1868 1311 1906 nemaestuans‚
1339 1869 1423 1900 clam
1447 1879 1522 1900 cum
1539 1871 1690 1914 Antipatro
1702 1867 1836 1914 conspi-

1080 1930 1138 1952 rat.
1168 1914 1395 1966 Sagaciffimus
1413 1924 1542 1951 Eumenes
1560 1917 1594 1951 id
1617 1915 1837 1953 subolfaciens

1080 1978 1193 2016 aperto
1217 1978 1321 2000 marte
1341 1968 1557 2014 Neoptolemum
1573 1967 1701 2000 invadit
1721 1970 1752 2000 ἃ
1775 1965 1839 2000 de-

1082 2016 1182 2052 bellat
1193 2042 1203 2058 ,
1213 2015 1346 2063 ejusque
1358 2017 1470 2064 copias
1480 2028 1555 2049 cum
1575 2016 1636 2050 suis
1647 2016 1833 2061 conjungit.

1082 2069 1282 2115 Neoptolemus
1299 2064 1342 2100 ad
1362 2068 1568 2114 Antipatrum,
1592 2072 1749 2100 Craterum
1766 2091 1775 2103 ,
1798 2068 1835 2098 δε

1083 2125 1256 2165 Antigonum
1283 2127 1359 2150 cum
1384 2116 1498 2162 paucis
1522 2114 1657 2148 evadit:
1686 2116 1834 2154 Antipater

1082 2168 1188 2214 pergit
1199 2167 1233 2199 in
1244 2165 1373 2204 itinere,
1383 2163 1554 2201 allaturus,
1576 2161 1597 2195 fi
1609 2160 1723 2208 posset,
1739 2164 1833 2196 Ptole-

1081 2228 1145 2250 maeo
1157 2238 1167 2254 ‚
1194 2223 1308 2246 contra
1325 2213 1487 2245 Perdiccam
1502 2211 1729 2256 tempestivum
1741 2212 1836 2244 auxi-

1079 2262 1171 2297 lium.
1199 2269 1322 2295 Cratero
1332 2257 1507 2306 persuadet
1523 2263 1720 2306 Neoptolemus
1730 2268 1835 2294 Eume-

1079 2323 1144 2345 nem
1163 2309 1316 2358 aggredi!
1337 2307 1480 2343 fidenter
1499 2307 1661 2343 affirmans
1689 2313 1742 2344 vel
1763 2307 1833 2343 viso

1080 2366 1197 2394 Cratero
1226 2357 1402 2406 plerosque
1436 2364 1564 2393 Eumenis
1582 2361 1701 2393 milites
1726 2357 1835 2392 statim

1080 2406 1347 2456 transfugituros:
1360 2405 1547 2443 sedEttmenis
1555 2408 1639 2441 astus
1651 2408 1733 2442 hinc
1745 2407 1833 2455 spem

1079 2457 1248 2493 frustratus
1259 2456 1303 2490 est
1320 2470 1328 2490 ε
1349 2456 1429 2490 dum
1442 2458 1530 2491 enim
1551 2458 1831 2504 appropinquaret

1080 2514 1239 2546 Craterus,
1265 2518 1438 2540 rumorem
1451 2505 1552 2554 spargi
1570 2518 1660 2540 curat
1680 2513 1830 2547 Etnncnes,

1080 2557 1169 2604 quali
1181 2557 1377 2603 Neoptolemus
1385 2567 1461 2589 cum
1473 2557 1634 2602 cappadoce
1644 2566 1707 2588 tant
1715 2554 1770 2588 Cim
1779 2556 1833 2588 in-

1080 2616 1223 2654 grueret,
1233 2615 1391 2650 cavetque
1403 2616 1443 2638 ne
1454 2604 1686 2638 Macedonum
1696 2604 1831 2639 suorum

1078 2655 1250 2702 quisquam
1263 2660 1385 2690 Cratero
1399 2665 1637 2701 opponeretur.

1129 2703 1245 2737 Stabat
1266 2704 1298 2735 in
1314 2715 1382 2736 uno
1396 2702 1498 2737 cornu
1512 2702 1654 2736 hostiurn
1671 2709 1810 2738 Craterus
1821 2725 1832 2742 ,

1078 2753 1112 2787 in
1131 2753 1235 2787 altero
1256 2754 1468 2798 Neoptolemus.
1503 2754 1714 2800 Neoptolemum
1727 2758 1831 2785 Eume-

1076 2814 1122 2837 nes
1140 2801 1203 2847 ipse
1222 2802 1426 2850 aggreditur3
1453 2803 1684 2837 Pharnabazum
1699 2799 1833 2844 Artabafi

1078 2859 1201 2886 Cratero
1222 2852 1340 2894 objicit
1361 2876 1370 2892 ,
1403 2850 1564 2884 mandans
1589 2860 1624 2882 ut
1655 2846 1719 2881 line
1746 2861 1830 2883 voce

1076 2900 1178 2947 ipsum
1199 2900 1383 2935 invaderet:
1411 2907 1547 2933 Craterus
1565 2898 1597 2930 in
1618 2898 1692 2931 aestu
1712 2910 1829 2944 pugnat

1075 2949 1116 2983 ab
1129 2960 1219 2994 equo
1237 2948 1411 2993 cespitante
1423 2945 1528 2992 lapsus
1539 2948 1571 2979 in
1584 2958 1702 2981 terram
1716 2972 1726 2987 ,
1743 2947 1830 2991 apu-

1073 2996 1250 3045 gnantibus
1270 2998 1404 3043 ignotus
1437 2997 1632 3030 conteritur.
1676 3004 1829 3031 Eumenem

1075 3060 1151 3081 curn
1165 3047 1344 3092 Neoptolemo
1364 3042 1515 3090 singulari
1533 3046 1712 3080 decertavit
1725 3058 1830 3079 certa-

1075 3098 1162 3130 mine
1179 3119 1189 3135 ,
1224 3097 1257 3127 in
1281 3106 1350 3140 quo
1373 3097 1585 3140 Neoptolemum
1606 3094 1830 3130 obtruncavit.

1076 3145 1197 3193 Insigni
1217 3145 1342 3190 potitus
1363 3143 1497 3177 vision-21
1515 3156 1590 3178 anre
1609 3143 1747 3178 multam
1768 3155 1829 3176 cae-

1075 3195 1152 3230 dem
1167 3205 1243 3229 curn
1256 3194 1350 3229 vistis
1367 3192 1537 3241 paciscitur
1554 3217 1564 3231 ,
1597 3205 1633 3227 ur
1645 3202 1829 3247 remearent

1729 3251 1830 3286 quien
