2048 3343
23 447 26 467 ἕ
42 447 129 484 Pei-fias

24 493 25 496 ’
43 488 151 528 ,Delphis

23 530 25 532 V
42 531 141 569 ,Apollo

42 572 137 611 depulit·

39 1198 135 1224 Xerxes

0 1248 2 1251 v
38 1238 162 1262 humma

37 1275 102 1304 chue-

37 1929 131 1956 Xerxes

35 1967 153 1998 Athenis

34 2010 145 2037 domitus-

34 2057 83 2079 38?-

8 2418 12 2463 l
37 2432 166 2467 Themisto·

8 2469 11 2515 l
37 2478 83 2504 cles
91 2477 162 2502 Gre-

6 2518 11 2561 ]
37 2527 88 2544 cam
96 2514 158 2549 clas-

8 2567 11 2587 )
31 2557 152 2625 JE‘Tcogit

40 2609 55 2625 a
85 2607 133 2637 pu-

7 2639 11 2693 Ι
36 2647 120 2676 gnam.

490 86 555 113 ET
616 75 1266 114 CHRoNoLoc1cx

197 148 272 192 bis,
290 147 377 186 nulla'i
398 149 429 184 vi
448 146 731 196 Themistocli-sulus
743 147 828 182 valet
843 146 946 179 socio-

196 214 269 237 rum
282 196 448 234 discessum
460 198 642 244 prohibere.
654 199 732 231 Hoc
741 194 870 229 tautum
881 195 947 229 ob-

195 251 305 288 tinuit,
315 260 351 284 nt
363 249 404 284 ad
416 250 594 284 Salaminem
604 247 741 281 insulam
754 245 947 292 aliquandiu

194 299 526 339 consisterent‚donec
535 307 649 330 uxores
660 298 694 330 &
705 293 829 329 liberos
839 306 944 329 trans-

195 343 778 392 mifissentAtheniensesinAEginam
791 369 800 384 ,
819 342 946 381 velalio

196 400 330 447 quovis.

245 450 336 483 Dum
347 446 380 478 in
391 443 494 478 hisest
508 446 622 478 Graeca
632 442 731 478 claslis
744 469 753 483 ,
774 443 808 476 iu
829 442 946 476 intima

200 499 332 532 Gtaeciae
353 493 472 529 viscera
487 494 586 528 castra
598 499 826 528 movetXerxes
844 506 854 533 3
879 489 946 539 ipse

198 557 353 594 properat
375 544 544 580 Athenas,
562 542 664 577 altera
682 543 859 576 castrorum
874 553 946 587 pars

197 595 351 643 Delphos
365 593 469 628 rendit
482 619 491 634 ,
506 604 542 627 ut
555 594 704 641 ingentes
716 594 844 640 Apollinis
856 591 945 624 The-

195 645 306 681 sauros
325 645 479 690 diriperet
497 667 508 683 ,
532 655 618 689 quos
635 654 753 676 omnes
768 637 951 675 accuratius

198 695 377 740 descriptos
390 691 534 726 habebat
546 699 651 726 Xerxes
661 717 671 732 ‚
691 703 790 737 quam
803 702 875 737 quae
887 690 949 722 do-

198 746 243 779 mi
261 746 321 779 suae
342 742 515 790 reliquerat
533 740 622 775 bona
632 766 641 775 .
676 742 766 774 Cum
794 738 949 787 Delphos

197 792 273 829 esset
283 793 416 826 allatum
428 792 606 825 adventare
620 787 729 825 Persas
743 815 754 831 ‚
768 791 948 834 interroga-

197 856 250 879 tus
264 844 356 891 Apollo
371 854 450 876 num
463 840 620 875 occultari
630 841 730 873 vellet
740 851 789 872 res
802 839 886 879 suas,
897 849 947 872 re-

196 890 394 941 sponditsua
406 889 463 924 fibi
476 889 548 923 fore
557 900 638 922 curce
651 887 760 931 3certe
772 887 836 922 fert
847 886 947 926 fama,

196 945 276 978 dum
287 940 593 988 appropinquarent
604 936 683 972 fano
694 935 792 970 Persae
807 960 818 977 ‚
843 946 896 969 tot
907 935 946 968 de

198 994 286 1027 coelo
305 988 446 1025 fulmina
464 992 498 1022 &
518 988 562 1022 de
585 985 662 1020 fano
682 985 828 1031 mugitus
855 985 948 1018 into-

198 1041 299 1076 nuisse
319 1053 330 1080 ;
364 1051 400 1073 ut
419 1035 515 1072 Persae
533 1045 623 1068 metu
642 1035 673 1068 se
696 1035 898 1076 conjicerent
913 1035 946 1067 in

196 1088 441 1139 pedes‚bonam
454 1095 579 1132 partem
595 1082 689 1118 caefia
702 1081 841 1118 Parnasfi
854 1082 946 1123 saxis,

195 1151 268 1187 quae
279 1139 311 1170 in
323 1135 486 1180 subjedbos
498 1130 640 1167 ruissent.

242 1188 323 1220 Hoc
334 1186 367 1217 in
378 1187 572 1218 Graecorum
583 1183 788 1229 aliarumque
796 1180 945 1230 gentium

194 1237 288 1270 Deos
300 1234 422 1269 bellum
438 1234 651 1267 continuavit
661 1237 767 1267 Xerxes
785 1246 794 1272 ;
822 1232 946 1265 namin

195 1284 303 1320 Afiam
325 1282 468 1318 reversus
495 1281 598 1315 multa
623 1282 806 1316 multorum
831 1281 947 1315 Idolo-

192 1347 264 1369 rum
285 1331 363 1367 fana
380 1332 552 1366 mandavit
565 1333 666 1365 everti
686 1357 697 1373 ‚
726 1335 758 1366 &
778 1329 947 1375 Babylone

191 1384 252 1420 Beli
264 1383 400 1417 statuam
414 1394 452 1416 ex
469 1379 576 1416 solido
596 1393 677 1415 auro
690 1380 871 1416 duodecim
884 1392 945 1415 cu-

192 1433 269 1468 bitis
280 1433 377 1467 altam
392 1429 518 1466 sustulit
533 1456 544 1470 ,
573 1430 661 1465 reete
680 1430 746 1464 hoc
757 1430 895 1476 quidem
908 1432 944 1463 δε

192 1481 278 1530 regie
290 1507 300 1523 ,
320 1480 341 1514 fi
352 1495 388 1516 ex
402 1493 476 1515 vera
490 1483 553 1515 Dei
569 1482 687 1513 notitia
699 1484 734 1515 δε
745 1481 831 1514 Zelo
845 1504 855 1520 ,
875 1491 945 1512 non

193 1544 233 1566 ex
248 1543 337 1565 mera.
347 1533 479 1565 avaritia
492 1535 523 1565 ἃ
537 1530 710 1564 atheismo.
744 1528 797 1563 Ab
817 1541 858 1564 eo
876 1539 945 1563 non

194 1581 334 1627 legimus
355 1579 423 1613 lael'a
441 1578 627 1624 Judaeorum
647 1579 756 1620 sacra,
777 1583 810 1614 &
833 1577 855 1612 fi
874 1591 945 1625 quae

193 1628 445 1675 flavizisiq12p11.1s
463 1629 563 1663 habet
573 1630 613 1663 de
628 1629 723 1671 ipfius
735 1631 767 1662 in
780 1631 945 1675 templum

193 1677 532 1726 Hierosolymitanum
545 1677 761 1713 beneficentia
770 1702 779 1718 ‚
789 1680 829 1713 ad
840 1677 946 1712 filium

192 1738 384 1764 Artaxerxem
396 1727 509 1776 aperte
523 1727 666 1774 spa-<stent
679 1742 687 1762 ε
701 1739 772 1775 quae
783 1738 893 1761 autem
905 1736 948 1763 10-

189 1777 291 1826 stplms
310 1787 467 1829 Rengorion
482 1777 651 1812 fabulatur
662 1775 824 1825 permulta
837 1804 847 1818 ‚
868 1777 947 1812 Tal-

191 1827 334 1862 mudicae
361 1834 395 1861 ἃ(
411 1825 627 1871 'puridiffimae
646 1827 726 1861 mihi
748 1827 886 1874 quidem
898 1828 946 1863 vi-

191 1877 309 1912 dentur
322 1879 446 1910 naeniae.

242 1925 331 1960 Cum
353 1924 484 1961 venisset
510 1926 658 1961 Athenas
685 1933 790 1962 Xerxes
807 1938 943 1961 vacuam

192 1977 315 2023 reperit
327 1975 444 2011 urbem
455 2000 466 2018 ‚
481 1975 610 2011 tanturn
625 1979 656 2010 in
668 1989 738 2010 arce
749 1975 881 2024 pauculi
893 1988 946 2009 re-

190 2023 379 2059 manserunt
390 2026 507 2072 ligneis
519 2025 644 2061 oraculi
657 2028 758 2060 muris
770 2026 945 2074 pertinaci-

189 2085 241 2109 ter
252 2073 465 2116 adhaerentes,
476 2074 584 2109 donec
595 2074 762 2110 numerosi
775 2078 943 2110 Persarum

188 2123 278 2158 enses
289 2122 494 2173 apertinacia
502 2123 597 2159 simul
609 2129 643 2159 &
657 2126 723 2160 vita
733 2124 869 2159 miseros
881 2135 946 2159 tra-

189 2172 314 2209 xissent.
348 2172 436 2208 Cum
447 2177 515 2219 jam
531 2173 669 2208 Athenis
685 2175 718 2208 in
730 2186 807 2222 pace
818 2173 945 2209 sederet

191 2221 298 2264 Persa,
308 2222 448 2258 domum
460 2224 608 2258 Artabano
620 2225 724 2258 mittit
737 2225 879 2258 nuncios
889 2223 945 2269 qui

192 2274 326 2318 plenam
352 2272 441 2306 suam
469 2272 626 2307 referrent
651 2274 827 2308 viCtotiam
845 2297 856 2310 ,
886 2270 943 2308 sed

193 2331 275 2353 mox
297 2322 353 2354 suo
372 2324 538 2370 comperit
557 2323 709 2370 periculo
727 2323 878 2359 nondum
889 2325 944 2358 de-

195 2367 367 2403 bellatum.

241 2418 438 2452 Graecorum
451 2418 490 2453 ad
499 2420 677 2455 Salaminem
688 2419 808 2457 clauis,
828 2431 864 2454 ut
878 2420 946 2468 pri-

195 2464 289 2501 mum
302 2465 391 2513 sequi
406 2467 437 2502 se
450 2467 558 2502 Persas
569 2470 943 2508 animadvertit,terrore

197 2514 319 2564 repleta
329 2514 413 2564 fugae
424 2518 576 2564 proxima
586 2515 650 2551 fuit
660 2543 670 2558 ‚
686 2516 743 2551 nifi
756 2518 947 2564 Themistocles

196 2567 349 2614 Eurybiadi
364 2566 466 2614 planis
483 2565 703 2601 denunciffl‘et
714 2566 821 2601 verbis
835 2591 844 2606 ‚
864 2567 946 2600 stare

196 2614 257 2649 fibi
280 2614 474 2650 sententiam
496 2615 538 2650 ad
561 2615 670 2650 Persas
680 2628 757 2650 cum
769 2614 830 2649 suis
842 2627 947 2649 trans-

195 2664 331 2712 fugere,
352 2663 409 2698 nifi
423 2664 549 2698 ibidem
569 2665 946 2700 locoruminireturcct-

197 2725 307 2749 tamen
327 2727 335 2748 :
361 2713 413 2748 hic
430 2725 536 2748 metus
548 2712 654 2748 socios
664 2717 833 2749 continuit
845 2714 946 2761 usque

199 2763 280 2797 durn
293 2763 428 2798 allatum
443 2764 515 2797 cffst
526 2761 542 2797 a
553 2770 645 2798 Xerxe
662 2776 769 2812 captas
783 2763 947 2798 Athenas:

200 2825 316 2847 ornnes
336 2813 402 2848 haec
420 2813 508 2849 fama
524 2812 721 2847 certiffimos
745 2810 824 2846 fecit
842 2812 884 2845 ad
896 2811 949 2846 sua

201 2859 230 2893 se
239 2862 430 2897 conferendi
445 2882 454 2903 ς
472 2864 606 2897 retinuit
620 2875 729 2898 tamen
739 2873 898 2909 quantum
912 2860 948 2895 li·

201 2908 259 2943 bet
270 2912 387 2947 invitos
397 2912 580 2959 rhemzstocla
590 2913 762 2957 prudentia
771 2938 780 2951 ‚
797 2915 831 2946 ὃς
843 2912 949 2959 coegit

202 2959 239 2991 ad
254 2971 406 3007 pugnam.
433 2961 524 2996 Misit
540 2963 566 2996 is
577 2964 632 3010 qui
646 2960 749 2996 Persis
760 2961 840 2996 clam
854 2960 950 3007 signi-

201 3006 315 3041 ficaret
325 3011 407 3044 inter
417 3010 445 3044 se
454 3014 810 3047 rixantemGraecorum
822 3010 950 3045 classem

201 3069 315 3103 parare
334 3056 444 3105 fugam
456 3086 464 3098 ,
483 3060 578 3095 facile
589 3073 664 3097 ante
675 3063 788 3108 fugam
808 3064 950 3096 circum-

201 3108 302 3140 veniri
315 3118 420 3140 totam
431 3108 569 3154 poffe,&
580 3113 624 3144 ita
635 3112 847 3148 debellari‚ut
858 3111 950 3145 navis

199 3157 317 3193 evadat
328 3156 461 3205 prorsus
471 3158 568 3195 nulla.
588 3161 691 3196 Dicto
704 3161 800 3197 citius
810 3163 950 3197 circum-

1324 75 1502 118 L113.I.
1674 91 1753 129 117

997 146 1154 183 vallantur
1171 147 1190 183 εὶ
1207 147 1320 196 Regiis
1334 152 1439 184 Graeci
1458 176 1468 192 ,
1488 149 1594 188 nullus
1605 155 1750 202 amplius

997 196 1203 245 defugiendae
1215 209 1332 245 pugnae
1343 199 1439 234 locus
1450 225 1460 240 ,
1476 203 1605 237 initium
1618 202 1654 237 fit
1666 216 1745 250 prae·

995 246 1042 281 lii,
1053 245 1174 294 singula
1184 247 1307 295 spe6t>at
1316 248 1349 281 in
1360 249 1475 283 littore
1484 256 1594 293 Xerxes,
1604 254 1636 286 in
1646 254 1748 300 quin-

995 307 1056 342 que
1078 295 1296 331 Barbararum
1322 298 1458 332 navium
1481 299 1626 335 millibus
1641 314 1743 336 nemo

995 346 1214 393 pugnacitatis
1240 345 1384 392 palmam
1409 349 1575 395 praeripuir
1595 352 1746 398 Artemifiae

997 395 1148 429 Dominae
1164 395 1376 430 Halicarnassi
1388 422 1397 435 ‚
1414 395 1468 433 sed
1481 398 1570 432 nulla
1583 399 1747 434 Barbaro-

996 456 1067 478 rum
1090 442 1254 479 fortitudo
1275 447 1395 479 Graecae
1408 444 1509 480 valuit
1529 445 1672 482 resistere
1684 450 1750 482 vir-

997 495 1070 530 tuti,
1081 503 1168 541 terga
1181 505 1315 529 vertunt
1324 491 1427 529 Persae
1439 493 1496 530 sub
1507 495 1606 544 ipsius
1617 494 1752 544 aspetstu

996 545 1252 583 Xerxis,maxima
1262 542 1300 578 fit
1310 545 1413 580 caedes
1423 546 1581 587 virorum,
1589 543 1750 592 depressio

998 592 1130 626 navium
1143 615 1154 628 ‚
1172 595 1263 628 Xerxi
1275 604 1384 628 tantus
1398 595 1556 630 incutitur
1568 607 1676 630 metus
1687 619 1697 632 ‚
1714 605 1751 629 ut

997 643 1074 676 licet
1090 640 1233 676 infinitas
1253 644 1286 677 in
1308 654 1392 677 terra
1408 646 1519 693 copias
1541 643 1679 679 haberet
1697 646 1750 678 iu-

996 692 1099 725 tactas
1119 716 1129 729 ‚
1154 691 1317 740 praesentis
1334 705 1445 728 tamen
1465 693 1552 746 fugae
1572 693 1747 730 confilium

998 742 1131 787 ceperit.

1046 790 1130 824 Non
1148 789 1255 836 potest
1274 790 1470 838 persuadere
1481 790 1574 827 sociis
1585 793 1745 829 Themiffo-
1766 804 1905 835 simtXer.

996 841 1069 880 cles,
1084 849 1120 872 ut
1131 839 1295 884 fugientes
1304 840 1568 888 persequerentur
1586 867 1597 882 ,
1625 844 1746 878 nedum
1767 847 1894 875 xemrbe-

999 898 1035 921 ut
1047 884 1259 934 Hellesponti
1275 888 1484 925 dissolverent
1497 902 1615 937 pontes
1626 917 1634 929 ‚
1646 893 1747 940 parati
1766 888 1889 938 ''ufffflle‘

996 937 1132 982 quidem
1160 936 1203 970 ad
1223 937 1278 969 ista
1297 939 1458 972 tentanda
1482 938 1617 974 fuerunt
1639 941 1746 976 Athe·
1762 930 1907 970 fugaelahi.

999 982 1127 1020 nienses
1139 987 1191 1020 vel
1213 982 1291 1022 soli,
1307 986 1363 1020 sed
1381 985 1399 1020 a
1415 998 1540 1021 conatu
1562 991 1751 1035 Themistocles

997 1033 1172 1074 abstinuit,
1196 1034 1244 1069 vel
1260 1035 1358 1081 quod
1369 1049 1439 1070 non
1452 1048 1582 1084 putaret
1602 1063 1613 1078 ‚
1641 1049 1751 1074 tutum

997 1096 1135 1118 omnem
1146 1086 1286 1119 omnino
1297 1087 1491 1132 potestatem
1503 1084 1587 1134 fugae
1601 1091 1685 1122 Xerxi
1695 1090 1752 1122 in-

997 1131 1195 1174 tercludere,
1205 1135 1259 1167 cui
1274 1144 1327 1168 tot
1337 1137 1506 1182 copiarum
1520 1136 1752 1181 myriades—ad-

996 1181 1060 1217 huc
1072 1184 1206 1231 integrae
1215 1181 1422 1230 supererant:
1437 1188 1488 1221 vel
1501 1185 1595 1232 quod
1607 1186 1751 1233 aliquem

996 1232 1087 1280 apud
1099 1234 1229 1282 Regem
1241 1232 1301 1267 fibi
1313 1234 1415 1281 parari
1427 1247 1560 1282 cuperet
1571 1238 1683 1281 gratiae
1697 1236 1752 1271 lo-

996 1293 1072 1316 cum
1085 1296 1093 1317 :
1108 1281 1196 1317 certe
1209 1285 1352 1317 nuncios
1364 1283 1446 1318 milit
1458 1312 1465 1322 ,
1479 1287 1535 1334 qui
1549 1289 1637 1320 Xerxi
1647 1288 1680 1327 in
1692 1299 1751 1320 au-

995 1344 1065 1365 rem
1076 1332 1221 1366 dicerent
1232 1357 1242 1373 ‚
1261 1333 1381 1368 debere
1400 1333 1492 1368 illum
1512 1336 1689 1381 Themistocli
1705 1334 1750 1370 sa-

994 1381 1096 1416 lutem
1110 1406 1121 1421 ,
1138 1383 1198 1428 qui
1212 1380 1427 1418 Athenienses
1436 1385 1473 1418 ad
1486 1395 1606 1431 pontes
1619 1384 1750 1418 solven-

996 1430 1059 1465 dos
1070 1441 1200 1478 paratos
1213 1431 1371 1470 avertisset
1384 1432 1501 1468 &facto
1515 1436 1549 1468 iu
1564 1447 1662 1469 unam
1677 1436 1748 1469 Re-

994 1482 1042 1528 gis
1052 1482 1202 1527 gratiam.

1042 1532 1135 1565 Dum
1171 1540 1264 1565 totus
1298 1531 1338 1567 ad
1372 1528 1487 1580 fugam
1522 1531 1748 1580 propenderet
1769 1534 1888 1562 lnHelle-

993 1586 1111 1621 Xerxes,
1123 1579 1166 1614 ab
1182 1593 1225 1614 eo
1239 1583 1430 1629 impetravit
1439 1583 1604 1617 Mardonius
1615 1595 1653 1616 ex
1665 1585 1747 1616 totis
1761 1575 1850 1613 sP0m⁰

993 1630 1093 1677 copiis
1109 1629 1243 1664 selectas
1261 1632 1393 1677 triginta
1412 1631 1573 1674 myriadas
1590 1656 1599 1672 ‚
1625 1630 1745 1679 quibus
1768 1622 1884 1688 X‘nf‘f‘b

991 1681 1157 1726 reliquum
1177 1681 1309 1714 Graeciae
1320 1679 1587 1728 perdomitururn
1603 1680 1632 1715 se
1645 1682 1745 1729 polli-
1762 1667 1909 1737 ἴζῖᾖᾲζζ,

992 1740 1096 1764 cetur.
1122 1731 1211 1764 Cum
1225 1732 1350 1765 caereris
1361 1732 1468 1779 pergit
1478 1730 1519 1765 ad
1530 1741 1652 1777 pontes
1665 1731 1745 1772 Rex,
1766 1741 1886 1771 warcham

992 1778 1083 1812 tanta
1103 1776 1314 1813 festinatione
1337 1803 1347 1819 ‚
1375 1790 1412 1814 ut
1429 1779 1648 1814 infirmorum
1668 1791 1744 1827 ρειτ-
1767 1781 1862 1813 occidit.
1904 1822 1908 1824 v

991 1827 1088 1862 multi
1100 1829 1365 1875 relinquerentur
1375 1830 1407 1863 in
1418 1828 1479 1869 via,
1492 1832 1590 1865 multi
1601 1831 1748 1878 perirent

990 1876 1104 1923 inopia
1113 1888 1366 1911 commeatuum
1379 1901 1389 1917 ‚
1402 1880 1510 1912 caeteri
1521 1891 1595 1913 curn
1607 1881 1638 1913 in
1651 1880 1748 1913 navi-

991 1925 1053 1960 bus
1063 1925 1318 1962 transfretassent
1331 1929 1366 1960 in
1379 1925 1491 1961 Asiam
1517 1926 1613 1971 (nam
1627 1939 1748 1975 pontes

991 1986 1121 2022 ruperat
1134 1977 1232 2010 maris
1242 1976 1356 2024 aestus)
1381 1977 1424 2011 ad
1437 1978 1574 2024 primam
1588 1976 1746 2011 ciborum

989 2028 1121 2073 copiam
1150 2024 1276 2059 bonam
1303 2036 1431 2073 partem
1457 2027 1637 2060 exanimati
1663 2029 1746 2060 sunt.

995 2076 1092 2122 Apud
1103 2074 1270 2122 quosdam
1283 2076 1432 2110 obtinuit
1449 2073 1537 2109 fama
1557 2076 1686 2123 Regem
1703 2075 1748 2110 ad

992 2126 1074 2158 ostia
1087 2130 1242 2175 Strymonis
1262 2150 1273 2166 ,
1298 2137 1368 2171 quo
1386 2126 1482 2158 citius
1508 2124 1525 2158 εὶ
1552 2127 1747 2158 Graecorum

991 2173 1173 2209 formidine
1185 2173 1278 2209 fieret
1289 2173 1419 2208 securus
1436 2199 1446 2214 ,
1473 2173 1650 2208 Sidoniam
1662 2186 1749 2207 con-

992 2221 1144 2257 scendiffe
1155 2235 1273 2257 navem
1288 2248 1297 2263 ,
1308 2223 1385 2258 huic
1397 2235 1470 2258 cum
1485 2225 1519 2257 in
1532 2223 1647 2258 medio
1658 2221 1746 2257 freto

992 2272 1160 2321 ingruisset
1172 2272 1272 2307 turbo
1284 2298 1294 2314 ,
1314 2271 1475 2320 fignificat
1489 2274 1573 2321 Regi
1585 2272 1749 2321 guberna-

988 2334 1046 2356 vtot
1064 2335 1198 2370 parvam
1211 2321 1272 2357 effe
1283 2322 1389 2357 salutis
1401 2323 1489 2369 spem
1509 2347 1519 2362 ‚
1551 2323 1608 2356 nili
1625 2334 1748 2370 magna

993 2372 1167 2406 vectorum
1179 2384 1251 2419 pars
1267 2373 1482 2416 ejicereturin
1495 2383 1583 2405 mare
1599 2387 1609 2405 .·
1635 2370 1750 2405 decla-

993 2432 1042 2454 rat
1053 2419 1265 2469 praefennbus
1284 2420 1385 2455 Persis
1397 2420 1488 2454 suum
1502 2427 1606 2455 Xerxes
1615 2421 1748 2467 pericu-

992 2470 1060 2503 lum
1070 2497 1078 2509 ,
1091 2470 1199 2503 statim
1211 2469 1490 2515 nobiliffimorum
1504 2481 1618 2516 magna
1631 2479 1747 2501 manus

995 2529 1031 2551 ut
1052 2520 1155 2563 Regis
1169 2518 1402 2563 prospiceretur
1412 2517 1503 2552 saluti
1516 2540 1525 2553 ‚
1543 2518 1746 2563 praecipitem

995 2565 1023 2601 se
1036 2566 1093 2601 dat
1104 2568 1136 2599 in
1148 2565 1268 2600 fluetus
1294 2579 1303 2599 ε
1330 2564 1406 2601 cum
1420 2566 1461 2599 ad
1474 2564 1565 2600 littus
1577 2564 1747 2613 appulisset

994 2615 1079 2651 salva
1098 2618 1190 2649 navis
1205 2639 1214 2652 ,
1238 2613 1347 2649 salvati
1371 2617 1472 2663 Regis
1497 2618 1671 2663 praemium
1688 2628 1749 2649 au..

993 2677 1083 2699 reum
1102 2675 1253 2711 torquem
1279 2665 1481 2712 gubernator
1510 2667 1583 2700 tulit
1598 2689 1608 2705 ‚
1639 2665 1691 2699 sed
1712 2667 1745 2700 in

994 2713 1184 2749 amissorum
1223 2716 1391 2751 Persarum
1425 2726 1562 2764 poenam
1596 2713 1746 2750 decolla—

993 2775 1046 2798 tus
1065 2763 1123 2798 est.

1045 2811 1144 2848 Haefit
1156 2811 1345 2861 aliquandiu
1356 2812 1483 2847 Thebis
1495 2814 1668 2853 Mardonia,
1681 2812 1744 2848 do-
1763 2825 1855 2852 comm

997 2874 1059 2896 nec
1078 2874 1135 2908 per
1148 2862 1275 2910 legatos
1286 2862 1437 2897 tentasset
1450 2890 1458 2902 ,
1481 2875 1558 2896 num
1572 2865 1606 2896 in
1624 2865 1744 2910 Regias
1765 2867 1832 2893 Mar
1846 2866 1900 2894 'onii

997 2922 1107 2961 partes
1122 2911 1337 2947 Athenienses
1348 2910 1475 2957 possent
1486 2912 1629 2957 pertrahi
1644 2926 1651 2946 :
1670 2914 1745 2959 qui·
1763 2909 1869 2953 mgr-venta

999 2963 1077 2996 dam
1095 2961 1229 2996 Athenis
1250 2958 1379 2996 sen‘ator
1391 2974 1460 2995 non
1475 2963 1670 3008 spernendas
1683 2975 1744 3010 pu·
1763 2947 1884 3015 myst?

999 3012 1091 3045 tabat
1115 3009 1133 3044 Ξι
1154 3011 1266 3060 Regiis
1285 3011 1357 3045 ur-bi
1381 3013 1593 3047 conditiones
1613 3011 1715 3046 afferri
1737 3027 1744 3046 ε
1764 3000 1901 3058 ’ἔζων

1000 3060 1112 3095 vcrum
1125 3059 1172 3093 ob
1183 3073 1254 3095 eam
1267 3073 1386 3095 vocem
1404 3064 1444 3094 ab
1462 3060 1676 3098 assidentibus
1688 3062 1746 3096 sta-
1766 3071 1876 3101 trahunt.

999 3113 1057 3145 tim
1072 3111 1234 3155 lapidibus
1245 3109 1385 3144 obrutus
1398 3111 1441 3144 cst
1452 3136 1462 3153 ‚
1480 3115 1559 3158 quin
1571 3116 1605 3146 &
1617 3113 1650 3145 in
1667 3124 1748 3145 uxo-

998 3173 1065 3197 rem
1078 3159 1262 3208 liberosque
1275 3159 1360 3195 male
1372 3160 1509 3198 consulti
1526 3162 1583 3199 viti
1594 3160 1746 3197 mulieres

1355 3210 1380 3246 Ρ
1405 3224 1422 3257 3
1627 3211 1747 3245 Atticae
