2048 3343
655 110 1007 165 Dextra-xtra

245 175 406 210 haereticos
421 176 576 224 depingit,
594 177 681 224 quod
695 176 736 211 sic
748 177 864 224 probo.
897 178 964 226 Qi
975 179 1006 213 in

244 225 380 260 Ecclelicl
389 224 563 260 Christiana
577 225 754 261 rcfistebant
761 225 936 273 Apostolis,
950 225 1004 260 sic·

243 285 277 307 ut
301 275 332 308 in
353 276 447 309 veteri
465 275 584 321 populo
607 273 732 310 Pseudo
751 274 915 322 Prophetae
931 273 1002 308 refi-

243 323 363 358 stebant
375 325 503 370 anast,
523 323 555 356 hi
567 334 652 357 erant
665 323 816 361 haeredci,
841 322 862 356 fi
878 323 1003 357 credere

243 371 287 407 fas
301 372 346 408 est
358 372 473 407 disertis
485 374 570 405 Petri
584 371 684 406 verbis
697 369 834 417 epistolae
847 369 1002 417 posterio-

241 423 284 456 ris
298 435 364 469 cap.
379 435 406 456 2..
421 433 485 457 ver.
498 432 522 454 1.
546 419 646 467 Atqui
658 419 696 454 de
710 419 862 464 ejusinodi
880 421 1001 454 ‘Paulus

221 465 225 470 ’
239 472 386 518 loquitur.
533 496 535 498 -

79 534 168 573 Qut!
172 545 200 562 m
203 553 208 559 ·

72 1580 160 1606 Prima
171 1585 214 1615 pro

71 1627 185 1645 vernare

71 1666 144 1686 mtto.

292 524 430 570 Qartus
451 519 539 554 locus
559 518 626 553 esto
640 520 720 553 Mat.
738 530 784 553 22.
805 530 855 561 29.
881 519 1002 553 Erratis

242 583 335 618 neque
353 573 542 618 Scripturam
559 569 698 616 scientes,
727 580 820 615 neque
835 572 1000 616 potentiam

240 622 319 654 Dei.
337 621 424 656 Hinc
441 631 548 666 arguo.
574 619 718 652 Errantes
732 620 824 652 etiam
837 616 1000 652 foedissime

239 668 294 704 sub
311 672 352 704 V.
371 667 579 703 Testamento
598 667 772 702 nesciebant
789 667 934 713 dogmata
951 665 999 701 sua

238 732 359 754 errores
372 717 473 753 fuisse:
493 719 581 765 Ergo
596 717 744 750 'Haeretici
757 714 810 750 sub
823 717 865 750 N.
886 716 999 750 Testa-

236 780 347 803 mento
366 767 479 802 nescire
502 766 625 814 possunt
642 765 787 812 dogmata
807 764 855 799 sua
880 777 999 800 errores

238 817 307 852 effe.
337 815 570 862 Consequentia
585 815 663 848 valet
681 829 689 849 :
720 827 896 863 quanquam
915 817 998 849 enim

237 878 371 902 errantes
389 864 442 900 sub
456 866 564 900 Veteri
580 867 611 898 δέ
628 865 726 899 Νονο
747 864 952 898 Testamento
967 865 997 898 in

234 917 399 963 multiplici
410 915 522 964 possint
533 912 592 949 esse
604 912 775 947 discrimine
788 927 797 954 ;
823 914 883 948 dici
896 925 998 948 tamen

234 979 301 1000 non
314 965 416 1014 potest
430 989 441 1005 ‚
471 977 525 998 cur
539 965 570 997 in
585 961 721 1010 praesenti
735 975 820 1009 pares
838 975 903 996 non
917 962 973 996 sint
985 988 995 1003 ,

235 1015 316 1050 adeo
329 1028 362 1050 ut
375 1014 395 1049 sl
408 1016 439 1049 in
452 1013 600 1048 haeretico
609 1011 662 1046 sub
677 1013 716 1047 N.
726 1011 931 1046 Testamento
943 1024 996 1046 ne-

236 1065 362 1100 cessario
386 1064 557 1112 requiratur
579 1061 622 1095 sui
644 1062 756 1095 erroris
787 1059 994 1100 conscientia,

235 1115 343 1150 eadem
358 1127 423 1148 non
442 1113 613 1160 postuletur
627 1112 663 1145 ad
677 1110 871 1150 haereticum,
893 1112 956 1150 vel,
975 1110 995 1144 si

234 1165 333 1199 mavis
348 1188 356 1199 ‚
377 1163 413 1198 ad
428 1162 569 1209 perverse
587 1161 830 1206 &pertinaciter
843 1171 994 1194 errantem

234 1213 289 1248 sub
303 1215 409 1248 veteri.
447 1210 645 1247 Ante-cedens
668 1208 785 1243 Christi
799 1208 900 1244 verbis
918 1222 994 1256 pro„

232 1263 333 1297 batur.
357 1261 512 1296 Sadducaei
529 1259 702 1294 nesciebant
713 1258 761 1291 sua
780 1257 926 1305 dogmata
946 1272 994 1293 er-

233 1324 320 1346 rores
334 1311 439 1350 fuiss‘e3
459 1323 529 1344 nam
543 1308 678 1356 ipsorum
692 1319 854 1354 peccatum
868 1319 932 1342 erat
947 1321 994 1342 er-

231 1374 302 1398 ror,
324 1367 354 1396 &
368 1359 530 1395 nescientia
547 1359 786 1404 Scripturarum:
805 1358 905 1405 Atqui
920 1358 992 1391 Sad-

232 1411 328 1444 dueaei
343 1421 427 1444 erant
445 1406 600 1442 foedissimi
614 1406 780 1442 errantium
797 1406 850 1440 sub
872 1409 913 1441 V.
929 1409 993 1441 Te-

230 1459 392 1507 stamentp.
425 1459 536 1492 Minor
555 1469 620 1490 non
635 1457 679 1490 est
693 1456 794 1490 dubia.
827 1458 934 1500 Major
948 1456 992 1491 est

233 1509 352 1544 Christi
369 1507 595 1543 testimonium.

281 1560 334 1593 Ne
346 1558 434 1592 rnulti
447 1556 537 1590 simus
551 1579 561 1594 ,
590 1553 737 1588 stabimus
751 1554 798 1587 his
812 1565 945 1602 quatuor
959 1569 994 1590 ex

235 1610 391 1656 Scriptura
402 1607 490 1640 loeis.
521 1604 681 1638 Habetote
698 1604 831 1638 totidem
850 1607 994 1640 rationes.

235 1660 268 1693 Si
282 1655 398 1692 necesse
417 1655 461 1689 est
479 1654 658 1688 haereticum
677 1666 807 1687 omnem
823 1654 993 1690 existimare

234 1708 267 1742 in
281 1706 329 1742 sua
341 1703 529 1742 conscientia
549 1702 618 1737 falsa
636 1702 693 1737 esse
710 1715 778 1750 quae
796 1704 860 1738 aliis
874 1717 993 1752 propo-

232 1758 280 1791 nit
300 1768 334 1792 ut
354 1769 423 1791 vera
438 1780 447 1791 ‚
474 1766 540 1788 tum
553 1765 650 1787 nemo
664 1753 701 1787 de
715 1752 818 1787 haerefi
835 1756 993 1789 conveniri

226 1806 332 1855 potest
343 1805 421 1853 apud
433 1804 603 1839 humanum
611 1802 766 1847 judicem:
783 1803 991 1852 Atquiposte-

225 1858 288 1891 rius
296 1854 468 1890 absurdum.
486 1853 658 1888 Connexio
667 1854 798 1896 Majoris
806 1865 906 1900 patet:
920 1867 990 1889 nam

225 1904 307 1941 solus
321 1907 412 1940 Deus
423 1903 467 1938 est
480 1903 627 1938 scrutator
635 1915 743 1936 renum
754 1906 786 1937 &
803 1903 987 1942 »ωιςῶσγναλ-ης,

224 1955 405 1992 mortalium
419 1966 515 1988 nemo
526 1977 535 1989 ‚
566 1953 598 1986 ni
619 1952 694 1986 ultra
709 1951 874 1985 humanam
889 1953 988 2000 crepi-

225 2005 296 2040 dam
309 2005 382 2039 velit
393 2003 568 2041 ascendere,
581 2002 785 2049 pronunciare
793 2001 870 2036 valet
878 2014 914 2036 ex
922 2015 986 2036 cer-

225 2057 257 2090 ta
270 2052 393 2090 scientia
405 2078 414 2092 ,
441 2053 537 2100 qualis
561 2053 591 2084 in
605 2052 693 2084 omni
712 2052 814 2096 judice
828 2050 987 2086 necessaria

225 2103 290 2143 est,
312 2101 488 2150 cujusquam
502 2114 538 2135 os
555 2101 593 2134 ab
609 2102 717 2134 animo
733 2099 912 2147 discrepare.
935 2103 985 2136 O-

224 2154 265 2187 ris
285 2154 443 2199 animique
463 2151 632 2185 concordia
650 2149 837 2185 discordiave
857 2151 909 2185 uni
930 2152 984 2186 tri-

224 2203 328 2237 bunali
349 2203 472 2236 Divino
484 2201 707 2246 relinquendae:
721 2202 823 2247 itaque
834 2199 855 2233 si
868 2200 986 2235 haerefis

225 2251 394 2286 necessario
413 2256 444 2286 &
464 2249 656 2295 essentialiter
675 2261 708 2282 ut
728 2248 809 2283 suam
828 2248 984 2289 formam,

226 2300 327 2335 saltem
347 2312 379 2334 ut
398 2300 559 2346 proprium
573 2294 708 2332 'formale
726 2297 894 2345 postularet
909 2322 919 2339 ‚
951 2299 984 2331 in

225 2349 371 2383 haeretico
389 2346 617 2394 discrepantiam
641 2347 704 2379 oris
722 2348 761 2379 ab
784 2349 891 2380 animo
907 2370 918 2384 ,
946 2347 985 2379 ab

226 2397 363 2432 humano
376 2395 467 2435 foro,
490 2407 522 2429 ut
535 2395 651 2429 crimen
664 2395 717 2428 uni
730 2396 806 2428 Deo
820 2393 984 2442 cognosci-

227 2448 289 2482 bile
301 2445 487 2481 removenda
499 2443 590 2478 foret.
613 2444 719 2479 Certe.

310 2497 382 2530 'Hoc
395 2495 514 2530 lzhacm
527 2495 616 2532 velit,
638 2497 676 2532 &⁶
694 2505 799 2542 magno
816 2505 895 2526 mer-

477 2555 579 2577 cemur
592 2542 733 2577 eAtridae.

226 2597 302 2630 Hoc
316 2593 411 2641 ipsum
426 2593 469 2628 est
483 2593 612 2640 pessimae
627 2592 716 2637 hujus
732 2605 833 2639 operae
847 2595 983 2636 Reman-

218 2644 381 2690 strannbus
394 2645 537 2691 pretium.
562 2643 767 2677 Contendunt
780 2644 862 2676 enim
876 2642 981 2676 homi-

226 2708 300 2730 num
325 2696 482 2728 neminem
508 2694 546 2727 de
566 2692 669 2727 haerefi
691 2691 822 2726 statuere
849 2691 985 2731 debere,

226 2745 308 2792 quasi
322 2756 417 2777 nemo
430 2743 606 2776 mortalium
619 2742 649 2776 id
662 2741 774 2789 posset:
788 2741 845 2775 hac
858 2740 917 2776 late
931 2754 984 2788 pa-

228 2795 306 2828 tenti
318 2795 408 2840 porta
421 2793 528 2836 jubent
540 2793 655 2825 irruere
667 2793 698 2824 in
713 2791 881 2825 Ecclesiam
889 2791 985 2825 haere-

231 2845 367 2878 ticorum
381 2843 567 2889 omnigenos
580 2853 686 2887 greges
701 2853 709 2880 ;
735 2852 815 2886 quos
823 2838 877 2873 suo
890 2839 938 2873 isti
951 2840 987 2873 si-

232 2907 273 2927 nu
286 2903 475 2939 peramanter
487 2891 657 2937 excipiunt,
671 2888 806 2923 dextram
814 2886 989 2923 fraterrimae

234 2941 426 2976 fraternitatis
440 2941 500 2975 sine
516 2939 656 2987 scrupulo
673 2941 854 2986 jungentes,
873 2939 989 2983 rejecta

234 2993 271 3026 ad
286 2991 367 3025 diem
381 2992 533 3026 Domini,
546 2990 651 3028 omni,
671 3002 737 3036 quae
751 2989 788 3022 de
802 2987 904 3022 haeresi
917 3001 987 3021 mo-

234 3042 297 3075 veri
310 3039 414 3086 possit,
435 3041 496 3074 lite.
527 3040 634 3087 Qam
647 3040 781 3072 immane
794 3037 868 3071 vero
883 3037 916 3070 lit
927 3037 988 3070 hoc

236 3090 331 3121 αἵτε-νην,
350 3100 457 3134 praeter
469 3089 617 3122 laudatam
631 3088 773 3121 omnium
786 3083 988 3120 Ecclefiariim

235 3137 477 3184 omnitempore
490 3139 612 3184 praxin,
633 3137 794 3171 haereticos
813 3136 989 3170 vocantium

235 3189 266 3222 in
279 3190 325 3233 jus
335 3212 345 3228 ‚
358 3198 466 3235 praeter
479 3188 578 3223 varios
591 3189 752 3234 Scriptura:
764 3188 871 3226 locos,
891 3185 916 3220 is
928 3184 989 3233 ipse

1037 126 1065 151 A
1140 111 1408 152 PR·1MA.
1748 120 1805 155 101

1043 179 1078 214 ad
1093 179 1207 213 Titum
1222 191 1287 225 cap.
1298 192 1326 224 3.
1344 193 1375 215 v.
1394 192 1444 216 10.
1457 179 1489 214 in
1503 192 1568 228 quo
1581 180 1671 217 causae
1684 180 1801 228 suaeco·

1041 228 1145 262 lumen
1163 227 1328 262 consistere
1340 240 1446 274 putant
1459 228 1658 269 adversantes,
1678 232 1800 268 abunde

1040 276 1162 322 probat.
1188 277 1236 310 lbi
1248 277 1332 310 enim
1341 276 1522 313 hominibus
1530 281 1652 315 mandat
1658 281 1798 328 Aposto-

1039 326 1083 359 lus
1096 336 1129 360 ut
1142 325 1280 361 accurat¹e
1292 325 1479 372 cognoscant
1497 328 1534 362 de
1546 327 1649 363 haerefi
1656 354 1665 369 ,
1689 342 1722 364 ut
1734 330 1798 364 hae—

1038 374 1168 408 reticum
1188 373 1231 408 sui
1249 374 1354 408 delicti
1367 374 1552 411 admoneant
1565 402 1575 417 ,
1600 382 1631 412 &
1651 377 1797 412 refracta-

1037 421 1117 455 rium
1129 422 1281 468 depellant
1293 422 1428 459 Ecclefia
1444 437 1454 464 ;
1478 423 1603 460 scientes
1622 426 1797 472 hujusmodi

1037 468 1208 506 subversum
1225 469 1285 504 esse
1296 495 1306 510 ,
1331 476 1363 506 &
1379 471 1428 506 sud
1446 472 1502 507 sibi
1519 476 1684 520 pertinacia
1701 478 1795 511 rneri-

1036 531 1103 555 tum
1116 520 1320 554 damnationis
1333 521 1482 556 calculum
1495 523 1686 559 accerfivill'e.

1083 570 1222 604 Secunda
1234 569 1325 603 ratio,
1353 571 1420 619 Qi
1439 571 1583 619 dogmata
1598 571 1645 607 sua
1658 572 1724 607 falsa
1735 587 1793 621 pro
1809 582 1928 608 secunda.

1036 616 1113 652 falsis
1127 617 1236 658 habet,
1250 619 1274 652 is
1287 630 1353 652 non
1367 630 1463 654 errat:
1478 623 1574 667 Atqui
1588 623 1794 658 omnishaere-

1035 669 1113 702 ticus
1129 679 1223 703 errat:
1239 668 1341 714 Ergo.
1366 669 1478 703 Minor
1490 671 1597 704 nititur
1610 673 1718 708 intima
1732 672 1794 707 hae-

1036 716 1135 752 reseos
1148 716 1253 751 naturz'i
1271 730 1280 757 ς
1304 729 1375 751 nam
1390 717 1493 753 haeresi
1513 732 1600 753 error
1617 720 1661 754 est
1674 733 1769 768 genus
1786 737 1793 756 :

1035 767 1120 802 τεὲὶὲ
1141 769 1224 809 enim
1244 766 1435 814 Augustinus
1465 767 1482 813 [
1491 771 1682 819 Qanquam
1701 773 1794 804 omnis

1034 829 1117 849 error
1127 817 1229 860 nonsit
1240 815 1358 860 haerefis,
1374 820 1468 850 omnis
1480 829 1579 852 tamen
1591 820 1692 862 haeresis
1704 820 1794 864 aster-

1033 867 1105 913 ror]
1128 865 1285 900 ›Fundatur
1304 867 1410 909 Major
1427 867 1460 900 in
1478 866 1538 914 ipsa
1556 865 1658 903 forma
1671 871 1794 904 erroris.

1033 916 1115 949 Nam
1128 927 1215 949 error
1227 913 1271 947 cst
1284 915 1416 949 deviatio
1428 917 1541 951 mentis
1553 916 1570 951 ὲ
1586 929 1619 952 re
1632 931 1642 958 ;
1662 917 1706 952 est
1719 931 1796 953 con-

1032 975 1138 1011 ceptus
1154 961 1256 1002 falsus,
1272 962 1314 996 est
1329 963 1528 1011 apprehensio
1542 967 1585 1000 rei
1599 967 1685 1001 aliter
1699 969 1794 1016 quam

1033 1012 1060 1047 sc
1074 1026 1121 1047 res
1134 1012 1227 1047 habet
1240 1025 1249 1052 3
1277 1023 1310 1046 ut
1323 1014 1432 1047 veritas
1446 1013 1490 1047 est
1505 1018 1707 1062 congruentia
1721 1029 1794 1052 curn

1032 1075 1064 1096 re
1078 1087 1088 1101 ,
1115 1062 1171 1097 five
1185 1063 1216 1096 in
1230 1074 1383 1109 conceptu
1397 1087 1408 1102 ‚
1433 1061 1494 1097 sive
1513 1065 1544 1097 in
1559 1065 1728 1112 conceptfis
1742 1079 1796 1102 ex-

1030 1111 1182 1159 pressione
1197 1123 1252 1157 per
1265 1123 1376 1145 vocem
1387 1123 1437 1145 aut
1449 1110 1593 1159 scriptum
1604 1139 1614 1154 ‚
1629 1126 1679 1148 aut
1693 1117 1796 1162 quod-

1030 1162 1071 1195 vis
1085 1162 1164 1195 aliud
1177 1160 1304 1208 signum.
1329 1161 1601 1207 Itaquehaereticus
1611 1187 1620 1202 ,
1635 1162 1656 1197 si
1671 1161 1738 1198 falsa
1747 1164 1795 1199 sua

1028 1211 1175 1257 dogmata
1188 1222 1246 1256 pro
1259 1207 1337 1242 falsis
1350 1209 1443 1244 habet
1457 1235 1467 1249 ‚
1492 1223 1686 1259 nequaquam
1702 1225 1792 1249 errat.

1030 1262 1154 1293 Summa
1167 1258 1211 1292 est
1226 1259 1305 1292 inter
1318 1258 1454 1293 haeretici
1468 1273 1654 1308 conceptum
1672 1267 1704 1297 δέ
1725 1276 1793 1298 rem

1029 1307 1245 1346 consonantia,
1264 1308 1416 1343 discordia
1434 1310 1524 1344 nulla.
1550 1312 1705 1358 Equidem
1719 1313 1800 1347 dum>

1029 1371 1096 1405 quae
1113 1358 1199 1391 novit
1220 1355 1288 1390 falsa
1310 1359 1430 1404 populo
1451 1360 1595 1406 propinat
1613 1373 1672 1407 pro
1690 1364 1769 1396 veris
1782 1388 1792 1402 ,

1029 1406 1212 1454 putidissime
1225 1407 1403 1446 dissimulat,
1424 1421 1516 1455 quam
1530 1421 1636 1443 mente
1651 1412 1729 1445 celat
1743 1425 1795 1445 ve-

1028 1459 1151 1491 ritatem
1165 1480 1175 1496 ,
1201 1460 1233 1489 &
1248 1457 1399 1490 nefarium
1411 1459 1474 1504 agit
1492 1457 1688 1505 hypocritam
1705 1485 1714 1499 ,
1743 1459 1793 1495 sed

1028 1519 1222 1554 nequaquam
1235 1517 1333 1545 errat,
1360 1505 1432 1541 cum
1444 1531 1454 1547 ,
1480 1521 1547 1555 quae
1569 1521 1689 1543 errores
1702 1508 1769 1544 sunt
1780 1535 1791 1550 ‚

1028 1570 1086 1604 pro
1099 1556 1256 1590 erroribus
1270 1555 1391 1590 habear.

1081 1606 1191 1640 Tertia
1210 1606 1300 1639 ratio.
1336 1605 1423 1639 Nulli
1447 1605 1595 1640 haeretico
1615 1607 1790 1644 ascribenda
1805 1619 1893 1646 Tertia.

1028 1657 1198 1702 proprietas
1213 1654 1257 1688 est
1272 1679 1282 1694 ‚
1309 1667 1376 1700 quae
1388 1654 1426 1688 ab
1441 1657 1529 1690 omni
1549 1655 1699 1692 haereseos
1713 1662 1789 1695 nota

1026 1703 1153 1741 absolvit
1172 1704 1398 1744 &Manicheon
1422 1708 1587 1743 eArc'anos,
1607 1709 1788 1744 εἰκασθήσ-

1026 1758 1145 1794 nianos,
1165 1754 1332 1800 Vbrstinm,
1357 1755 1496 1788 socinum
1508 1781 1519 1796 ‚
1545 1759 1705 1792 Servetum
1718 1782 1728 1798 ‚
1754 1763 1788 1793 &

1025 1814 1187 1852 quotquot
1201 1817 1260 1850 pro
1272 1802 1390 1839 summe
1405 1802 1527 1840 nefariis
1540 1805 1690 1842 haereticis
1701 1832 1711 1845 ‚
1736 1808 1789 1843 vel

1008 1855 1010 1857 ’
1025 1853 1119 1888 hodie
1132 1878 1141 1892 ,
1165 1854 1211 1889 vel
1225 1853 1302 1887 olim
1315 1853 1411 1887 habiti
1425 1851 1491 1888 sunt
1505 1869 1513 1889 :
1541 1857 1640 1904 Atqui
1656 1868 1787 1892 contro-

1025 1902 1105 1938 versa
1118 1904 1288 1951 proprietas
1300 1902 1363 1937 hoc
1377 1902 1539 1940 manifeste
1555 1905 1681 1952 praestat.
1713 1910 1787 1942 Ma-

1023 1956 1124 1998 jorem
1138 1951 1396 1987 Remonstrantes
1409 1965 1536 2001 negant:
1551 1967 1621 1989 nam
1635 1969 1700 1990 non
1713 1956 1784 1989 raro

1023 2003 1060 2038 de
1073 2001 1122 2037 sua
1134 2002 1190 2037 fibi
1205 2001 1353 2050 plaudunt
1367 2004 1519 2038 modestia
1530 2028 1539 2043 ,
1553 2009 1584 2039 &
1598 2007 1739 2052 aequitate
1752 2018 1786 2038 a-

1021 2054 1120 2092 nimi,
1145 2052 1239 2087 flocci
1253 2051 1397 2086 facientes
1416 2054 1558 2087 omnium
1577 2054 1781 2088 Ecclesiarum

1022 2102 1194 2149 praejudicia
1204 2126 1211 2137 ‚
1227 2101 1339 2149 quibus
1352 2101 1452 2141 viros,
1467 2113 1499 2136 ut
1513 2105 1615 2147 ajunt,
1630 2105 1785 2138 innocen-

1021 2153 1149 2187 tissimos
1169 2150 1223 2186 sub
1243 2149 1390 2185 haereseos
1404 2163 1548 2198 praetextu
1569 2154 1717 2200 praecipiti
1737 2154 1784 2186 ni-

1022 2203 1079 2236 mis
1093 2202 1212 2236 calculo
1226 2201 1271 2237 vel
1288 2213 1386 2247 nuper
1400 2225 1409 2240 ,
1437 2202 1485 2234 vel
1503 2203 1579 2235 olim
1593 2202 1782 2236 damnfirunt.

1020 2252 1099 2286 Non
1114 2250 1256 2284 obstante
1269 2261 1370 2284 tamen
1388 2253 1469 2285 nova
1485 2248 1620 2296 ipsorum
1634 2251 1784 2285 Theolo-

1021 2301 1071 2346 gia
1087 2322 1096 2335 ,
1119 2299 1212 2332 nobis
1226 2312 1296 2332 cum
1311 2309 1422 2332 caetero
1439 2299 1690 2334 Christianorum
1704 2302 1783 2335 orbe

1021 2349 1149 2381 statuere
1161 2349 1276 2394 placet,
1291 2361 1439 2394 perquam
1452 2361 1541 2382 atrox
1555 2349 1716 2383 absurdum
1724 2349 1782 2383 effe

1020 2396 1192 2430 nebulones
1206 2397 1308 2430 dictos
1325 2410 1360 2428 cx
1373 2396 1588 2430 haercticorum
1605 2399 1709 2432 delere
1731 2412 1783 2432 ca-

1022 2445 1140 2492 talogo.
1179 2446 1275 2479 Certe
1289 2445 1309 2478 si
1322 2448 1449 2478 Admeti
1460 2448 1492 2480 ’δε
1507 2448 1620 2479 Ιῢνῖἐέο
1632 2471 1641 2486 ‚
1669 2449 1722 2494 qni
1736 2449 1783 2482 di-

1021 2495 1123 2529 vinam
1142 2493 1314 2533 essentiam,
1338 2494 1452 2529 finibus
1465 2494 1716 2530 'circumscribunt
1732 2511 1740 2537 3
1760 2497 1781 2531 si

1021 2547 1119 2580 Ario,
1132 2546 1271 2583 Serrano,
1290 2547 1409 2583 Socim,
1432 2545 1485 2592 qui
1499 2544 1627 2579 Christo
1640 2546 1782 2580 divinita-

1020 2605 1084 2628 tem
1103 2590 1263 2634 auferunt3
1289 2595 1342 2640 qui
1356 2596 1407 2640 Sp.
1420 2594 1565 2628 Sanctum
1578 2596 1609 2627 in
1622 2596 1779 2636 accidens,

1020 2644 1051 2676 in
1064 2642 1240 2690 qualitatem
1254 2643 1522 2677 transelementant
1538 2657 1546 2684 ς
1575 2644 1629 2689 qui
1642 2645 1783 2679 Trinita-

1020 2703 1085 2726 tem
1097 2705 1162 2726 non
1176 2692 1274 2727 modo
1287 2704 1470 2740 pernegant,
1484 2690 1533 2726 sed
1547 2692 1676 2728 infandis
1688 2694 1780 2729 etiarn

1022 2741 1213 2789 blasphemiis
1232 2743 1381 2789 pollutam
1399 2743 1599 2783 conculcant3
1625 2742 1688 2777 istis
1701 2743 1721 2777 si
1736 2745 1780 2778 la-

1022 2792 1094 2825 bem
1109 2790 1258 2826 haereseos
1272 2792 1363 2830 eluas,
1377 2805 1442 2825 non
1452 2791 1589 2838 estquod
1602 2793 1647 2827 vel
1659 2794 1690 2826 in
1703 2806 1780 2840 pree·
1796 2807 1799 2810 ·

1022 2841 1132 2880 teritis,
1155 2841 1203 2875 vel
1215 2854 1282 2888 quae
1297 2841 1440 2888 posthoc
1451 2841 1546 2875 fluent
1559 2839 1663 2875 seculis
1677 2845 1780 2890 requi-

1022 2902 1079 2930 ras,
1090 2890 1158 2936 quis
1170 2889 1318 2924 haereseos
1331 2889 1485 2924 infamiam
1495 2903 1731 2926 commereatur.

1075 2940 1186 2974 Minor
1196 2965 1206 2980 ,
1234 2941 1321 2987 quod
1334 2938 1526 2974 controversa
1540 2942 1710 2987 proprietas
1723 2954 1779 2976 eos

1023 3002 1133 3023 omnes
1146 2989 1163 3023 a
1176 2989 1265 3024 dieto
1278 2991 1406 3024 crimine
1420 2987 1567 3029 absolvat,
1581 2990 1620 3024 sic
1633 3002 1724 3037 patet.
1750 2993 1781 3026 Si

1023 3039 1170 3072 Haeretici
1192 3041 1352 3085 proprium
1369 3039 1402 3072 fit
1422 3040 1565 3073 convinci
1577 3040 1610 3073 in
1624 3039 1782 3076 conscien-

1022 3089 1066 3122 tia
1080 3088 1118 3122 de
1137 3085 1260 3121 suorum
1273 3089 1455 3134 dogmatum
1468 3087 1606 3128 falsitate,
1626 3090 1727 3125 dictos
1743 3092 1781 3125 ab

1023 3136 1086 3171 hoc
1100 3137 1228 3171 crimine
1241 3135 1374 3171 absolvas
1386 3137 1503 3172 necesse
1516 3138 1578 3178 est;
1592 3141 1622 3172 ni
1634 3140 1691 3173 tibi
1705 3153 1782 3174 con-

1025 3185 1082 3221 stet
1096 3185 1226 3222 istorum
1241 3188 1358 3221 interna
1372 3188 1409 3220 de
1425 3186 1484 3221 suis
1496 3189 1651 3223 erroribus
1664 3187 1783 3236 persua-
1834 3226 1838 3229 .

1721 3237 1764 3272 sio
1779 3254 1787 3274 ε

1374 3237 1479 3281 Nng
