2048 3343
17 479 20 554 „e„„„e
11 186 20 382 „iffi—sss
19 0 22 112 ᾖ,-

27 2589 157 2629 „Augusti-

27 2644 70 2660 nus
85 2631 116 2659 ab

29 2674 151 2709 Hieron)—

32 2713 141 2748 masida-

33 2754 96 2783 ssus.

426 103 493 132 ET
553 90 1217 136 Cnnouorocrct

181 184 282 209 cornu
300 179 434 218 parvum
448 168 671 212 (Damsaltcm
683 168 842 217 septimo)
855 169 930 201 An-

180 219 305 258 tiochum
317 219 493 268 designari,
511 231 679 266 totamque
692 217 824 252 bestiam
836 227 929 262 quar-

179 283 244 306 tam
257 270 294 304 ad
309 271 460 317 Regnum
474 270 665 303 Romanum
677 268 837 314 applicant
850 289 858 301 ,
878 265 928 296 ni-

176 321 222 355 hil
243 330 351 353 tamen
380 316 561 353 Pontificiis
587 318 619 349 in
645 311 863 350 controversia
888 312 927 346 de

174 366 358 414 Antichristo
369 366 486 413 largiri.
507 364 600 398 Nihil
612 365 698 398 enim
712 363 749 396 ad
763 375 830 396 rem
841 362 924 396 hanc

175 417 255 454 facit
268 429 374 452 utrum
387 411 570 450 eAnn'ochus
579 438 589 453 ,
603 425 642 448 an
653 409 850 457 Antichristus
863 436 872 451 ,
885 424 924 445 an

173 471 247 515 quis
263 468 343 500 alius
361 478 400 499 eo
418 465 482 498 loci
504 462 521 497 d
535 461 695 508 Prophetfi
715 463 923 509 indigitetur:

173 517 304 565 praesens
314 516 398 549 enim
413 515 521 549 omnis
532 511 664 560 quaestio
676 511 719 546 cst
736 511 774 545 de
783 511 926 544 duratio-

172 580 213 600 ne
225 566 313 600 istius
326 565 388 598 Dei
400 563 500 597 bostis
512 587 521 603 ‚
546 560 689 610 quisquis
708 560 840 594 tandem
851 558 923 594 fue-

172 618 224 650 rit.
254 617 346 649 Licet
367 615 454 647 enim
476 614 676 646 evinceretur
703 608 862 644 Danielem
887 608 926 643 de

172 665 246 701 solo
259 660 410 700 Antiocho
423 661 546 709 ubique
556 661 659 709 loqui,
670 664 698 695 ἃ
716 669 836 705 tempus,
849 668 926 691 tem-

169 727 238 763 pora
249 740 257 752 ‚
276 718 309 748 &
322 712 473 747 dimidium
485 712 617 758 tempori}
628 711 656 744 ei
672 707 730 756 soli
742 707 926 746 attribuere,

171 763 344 799 difficultas
361 773 471 797 tamen
482 761 599 794 intaeta
610 769 790 793 remaneret
802 759 833 791 in
846 756 926 790 locis

168 813 428 860 Apocalypticis.
451 811 544 844 Sicut
561 810 649 844 enim
671 807 767 841 Iunius
785 811 815 839 δι’
831 805 925 839 turba

167 853 349 911 sequacium
361 872 481 902 tempus,
491 870 616 904 tempora
626 883 634 897 ‚
647 861 676 891 &
686 855 838 890 dimidium
848 867 926 889 tem-

162 913 241 960 poris
261 910 393 958 diesque
412 914 441 944 &
457 907 579 942 menses
596 932 606 946 ‚
635 908 692 953 qui
705 917 765 939 tres
775 907 923 938 annos&

167 961 310 996 medium
325 957 516 998 conficiunt,
527 955 817 1002 interpretanturin
830 957 922 1000 Apo-

167 1009 284 1057 calypsi
296 1011 334 1043 de
347 1007 461 1042 diebus
475 1032 482 1043 ‚
499 1005 662 1041 mensibus
672 1029 681 1043 ‚
694 1008 724 1038 &
740 1003 833 1036 annis
843 1006 919 1035 Pro-

167 1060 324 1108 pheticis,·
351 1058 405 1092 ubi
419 1052 721 1103 unusquisque·dies
733 1050 921 1086 extenditur

166 1112 201 1144 in
211 1119 331 1143 annum
343 1134 352 1147 ‚
371 1108 414 1141 ita
425 1107 505 1152 quid
518 1117 577 1138 nos
589 1107 624 1137 δέ
636 1103 716 1136 alios
729 1111 851 1135 vetaret
862 1112 919 1134 eo-

168 1159 244 1193 dem
255 1155 491 1192 commentario
504 1155 588 1200 apud
603 1153 760 1185 Danielem
771 1151 816 1183 uti
829 1153 847 1182 ἓ*
867 1159 921 1195 per

167 1219 265 1257 quem
282 1205 473 1239 ascribentes
493 1198 819 1236 RomaniPontificis
831 1197 920 1231 sum-

165 1269 227 1292 mae
238 1252 399 1301 tyrannidi
410 1263 474 1286 tres
486 1264 590 1286 annos
604 1252 633 1284 &
647 1248 818 1283 dimidium
830 1272 839 1288 ,
854 1260 921 1281 non

169 1306 272 1352 magis
285 1316 355 1337 eam
368 1303 450 1336 intra
460 1300 622 1335 cancellos
634 1310 794 1333 annorum
805 1296 920 1331 Astro-

165 1354 376 1389 nomicorum
388 1363 579 1399 cogeremur
590 1350 811 1395 compingere,
824 1345 921 1394 qudm

167 1405 188 1439 ii
201 1405 257 1451 qui
269 1414 378 1449 parem
391 1413 549 1435 annorum
566 1397 695 1432 suorum
709 1395 921 1443 Prophetico-

168 1466 240 1488 rum
252 1464 425 1486 numerum
437 1449 613 1484 extendunt
624 1447 662 1482 ad
673 1446 925 1481 Astronomicos

170 1501 259 1540 mille
270 1501 428 1534 ducentos
438 1498 612 1545 sexaginta.

221 1548 440 1584 Observamus
453 1546 563 1582 tertio.
589 1546 802 1588 Quiexlocis
823 1546 926 1579 citatis

171 1600 224 1634 seu
238 1597 375 1634 Danielis
385 1596 437 1631 seu
450 1601 561 1632 Ioannis
571 1595 773 1631 Antichristo
782 1596 857 1629 dant
869 1608 925 1628 an-

171 1662 231 1686 nos
244 1646 371 1695 praecise
381 1659 445 1682 tres
455 1659 527 1681 cum
538 1646 691 1686 dimidio,
706 1645 737 1680 id
745 1658 800 1679 eos
809 1644 927 1691 absque

171 1700 270 1734 ullius
283 1697 466 1732 commodae
480 1698 611 1730 rationis
622 1694 823 1729 fulcimento
837 1693 926 1729 face-

173 1762 207 1784 re
218 1748 324 1782 videri.
356 1746 458 1792 Qod
471 1744 658 1791 plenissimis
672 1743 782 1777 buccis
796 1754 928 1791 crepant

174 1798 400 1832 auCtoritatem
422 1800 551 1830 Paettum
568 1819 577 1835 ,
602 1794 730 1829 nullum
757 1793 925 1828 cordatum

173 1845 379 1885 dimovebit,
405 1844 482 1892 quid
502 1846 588 1878 enim
607 1844 644 1878 ad
664 1842 760 1879 fidem
781 1843 925 1877 divinam

173 1896 317 1931 humana
330 1898 460 1929 Parrum
475 1895 538 1928 {ine
551 1894 722 1941 Scripturis
734 1893 929 1927 auecoritas?

174 1946 387 1992 Qantillum
407 1944 450 1978 est
468 1945 500 1977 in
516 1944 666 1978 Patribus
679 1942 825 1991 pondus,
848 1942 925 1976 dum

170 1995 422 2042 Prophetiarum
443 1994 588 2028 nondum
609 1993 848 2040 completarum
867 1991 928 2026 ob-

171 2042 259 2078 scura
272 2056 436 2078 conantur
452 2055 612 2084 enarrare,
638 2042 810 2077 secundum
822 2041 927 2088 hypo-

172 2093 277 2128 theses
299 2093 510 2126 traditionum
531 2092 681 2140 quasipfi
693 2090 928 2127 Pontificum,-

171 2141 295 2177 biscum
309 2140 398 2176 falsas
410 2141 612 2176 confitentur
628 2145 640 2175 ?
668 2141 865 2189 Agnoscunt
881 2141 928 2174 illi

175 2205 258 2240 pene
279 2204 394 2226 omnes
415 2196 518 2225 l’atres
530 2191 622 2237 Papiae
640 2189 759 2225 fabulis
777 2189 928 2224 ledutftos

175 2241 277 2276 multa
289 2240 520 2276 Chihastarum
540 2239 663 2275 somnia
682 2238 863 2277 imbibisse,
890 2252 928 2272 ex

178 2291 298 2336 quibus
314 2292 416 2325 multa
436 2295 467 2323 δε
488 2289 527 2323 de
545 2286 659 2324 christi·
679 2293 710 2323 &
731 2285 930 2323 eAniichrtffi

177 2339 299 2384 Regno
316 2341 457 2378 incerta,
484 2335 620 2377 frivola,
649 2342 682 2371 &
695 2336 771 2371 falsa
794 2338 929 2383 relique-

179 2398 278 2428 runt·‚
304 2399 374 2434 quae
385 2387 401 2420 {1
416 2385 541 2432 jesuitis
561 2398 629 2420 non
642 2385 729 2420 secus
740 2397 774 2419 ac
790 2384 807 2418 ὲ
819 2385 932 2418 nostris

179 2436 277 2471 hodie
297 2435 515 2483 repudiantur·
543 2435 622 2468 Non
644 2447 720 2481 ergo
740 2445 801 2467 nos
814 2434 932 2468 debent

177 2489 211 2521 in
223 2485 285 2518 boc
296 2494 494 2532 argumento
514 2487 643 2518 Parrum
654 2484 845 2518 auetoritate
860 2496 933 2529 pre-

178 2548 278 2571 mere.

233 2585 367 2631 Quanta
385 2594 495 2617 autern
507 2595 620 2618 eorum
635 2583 799 2617 temeritas
818 2580 863 2615 est
880 2580 934 2628 qui

185 2633 245 2668 alt&
265 2633 434 2679 supinitate
452 2637 581 2667 Patrum
602 2633 714 2667 omnia
731 2631 848 2665 dietata
865 2629 935 2665 abs-

183 2696 246 2731 que
257 2683 325 2717 ullo
337 2684 485 2716 examine
496 2683 738 2728 ampletffimtur
748 2706 758 2722 ‚
772 2683 804 2715 in
817 2694 848 2715 re
859 2692 935 2726 prae-

182 2733 261 2768 semi
274 2734 414 2779 palpate.
436 2732 615 2781 Augustinus
625 2730 686 2765 lib.
697 2743 755 2765 20.
773 2730 814 2765 de
830 2730 935 2764 Civit-

189 2783 252 2816 Dei
269 2795 338 2828 cap.
359 2793 413 2827 23.
441 2782 556 2828 probat
566 2779 724 2814 Danielem
741 2793 795 2825 pcr
805 2790 935 2826 tempora

189 2830 372 2878 intelligere
389 2829 470 2864 duos
491 2843 594 2864 annos
614 2841 681 2863 non
696 2829 798 2874 plures
811 2851 819 2863 ,
845 2841 882 2861 ex
898 2839 937 2859 co

185 2878 274 2927 qubd
286 2891 391 2914 textus
401 2879 579 2913 Hebraicus
593 2878 767 2925 (intelligit
779 2876 938 2911 Chaldai-

188 2941 258 2963 cam
271 2929 420 2963 Hebraici
433 2930 645 2969 Dialeemm)
676 2940 792 2963 vocem
812 2927 892 2973 legit
905 2926 938 2958 in

190 2990 329 3012 numero
343 2977 425 3011 duali
440 2992 506 3013 non
519 2978 634 3025 plurali
650 2992 658 3011 ε
675 2977 826 3011 dicuntur
836 2976 938 3013 enim,

191 3027 312 3072 inquit,
323 3026 450 3061 Hebraei
461 3038 528 3061 tarn
541 3040 636 3075 quam
648 3027 754 3061 Graeci
765 3038 841 3059 num
848 3037 938 3058 erum

194 3075 314 3110 babere
328 3074 469 3110 dualem.
503 3075 645 3123 lngenud
662 3073 941 3111 reverendissimus

194 3128 289 3159 Pater
305 3124 348 3157 ait
367 3124 518 3166 dicuntur3
545 3137 618 3158 nam
634 3124 698 3171 ipse
715 3125 848 3172 quidem
862 3122 941 3170 quid

193 3172 352 3208 haberent
364 3184 496 3212 autnon
508 3173 663 3211 haberent
674 3175 819 3223 Hebraei,
830 3174 943 3210 omni-

1274 97 1334 137 L1
1355 112 1391 141 B.
1421 99 1448 139 1.
1649 112 1722 148 245

976 167 1020 201 ῃὸ
1038 165 1220 203 nesciebat:
1245 171 1303 203 Sed
1315 170 1378 205 hoc
1390 195 1398 208 ‚
1417 171 1520 206 utalia
1537 172 1568 206 in
1579 170 1727 207 Hebraeis

978 217 1149 267 {iic-ronymo
1170 217 1300 252 istarum
1322 220 1482 254 literarum
1502 220 1727 255 callentiffimo

977 264 1037 298 lide
1049 265 1376 313 implicitficredebat.
1404 271 1547 304 Ludovici
1565 273 1650 306 Vivis
1668 283 1728 304 an·-

974 324 1084 348 notata
1097 315 1233 350 adhunc
1254 317 1363 350 locum
1375 316 1493 365 Jesuita
1504 327 1638 366 coquam
1664 324 1676 361 (
1691 328 1728 353 ut

974 360 1048 396 aliis
1065 361 1141 409 saepe
1159 362 1266 408 solet)
1287 365 1490 400 deterioravit
1503 370 1603 401 multa
1623 370 1728 402 omit-

972 411 1076 446 tendo
1091 435 1101 452 ,
1127 424 1197 459 quae
1217 414 1317 449 habet
1337 416 1449 449 omnia
1472 417 1489 450 εὶ
1509 416 1588 449 Vive
1609 416 1726 463 Jcsuitfi

973 471 1136 495 mutuatur
1146 461 1209 495 fine
1218 465 1337 511 gratiis,
1347 463 1399 498 sed
1410 475 1547 511 uterque
1558 471 1730 500 commen-

973 519 1058 544 tator
1068 508 1201 545 crass'um
1215 513 1302 560 quod
1313 523 1415 560 tango
1426 513 1569 560 sphalma
1580 514 1725 548 transilit.

974 560 1066 611 Vives
1078 560 1208 606 quidem
1223 573 1316 597 notat
1337 574 1461 610 partem
1479 565 1594 599 erroris
1614 566 1729 612 Augu-

966 607 1057 652 stini,
1076 607 1260 657 significans
1270 615 1478 660 Interpretem
1499 615 1647 647 Graecum
1667 615 1728 647 ha-
1751 622 1755 631 ⁸

978 658 1050 691 berc
1062 660 1215 705 pluralem
1228 661 1326 706 naqgaiv
1339 685 1346 697 ‚
1365 675 1433 696 nou
1452 664 1592 697 Dualcm
1604 665 1706 707 nongoiv
1717 687 1728 703 ,

976 704 1026 740 scd
1040 708 1118 755 quid
1131 706 1180 743 hic
1195 709 1324 744 haberet
1345 711 1522 746 Chaldoeus
1539 724 1605 746 non
1618 712 1729 746 docet.

975 758 1009 789 In
1022 769 1054 790 re
1065 756 1132 804 ipsfi
1141 770 1209 793 non
1220 770 1284 793 tam
1296 760 1397 794 miror
1408 761 1592 812 eAuguflini
1601 760 1728 808 simpli-

975 806 1105 840 citatem
1117 811 1172 854 qui
1183 808 1225 842 ab
1238 809 1412 852 Hieronymo
1422 811 1555 857 accepit,
1567 811 1655 857 quod
1665 809 1726 856 ipse

975 867 1043 889 non
1063 856 1190 890 valebat
1211 860 1418 898 examinarc3
1443 857 1539 905 quim
1555 859 1729 904 literonymi

973 916 1041 937 non
1060 904 1165 938 dicam
1189 904 1322 940 falsandi
1344 909 1543 953 propositum
1556 934 1566 950 ,
1582 910 1634 944 {ed
1645 908 1729 943 certe

971 951 1107 986 secutam
1124 955 1223 987 nimis
1237 955 1270 988 in
1282 954 1435 990 dietando
1449 960 1729 1004 praecipitantiam:

972 1001 1102 1036 nullum
1116 1005 1205 1037 enirn
1217 1003 1301 1050 apud
1311 1004 1471 1038 Danielem
1483 1005 1604 1051 estjota
1616 1007 1654 1041 de
1666 1019 1729 1041 nu-

972 1063 1063 1086 mero
1074 1054 1195 1087 Duali:
1215 1064 1279 1087 tam
1293 1055 1380 1087 enim
1405 1053 1600 1089 Chaldaicus
1618 1066 1728 1090 textus

972 1112 1078 1147 cap.7.
1091 1115 1119 1136 v.
1128 1114 1144 1135 z
1153 1113 1166 1148 5
1176 1102 1353 1152 .gnidclaniiz
1363 1113 1420 1140 1'3712
1432 1117 1530 1150 quam
1541 1104 1725 1138 Hebraicus

971 1152 1269 1201 cap.1z.lmognadim
1283 1151 1497 1188 &ven-habent
1516 1153 1622 1188 exerte
1650 1154 1729 1187 Plu·-

970 1201 1070 1233 ralem
1087 1213 1155 1235 non
1171 1202 1328 1235 Dualem.
1354 1202 1385 1234 Si
1396 1204 1466 1248 quis
1475 1203 1730 1247 Hieronymima-

971 1245 1170 1296 nuscriptum
1189 1251 1388 1286 Hebraicum
1408 1250 1425 1286 τὶ
1443 1251 1559 1287 uostris
1574 1249 1731 1299 impreffis

972 1297 1129 1333 diversum
1153 1301 1250 1334 vellet
1270 1298 1395 1347 fingere
1409 1326 1419 1341 ,
1446 1299 1502 1349 qui
1521 1301 1584 1336 hoc
1601 1314 1729 1337 novum

972 1360 1202 1383 commentum
1221 1347 1437 1396 prob'aretur?
1464 1350 1641 1385 Praesertim
1654 1363 1732 1385 cum

973 1401 1130 1444 Interpres
1151 1398 1286 1433 Graecus
1300 1423 1309 1439 ,
1335 1401 1406 1433 imo
1422 1403 1454 1434 δέ
1476 1412 1592 1434 omnes
1610 1400 1730 1439 Latini,

973 1447 1105 1495 ipsaque
1123 1447 1296 1493 Hieronymi
1312 1449 1478 1498 transsatio
1497 1449 1658 1488 Pluralem
1676 1449 1729 1484 hic

973 1495 1084 1532 diserte
1098 1498 1290 1546 exprimant.

1022 1546 1241 1582 Observamus
1253 1546 1371 1596 quarto
1385 1573 1394 1586 ‚
1412 1559 1541 1597 tempus
1561 1551 1659 1584 trium
1675 1558 1730 1582 an-

975 1609 1097 1631 norum
1128 1609 1203 1631 cum
1238 1598 1378 1632 dimidio
1403 1598 1584 1634 Anttchris‘li
1609 1600 1731 1646 Regno

975 1645 1060 1681 male
1071 1646 1225 1693 adaptari,
1249 1647 1270 1680 fi
1284 1659 1425 1682 caeteram
1439 1650 1639 1694 Scripturam
1651 1659 1734 1682 con-

975 1695 1056 1730 sulas
1067 1722 1077 1738 ‚
1096 1709 1150 1730 eos
1162 1697 1312 1743 inprimis
1326 1698 1433 1736 locoe,
1445 1700 1500 1744 qui
1512 1698 1597 1732 diem
1610 1697 1736 1732 adven-

973 1756 1025 1781 tus
1037 1744 1142 1788 christi*
1154 1743 1281 1780 faciunt
1296 1748 1478 1788 occultum,
1492 1748 1650 1782 omnibus
1659 1750 1736 1780 An-

973 1796 1071 1844 gelis‚
1089 1795 1158 1830 ime>
1170 1799 1202 1828 &
1218 1795 1274 1842 ipsi
1289 1795 1428 1831 Christo
1440 1796 1502 1845 qu&
1515 1797 1644 1832 homini
1656 1820 1665 1832 ‚
1676 1808 1737 1830 ne*

976 1845 1054 1879 dum
1069 1847 1137 1878 aliis
1149 1845 1344 1879 mortalibus
1355 1869 1362 1882 ‚
1380 1845 1614 1894 Christumque
1625 1846 1736 1882 venire

976 1894 1182 1939 adjudicium
1196 1895 1438 1940 inexpec‘tatum
1453 1906 1488 1928 ut
1497 1895 1602 1930 furem
1616 1895 1736 1929 noetu:

975 1943 1130 1978 sententia
1142 1955 1249 1978 autem
1262 1956 1360 1991 qnam
1372 1943 1552 1979 resutamus
1560 1945 1666 1987 Christi
1675 1943 1736 1977 ad-

976 2004 1092 2028 ventus
1111 1992 1196 2027 diem
1213 1991 1290 2027 facit
1309 1993 1643 2029 determinatiffimum
1660 2008 1668 2033 3
1697 1996 1735 2026 <Sc

975 2044 1038 2078 toti
1050 2042 1175 2077 mundo
1188 2040 1419 2076 clariffimum:
1444 2055 1480 2076 ut
1491 2045 1632 2090 primum
1644 2045 1732 2076 enirn

977 2095 1157 2140 apparuerit
1171 2088 1390 2126 eAntifhriFlm
1402 2117 1411 2132 ,
1433 2104 1568 2127 numera
1580 2092 1654 2126 inde
1668 2101 1732 2125 tres

977 2154 1081 2177 annos
1093 2145 1124 2176 &
1135 2141 1305 2175 dimidium
1317 2166 1327 2181 ,
1348 2142 1388 2175 de
1399 2141 1517 2189 quibus
1527 2141 1657 2176 Daniel.
1675 2151 1688 2173 1
1698 2152 1732 2173 2.

962 2181 1006 2226 ‘v.
1018 2205 1052 2238 7.
1079 2195 1110 2225 δι
1127 2193 1260 2238 triginta
1280 2190 1408 2236 insuper
1425 2190 1491 2224 dies
1511 2191 1588 2226 vers.
1606 2203 1618 2224 1
1630 2202 1658 2224 ι.
1673 2200 1733 2223 ex-

978 2238 1104 2288 pressos,
1119 2243 1152 2275 &
1166 2241 1308 2287 denique
1322 2239 1391 2274 dies
1407 2240 1620 2288 quadraginta
1632 2239 1737 2286 quim

978 2302 1044 2337 que
1060 2287 1139 2324 vers.
1153 2300 1205 2325 12.
1232 2290 1420 2323 nominatos
1433 2313 1442 2328 ‚
1470 2289 1605 2324 habebis
1624 2287 1738 2336 ipsissi-

980 2352 1072 2373 mum
1085 2339 1240 2373 adventus
1256 2345 1274 2373 ί
1284 2335 1364 2381 bristi
1377 2338 1465 2372 diem
1481 2337 1658 2376 certissime,
1668 2339 1741 2369 cla-

979 2386 1373 2425 riffime‚distin&tislime‚
1390 2388 1566 2421 secundum
1583 2384 1740 2420 Bellarmi-

980 2449 1050 2470 num
1072 2440 1105 2471 δε
1121 2436 1290 2484 plerosque
1303 2434 1495 2470 Pontificios
1512 2449 1520 2469 :
1543 2434 1643 2482 usque
1656 2432 1737 2467 ade&

982 2498 1091 2520 tamen
1104 2485 1194 2520 crassa
1209 2485 1252 2519 est
1269 2485 1334 2519 haec
1346 2486 1516 2530 Scripturis
1527 2487 1644 2531 apertis
1656 2495 1739 2517 con-

982 2534 1147 2572 tradititio,
1162 2545 1272 2567 uttam
1287 2531 1392 2566 Ribera
1403 2534 1434 2565 in
1448 2535 1555 2580 Apoc.
1567 2544 1621 2567 20.
1633 2531 1735 2580 qudm

985 2582 1126 2627 filcasar
1142 2583 1176 2615 in
1200 2593 1253 2615 11.
1275 2593 1346 2615 eam
1367 2582 1537 2628 repudiet3
1562 2581 1732 2616 nobiscum

983 2644 1117 2679 uterque
1127 2631 1248 2666 docens
1259 2631 1410 2678 ignotum
1426 2632 1566 2665 omnino
1582 2631 1735 2666 mortali-

984 2682 1042 2717 bus
1058 2682 1143 2715 diem
1157 2681 1316 2716 Domini,
1333 2680 1480 2727 adeoque
1497 2682 1647 2728 Regnum
1661 2684 1735 2717 An-

983 2728 1100 2774 tichrifli
1111 2741 1176 2764 tam
1190 2742 1288 2775 parvo
1304 2734 1334 2764 &
1348 2730 1499 2763 distincto
1512 2732 1609 2764 trium
1624 2741 1736 2776 *anno-

983 2793 1053 2815 rum
1073 2784 1104 2814 &
1117 2779 1242 2813 dimidii
1258 2778 1357 2826 spatio
1372 2780 1577 2814 determinari
1592 2791 1660 2814 non
1678 2781 1736 2816 de-

986 2830 1071 2864 bere.
1731 2862 1734 2864 ,

1033 2878 1185 2923 Denique
1199 2876 1318 2923 quinto
1338 2875 1570 2917 observamus,
1598 2877 1737 2912 Pontifi—

986 2928 1115 2962 ciorum
1138 2927 1219 2961 hanc
1241 2925 1433 2961 sementiam
1459 2929 1576 2961 caeteris
1593 2927 1737 2974 ipsorum

986 2978 1080 3011 ctiam
1102 2977 1134 3009 in
1148 2975 1212 3010 hoc
1225 2988 1418 3023 argumento
1439 2976 1563 3022 placitis
1583 2989 1650 3011 non
1667 2975 1739 3012 satis

987 3025 1070 3060 belle
1083 3025 1259 3059 consonate
1272 3038 1338 3059 :eas
1350 3028 1438 3059 enim
1452 3023 1625 3064 Antichristo
1635 3027 1741 3061 afflo-

989 3088 1044 3109 nes
1056 3073 1209 3108 ascribere
1224 3073 1326 3108 solent
1341 3098 1350 3112 ,
1370 3087 1439 3119 quae
1458 3075 1536 3108 nulli
1563 3074 1738 3110 hominum

990 3124 1106 3158 utlibet
1121 3122 1138 3157 ὲ
1155 3124 1396 3157 Cacodaemone
1416 3124 1587 3159 fecundato
1601 3126 1740 3172 praestitu

990 3173 1049 3212 siut
1061 3171 1225 3222 possibiles
1237 3196 1248 3215 ,
1268 3173 1389 3220 triplici
1407 3186 1447 3207 eo
1462 3173 1504 3208 de
1515 3187 1583 3223 quo
1597 3175 1743 3222 disputa-

1343 3223 1378 3258 H
1388 3221 1409 3257 h
1434 3236 1451 3270 3
1668 3234 1741 3258 mus
