2048 3343
49 1032 173 1058 Ceraunus

46 1081 82 1103 19·
87 1072 177 1108 finem

46 1111 64 1141 ὃ
72 1112 152 1142 GaHis

47 1161 171 1182 necamur.

0 2031 2 2039 ·
16 2029 20 2069 ἰ
53 2025 166 2053 Imaus

16 2074 19 2102 Ι
48 2073 83 2095 0
91 2062 162 2093 Galli

15 2111 19 2134 l
45 2104 179 2144 perduntur·

15 2142 18 2174 l
49 2144 81 2173 ab
88 2143 177 2184 Apol-

14 2175 18 2214 l
50 2187 105 2215 um.

12 2398 15 2431 i
57 2404 178 2434 Macedo-

12 2456 14 2478 ς
53 2449 97 2474 nia
107 2449 133 2473 in
141 2448 167 2474 G
169 2457 193 2472 0-

11 2491 13 2514 ¹,
54 2495 115 2515 nara
122 2497 172 2514 ma-

11 2525 13 2555 i
57 2539 102 2557 nus
109 2539 136 2556 ea
141 2526 184 2556 dit.

10 2627 12 2630 y
60 2597 166 2634 Pyrrhus

9 2640 12 2654 ⁹
56 2638 117 2675 peni
126 2638 169 2664 ob-

10 2695 11 2699 =
59 2687 127 2707 mun
135 2688 187 2707 ma—

58 2730 91 2748 ru.

456 100 524 130 ετ
583 93 1249 133 Cflitonotoercr

213 184 265 207 nus
277 194 288 212 ‚
313 178 489 215 utrumque
509 166 646 216 puerum
663 169 696 203 in
710 166 820 202 matris
835 165 964 212 gremio

213 217 365 256 confodit
377 242 388 254 ‚
408 229 549 266 eamque
560 217 656 253 bonis
674 215 831 252 omnibus
849 213 963 261 spolia·

211 280 277 304 tam
292 270 325 302 in
338 268 473 302 exilium
486 268 619 314 pepulit.

258 317 404 364 Capellae,
422 319 471 352 vir
479 317 557 350 alias
567 310 800 350 nasutiffimus‘‚
817 311 850 346 in
861 310 965 359 gemi-

208 380 287 403 num
300 366 350 402 bic
363 366 642 401 inciditerrorem:
660 374 733 411 pag.
749 373 836 406 470.
852 361 964 408 Lyfim-

206 418 289 451 dram
300 416 377 452 facit
389 412 548 457 Lysimachi
559 418 708 452 uxorem,
716 423 788 460 quae
798 409 862 445 fuit
874 413 963 459 Aga-

205 464 379 510 thoclisejus
389 462 459 503 filii,
467 467 497 499 δι
509 475 651 511 pag.473
660 489 666 495 .
675 462 903 508 Ceraunumqui
914 461 964 493 so—

204 517 271 551 rori
283 517 412 563 Arfinoe
421 510 697 548 crudeliterillufit
707 535 717 548 ,
732 510 803 545 vult
815 507 963 544 Philadel-

197 562 252 614 phi
261 566 423 599 minorem
437 562 568 598 fratrem
579 574 616 597 ex
628 572 732 596 matre
744 559 892 600 Berenice,
904 563 935 594 &
948 556 965 592 ὲ

203 611 399 659 Philadelpho
407 611 534 648 miffum
547 613 580 646 in
592 612 768 652 Graeciam,
777 622 812 645 ut
820 620 963 643 tutorem

203 668 317 712 ageret
336 661 481 698 filiorum
506 659 683 706 Lyfinuchi,
708 661 765 709 qui
783 671 892 693 tamen
902 656 965 692 fuit

206 717 312 758 major
324 711 418 748 frater
429 714 500 747 Rex
511 710 715 746 Macedoniae
727 733 737 750 ,
750 708 863 743 Seleuci
873 709 966 743 occi-

205 763 270 799 sor.
298 766 360 797 Pro
371 760 475 797 craffis
486 760 573 796 hisce
591 760 802 808 paroramatis
814 759 893 793 citat
904 762 965 792 Ca-

200 812 289 861 pellus
298 812 444 846 qulinum
455 815 485 846 &
498 810 683 858 Pausaniam,
697 807 869 857 Pausaniam
878 820 966 842 non·-

201 863 281 898 dum
294 859 429 909 inspexi,
439 859 492 896 sed
504 860 628 907 Iustinus
638 856 745 906 aperte
756 856 874 904 Capella
886 869 966 892 con-

203 911 335 947 tradicit
348 934 357 946 ‚
388 914 420 946 δι
442 923 503 958 pro
520 909 693 944 communi
713 906 886 953 nostraque
905 906 965 941 stat

207 958 377 997 sententiss·
679 962 682 968 ’

256 1014 402 1044 Ceraunus
421 1018 474 1043 tot
496 1006 669 1043 sceleribus
694 1014 874 1051 coopertus
893 1016 963 1038 non

206 1060 258 1094 diu
267 1059 391 1094 divinas
402 1069 516 1093 manus
527 1054 654 1103 effugit.
679 1051 870 1089 Effuderant
881 1052 914 1089 se
925 1067 964 1088 ex

207 1109 321 1145 Galliis
341 1118 477 1142 centena
499 1106 627 1152 aliquot
646 1101 895 1138 fortissimorum
906 1106 963 1148 ju-

204 1171 323 1195 venum
334 1157 434 1191 millia
449 1169 460 1196 ς
485 1166 599 1189 eorum
615 1164 686 1202 pars
704 1154 737 1187 in
748 1153 874 1187 Italiam
887 1165 962 1187 mo-

202 1219 281 1243 vens
291 1206 375 1252 cepit
384 1205 528 1239 Romam
539 1213 654 1250 praetet
666 1201 876 1248 Capitolium
890 1215 898 1235 :
910 1202 963 1236 alii

200 1259 237 1292 in
249 1257 393 1303 Illyrium
415 1257 449 1288 &
467 1253 542 1288 inde
563 1254 597 1287 in
613 1252 851 1286 Macedoniam
865 1250 964 1287 delati

202 1305 385 1342 offerebant
415 1309 550 1338 Cerauno
575 1313 689 1349 pacem
717 1310 807 1335 certo
835 1302 941 1349 pretio
950 1325 961 1342 ,

202 1354 268 1404 ipse
277 1352 414 1403 superbe
427 1354 526 1388 nimis
536 1351 695 1386 Barbaros
708 1352 831 1395 rejecit,
844 1354 876 1386 δι
885 1363 966 1398 prae-

203 1417 276 1452 ceps
284 1408 348 1440 ruit
360 1405 394 1438 in
412 1404 558 1451 praelium
571 1429 579 1442 ,
595 1401 653 1436 ubi
665 1399 748 1436 caefis
758 1400 839 1449 pene
849 1401 964 1434 omnio

204 1455 265 1490 bus
276 1453 338 1489 suis
348 1451 567 1500 copiis,ipfius
577 1462 674 1499 caput
685 1452 719 1485 in
732 1450 818 1485 hasta
829 1450 868 1485 ad
878 1450 973 1499 ludi-5

202 1503 313 1539 brium
340 1501 355 1537 ὲ
377 1501 480 1537 Gallis
495 1502 723 1537 circumlatum
744 1501 788 1535 est
800 1525 810 1541 ,
830 1504 863 1535 δε
885 1512 963 1535 cum

202 1552 302 1589 frater
323 1551 482 1604 Meleager
507 1553 542 1586 in
575 1550 782 1586 Macedoniae
805 1551 968 1598 Regnum-

202 1601 376 1638 succedens
404 1613 543 1649 reparare
567 1611 741 1636 conaretur
762 1602 939 1635 exercitum
953 1623 963 1640 ‚

203 1650 274 1699 post
286 1664 406 1700 paucos
426 1651 493 1686 dies
509 1653 542 1685 ὅ(
554 1651 619 1698 ipse
632 1649 727 1685 caesus
740 1651 784 1685 est
797 1674 806 1686 ‚
830 1655 965 1698 totaque

204 1701 402 1737 Macedonia
413 1700 590 1735 miserrimc
605 1699 623 1734 εὶ
637 1701 740 1734 Gallis
752 1699 880 1735 vastata.
907 1704 964 1734 So-

195 1748 312 1796 sthenes
322 1750 454 1798 quidam
469 1752 516 1785 vir
533 1751 675 1797 privatus
691 1750 864 1797 aliquoties
880 1749 962 1784 Gal-

203 1800 254 1835 los
267 1814 304 1835 ex
318 1799 513 1834 Macedonia
526 1799 666 1847 repulit;
693 1798 747 1834 sed
760 1797 871 1847 &ipse
883 1811 962 1834 mox

202 1849 344 1884 obrutus
356 1849 553 1884 Macedonas
565 1847 620 1882 sub
635 1848 815 1883 Gallorum
826 1848 963 1896 pedibus

202 1899 352 1947 reliquit,
372 1900 430 1947 qui
449 1912 490 1934 ex
509 1897 545 1933 eti
564 1897 714 1934 servitute
731 1897 811 1948 aegre
829 1899 960 1935 tandem

204 1947 291 1984 hunc
306 1949 345 1983 ad
360 1948 497 1983 modum
511 1946 689 1984 erutisunt.

244 2002 382 2033 >Brennus
397 2011 471 2033 cum
484 2009 617 2033 centum
629 1998 872 2047 quinquaginta
884 1998 961 2032 mil-

190 2047 289 2083 ,libus
323 2048 472 2095 peditum
508 2053 540 2083 &
568 2048 733 2104 sexaginta
752 2058 904 2094 equitum
924 2046 962 2082 ad

206 2097 368 2144 «Apollinis
387 2095 548 2133 thesauros
574 2098 774 2146 diripiendos
799 2095 963 2145 profectus

205 2148 249 2184 est
260 2170 269 2184 ‚
280 2148 330 2184 hic
342 2149 459 2195 partim
473 2146 686 2196 perfulmina‚
700 2149 816 2196 partim
831 2159 885 2195 per
894 2158 963 2181 ter-

206 2204 244 2234 r'ae
257 2208 365 2232 motus
375 2201 405 2232 δι
418 2199 572 2233 locorum
584 2195 894 2232 acceffudifficilium
907 2208 963 2230 cu—

206 2247 313 2282 stodes
324 2246 481 2294 plerisque
497 2249 600 2296 copiis
617 2246 756 2282 concisis
778 2271 788 2286 ‚
824 2245 961 2281 suorum

207 2295 376 2330 vulnerum
390 2296 504 2331 dolore
513 2307 649 2330 vexatus
666 2296 724 2331 suo
740 2296 770 2330 se
785 2295 896 2344 gladio
908 2307 964 2329 ce-

210 2343 300 2379 cidit.
327 2345 481 2379 Maximis
494 2343 580 2379 hisce
593 2346 768 2379 Gallorum
778 2346 881 2390 copiis
893 2356 963 2389 per-

211 2393 286 2427 ditis
307 2396 338 2427 δι
358 2391 418 2426 alia
436 2406 549 2428 eorum
562 2406 660 2428 manu
672 2406 747 2428 cum
770 2391 914 2427 Luthario
931 2394 966 2427 in

212 2442 319 2477 Aliam
332 2440 525 2482 transmissa,
547 2445 718 2493 Antigonus
729 2447 857 2476 Gonatas
875 2452 966 2477 caete-

212 2505 265 2526 ros
274 2505 372 2538 parvo
384 2494 521 2539 negotio
534 2494 631 2536 ejecit
640 2490 893 2527 Macedonissu&
904 2493 969 2526 Re-

211 2545 385 2590 gnumjam
398 2554 536 2576 vacuum
546 2542 610 2576 fine
619 2542 739 2588 aemulo
751 2541 938 2588 occupavit.

262 2590 382 2626 Interea
394 2589 512 2634 Pyrrhus
533 2591 611 2626 dura
622 2603 698 2626 cum
714 2591 873 2625 Romanis
885 2589 972 2624 bella

213 2640 357 2690 gerebat.
385 2639 475 2676 Cum
488 2653 523 2675 ex
538 2641 636 2689 Epiro
648 2642 830 2675 Tarentum
842 2641 971 2684 trajice-

213 2703 260 2726 ret
272 2716 281 2731 ‚
293 2689 380 2725 foeda
397 2691 569 2738 tempestas
588 2689 713 2724 classem
735 2687 825 2725 valde
838 2688 971 2730 afflixit;

214 2741 279 2788 ipse
289 2743 321 2775 in
339 2753 427 2775 mare
437 2739 465 2774 se
478 2742 658 2784 conjiciens
674 2738 847 2774 difficulter
857 2739 971 2773 admo-

216 2791 293 2824 dum
309 2792 342 2824 in
359 2800 475 2824 terram
489 2789 596 2824 evafit.
621 2791 671 2825 Ut
685 2791 826 2836 primum
837 2789 970 2822 Taren-

216 2849 291 2873 tum
300 2843 388 2874 venit
399 2866 407 2880 ‚
431 2839 514 2874 adest
523 2838 635 2874 consul
655 2838 777 2873 Lerinus
793 2836 899 2871 statim
912 2850 970 2884 pu-

219 2898 384 2936 gnaturus,
393 2899 567 2938 antequam
578 2889 617 2923 ad
627 2885 765 2932 Pyrrhum
775 2887 943 2922 auxiliares
955 2885 972 2921 Ξί

218 2939 372 2978 Lucanis,
382 2940 509 2979 Brutiis,
521 2944 550 2974 δι
561 2940 631 2973 aliis
643 2939 745 2986 copiae
755 2948 969 2985 aggregaren-

217 2996 282 3020 tur.
306 2985 535 3035 Magnanimus
551 2990 599 3023 vir
612 2986 754 3023 insuetus
773 2986 970 3021 detrectandi

217 3035 340 3082 praelia,
357 3049 429 3070 curn
444 3036 505 3071 suis
515 3037 588 3072 solis
598 3039 713 3086 copiis,
724 3035 925 3071 tardantibus
938 3041 968 3071 δι

219 3095 370 3118 eventum
387 3098 498 3133 pugna:
510 3088 751 3133 expe&antibus
761 3085 855 3121 sociis
867 3109 876 3122 ‚
891 3098 966 3120 cum

220 3135 383 3168 Romanis
408 3137 573 3170 concurrit
590 3154 602 3176 ς
631 3135 780 3172 acerrime
811 3138 966 3182 utrinque

219 3195 400 3233 pugnaturn
410 3183 453 3220 est
463 3209 474 3227 ,
489 3187 595 3221 neutri
606 3185 662 3223 diu
672 3188 852 3223 inclinante
862 3187 967 3222 vieto-

998 3038 1094 3089 'legas
1114 3038 1333 3073 adulationem
1347 3064 1356 3078 ,
1382 3037 1446 3085 ipse
1466 3038 1495 3072 se
1507 3040 1538 3073 in
1550 3037 1649 3088 longe
1661 3041 1769 3083 majo·

1306 94 1483 138 L11³.I.
1684 110 1758 142 213

1010 164 1078 208 rifig
1103 165 1206 202 donec
1221 166 1407 214 elephantes
1429 169 1507 218 (qui
1529 168 1600 205 tum
1617 171 1764 218 primurn

1011 215 1044 247 in
1055 216 1178 250 ltaliam
1191 215 1320 250 adducti
1333 216 1428 258 sunt)
1446 221 1478 252 in
1491 221 1625 266 primam
1639 222 1766 256 Roma-

1012 274 1129 300 norum
1145 267 1248 300 aciem
1260 264 1392 301 immissi
1406 266 1531 302 insolita
1548 268 1600 303 sus
1619 269 1765 318 specie&

1011 314 1151 347 maximi
1165 315 1218 355 vi,
1238 315 1410 364 odore'que
1420 318 1513 363 equis
1527 318 1659 354 insuetis
1677 321 1767 355 into-

1010 361 1155 401 lerando,
1166 366 1279 398 omnia
1288 366 1514 412 protriverunt
1525 380 1533 398 .-
1544 365 1621 402 hinc
1631 367 1768 404 vifflori‘a*¹

1010 409 1144 455 ‘Pyrrhus
1155 416 1187 446 &
1198 413 1358 448 Romanis
1365 415 1472 450 castris
1484 417 1609 462 potitus
1620 418 1675 452 est.
1696 419 1764 453 Ad·
1782 434 1905 469 Roman„

1011 463 1144 496 miratus
1172 461 1251 496 vero
1269 463 1421 499 caesorum
1455 464 1599 499 hostium
1635 468 1767 503 vulnera
1782 472 1920 510 elephanto-

1009 513 1124 545 omnia
1134 514 1164 545 δι
1180 510 1289 547 casum
1303 513 1448 555 adversa,
1465 525 1613 549 mortuos
1626 514 1767 551 honori-
1783 524 1834 540 rum
1845 521 1886 551 ’μ

1010 557 1070 594 fiee
1088 560 1259 607 sepelivit,
1288 566 1320 597 &
1341 566 1491 612 captivos
1513 564 1768 601 dimisitliberos
1779 557 1904 593 proffigar-

1010 608 1075 644 fine
1086 611 1211 656 preti0,
1227 612 1417 662 legatosque
1432 614 1471 648 de
1490 613 1632 661 benigna
1651 615 1771 651 admo-

1010 658 1088 693 dum
1102 671 1179 707 pace
1191 660 1276 696 misit
1289 662 1326 697 ad
1335 665 1504 705 Senatum,
1516 663 1599 699 nihil
1614 665 1700 700 aliud
1709 679 1772 713 po-

1012 707 1134 743 stulans
1147 709 1244 758 quarn
1257 722 1293 745 ut
1304 713 1505 748 Tarentinos
1518 714 1624 749 vivere
1634 717 1773 762 permit-

1012 768 1118 792 terent
1128 760 1161 793 in
1173 759 1320 796 libertate
1331 766 1361 797 &
1373 775 1460 809 pace.
1490 764 1626 798 Senatus
1636 763 1770 812 pedibus

1013 807 1125 843 abibat
1140 810 1174 843 in
1192 807 1295 857 Pyrrhi
1321 812 1502 858 postulata,
1528 813 1637 848 donec
1654 815 1770 863 Appius
1789 815 1891 843 Nolunt

1012 857 1157 892 Claudius
1168 864 1346 907 caecus,qui
1359 860 1471 897 multis
1481 864 1574 897 annis
1585 876 1623 897 ex
1636 861 1723 898 senio
1736 868 1768 898 &
1786 858 1894 903 Kamani

1012 905 1202 940 infirmitate
1213 907 1306 941 domi
1316 910 1485 945 delituerat
1497 937 1506 950 ‚
1526 915 1560 946 in
1572 914 1691 947 curiam
1711 913 1768 948 ad·
1785 898 1913 925 villacum

1011 955 1131 989 ductus
1142 958 1296 992 oratione
1314 958 1436 1005 prolixa
1451 964 1483 994 &
1502 961 1690 997 vehementi
1710 975 1768 1009 pa·
1785 938 1878 1016 ΕΠΖ,

1011 1017 1084 1040 cem
1093 1017 1230 1041 omnem
1241 1018 1316 1042 curn
1331 1004 1447 1053 Pyrrho,
1468 1011 1625 1056 quamdiu
1639 1012 1671 1044 in
1684 1011 1772 1046 Italia
1870 999 1876 1007 ⁶

1011 1067 1157 1091 maneret
1174 1067 1316 1091 armatus
1329 1081 1337 1094 ‚
1361 1058 1553 1093 diffuafiss'et.·
1591 1061 1672 1093 Pace
1693 1072 1771 1107 ergo

1011 1104 1147 1152 negata,
1168 1103 1291 1150 Pyrrhus
1303 1111 1370 1153 jam
1392 1107 1536 1142 adduffis
1558 1105 1704 1154 plurimis
1731 1122 1772 1144 ex

1009 1156 1101 1190 Italia
1119 1154 1213 1190 sociis
1234 1156 1273 1190 ad
1284 1156 1458 1191 secundum
1473 1159 1618 1205 praelium
1637 1160 1664 1192 {e
1677 1170 1772 1192 com-

1010 1204 1154 1253 paravit:
1180 1206 1213 1240 in
1225 1205 1290 1240 hoc
1301 1208 1400 1241 etiam
1414 1208 1527 1242 vi&or.
1541 1207 1589 1242 sed
1599 1205 1687 1242 tanta
1699 1206 1773 1242 suo-

1010 1266 1083 1288 rum
1100 1253 1222 1303 strage,
1238 1266 1274 1289 ut
1293 1259 1556 1304 pronunciaverit
1571 1259 1702 1292 tertiam
1721 1260 1772 1292 vi-

1010 1305 1147 1339 &oriam
1158 1317 1207 1338 res
1216 1303 1286 1338 suas
1298 1308 1441 1341 omnino
1452 1307 1724 1354 pefl'undaturam.

1059 1353 1186 1388 Interea
1208 1353 1344 1402 aderant
1361 1355 1378 1390 ἓι
1399 1358 1512 1390 Siculis
1531 1366 1676 1392 oratores
1692 1357 1772 1404 sup-
1790 1369 1902 1405 Pyrrhus

1012 1402 1167 1451 plicantes
1208 1415 1323 1440 con-tra
1354 1404 1629 1453 Carthaginenses
1662 1419 1770 1454 opem.
1790 1410 1920 1449 Cartbagi-

1011 1450 1138 1494 Pyrrhus
1155 1454 1326 1489 occasione
1345 1456 1434 1490 laetus
1452 1456 1650 1504 ‘expediendi
1666 1455 1695 1491 se
1712 1456 1772 1491 ho·
1791 1452 1929 1497 ”‚‘”s‘²³Pfl·

1011 1502 1104 1538 nesto
1119 1514 1274 1551 praetextu
1292 1517 1331 1539 ex
1347 1505 1507 1540 Romano
1520 1506 1629 1543 bello,
1657 1507 1771 1541 relieto
1789 1494 1860 1549 ¹¹25*
1870 1497 1915 1521 ‘5⁵'

1010 1553 1148 1588 Tarenti
1162 1553 1314 1602 praefidio
1327 1554 1452 1589 transiit
1465 1557 1498 1590 in
1511 1556 1656 1590 Siciliam
1679 1579 1689 1592 ‚
1714 1554 1773 1590 ubi
1789 1543 1856 1562 (Μ’

1011 1604 1105 1638 variis
1113 1605 1230 1650 praeliis
1239 1603 1515 1653 Carthaginenses
1525 1604 1623 1653 fregit
1633 1609 1663 1639 &
1677 1604 1778 1640 insulsi

1018 1654 1118 1697 ejecit
1128 1677 1140 1694 ‚
1162 1650 1344 1702 secl—tantus
1355 1658 1421 1699 ejus
1439 1656 1473 1688 in
1492 1655 1616 1690 Siculos
1630 1653 1729 1690 fastus
1741 1658 1776 1689 δε

1013 1702 1188 1738 crudelitas
1205 1702 1303 1738 evasit
1321 1727 1330 1741 ,
1360 1715 1397 1738 ut
1413 1705 1586 1751 Syracusae,
1608 1706 1775 1753 Agrigen-

1013 1763 1085 1787 tum
1098 1776 1105 1788 .
1115 1756 1147 1787 δι
1161 1751 1322 1801 pleraeque
1336 1754 1403 1789 aliae
1413 1755 1560 1789 civitates
1568 1766 1683 1789 contra
1694 1766 1772 1788 eum

1012 1801 1234 1849 insurgerent5
1261 1801 1321 1837 hac
1341 1802 1523 1839 rebellione
1541 1813 1658 1839 vexato
1675 1803 1777 1839 adve-

1011 1853 1109 1887 niunt
1130 1849 1146 1885 a
1158 1852 1347 1887 Tarentinis
1368 1856 1400 1888 &
1413 1855 1483 1888 aliis
1494 1855 1580 1888 Italis
1593 1855 1705 1888 nuncii
1717 1855 1776 1901 qui

1011 1901 1154 1937 reditum
1166 1903 1199 1935 in
1210 1902 1338 1937 Italiam
1351 1914 1538 1948 premerent
1548 1928 1557 1944 ‚
1568 1915 1603 1938 ut
1613 1903 1719 1937 socios
1730 1902 1772 1937 ab

1011 1949 1229 1986 imminentia
1241 1953 1407 1987 Romanis
1420 1953 1509 1987 clade
1517 1954 1664 2000 eriperet.
1681 1950 1772 1986 cum

1011 2003 1043 2035 in
1062 2002 1189 2035 Italiam
1211 2002 1345 2035 venisset
1364 2005 1485 2035 Marem
1499 2006 1605 2034 Carnos
1626 2005 1772 2035 Dentatus

1013 2048 1142 2093 Consul
1163 2052 1197 2085 in
1211 2048 1309 2086 tertiz'i
1325 2049 1435 2099 pugna
1462 2058 1537 2085 eum
1561 2047 1649 2085 fudit
1670 2049 1771 2098 fuga-

1012 2103 1138 2147 vitque.
1501 2098 1503 2103 '
1558 2112 1559 2115 ’
1598 2106 1601 2107 ’

1061 2151 1146 2185 Titus
1160 2148 1265 2185 Livius
1277 2150 1378 2197 agitat
1387 2150 1528 2196 eleganti
1541 2148 1745 2196 problemate
1757 2173 1766 2188 ,
1792 2156 1863 2183 Livii
1871 2166 1917 2183 mo

1010 2201 1082 2247 quae
1100 2199 1272 2235 Alexandri
1290 2199 1403 2247 Magni
1420 2198 1553 2232 fortuna
1571 2198 1679 2234 futura
1696 2196 1771 2232 fuis-
1789 2199 1867 2225 mm·

998 2249 1075 2290 set,
1095 2249 1115 2284 fi
1128 2251 1161 2284 in
1172 2249 1296 2284 Italiam
1309 2249 1359 2283 vel
1377 2259 1454 2283 ante
1471 2249 1520 2283 vel
1537 2248 1606 2296 post
1616 2246 1773 2295 subjuga—

1012 2304 1083 2335 tu‘m
1102 2299 1279 2333 Orientem
1293 2294 1431 2332 vertiffet
1445 2310 1551 2337 arma,
1572 2302 1607 2332 δε
1622 2297 1724 2332 nimia
1738 2299 1771 2331 in

1015 2349 1152 2397 patriam
1180 2347 1396 2394 propensione
1422 2348 1583 2381 Romanis
1608 2347 1750 2380 adulatus
1761 2370 1773 2386 ,

1015 2398 1212 2433 determinat
1232 2396 1444 2431 Alexandrum
1462 2408 1531 2429 non
1547 2392 1655 2428 minus
1672 2393 1774 2442 quzim

1016 2444 1156 2490 Pyrrhum
1166 2459 1198 2480 in
1208 2445 1299 2480 ltalia
1313 2443 1553 2480 debellandum.
1575 2443 1722 2495 Rhalegus
1732 2442 1778 2478 sat

1017 2495 1118 2531 solide
1139 2495 1226 2528 Livii
1243 2494 1295 2528 hic
1314 2496 1490 2529 vanitatem
1515 2493 1634 2527 refellit
1654 2519 1663 2532 ‚
1700 2505 1777 2528 nam

1018 2556 1095 2579 cum
1117 2541 1237 2587 Pyrrhus
1256 2546 1291 2576 δε
1306 2540 1463 2575 Hannibal
1476 2543 1650 2576 Romanos
1669 2542 1780 2589 poste-

1019 2594 1094 2628 riori
1107 2593 1214 2627 ieculo
1233 2590 1340 2626 multo
1351 2590 1445 2637 quam
1459 2589 1552 2625 antea
1568 2592 1605 2625 ad
1617 2603 1705 2626 arma
1716 2605 1777 2639 pa-

1020 2644 1153 2678 ratiores
1165 2666 1175 2682 ‚
1193 2645 1222 2675 8<
1237 2643 1332 2675 variis
1345 2639 1489 2675 sublidiis
1502 2640 1665 2676 firmiores
1679 2665 1687 2680 ,
1703 2653 1775 2676 tan·

1020 2700 1092 2726 tum
1102 2704 1170 2726 non
1180 2690 1397 2738 perdiderint,
1413 2704 1480 2738 quo
1500 2693 1594 2738 pacto
1612 2690 1775 2726 sustinuis-

1021 2741 1261 2788 sentimpeturn
1282 2740 1476 2780 Alexandri,
1493 2743 1548 2784 qui
1565 2739 1684 2788 absque
1696 2753 1777 2776 con-

1019 2790 1171 2825 troversia
1196 2801 1261 2824 tam
1289 2788 1489 2824 Hannibalem
1515 2789 1611 2837 quam
1625 2788 1776 2834 ‘Pyrrhum

1021 2838 1096 2874 cum
1109 2840 1233 2873 i'olertiii
1245 2851 1317 2874 tum
1332 2839 1524 2874 fortitudine
1535 2864 1544 2879 ,
1558 2851 1630 2873 tum
1642 2839 1775 2875 fortunz'i

1021 2888 1261 2937 militarilonge
1271 2888 1671 2937 superabat‚ducebatque
1681 2901 1773 2924 exer-

1019 2941 1121 2973 citum
1136 2941 1237 2987 longe
1249 2941 1299 2974 vel
1312 2937 1412 2985 Pyrrhi
1424 2940 1470 2973 vel
1484 2938 1657 2973 Hannibalis
1667 2940 1770 2986 copiis

1018 2989 1233 3036 superiorem?
1254 2989 1317 3023 Sed
1329 3002 1426 3037 quarn
1440 2990 1472 3022 in
1486 2992 1575 3023 Livio
1586 3000 1674 3023 taxat
1688 2986 1768 3022 Rha-
1788 2981 1924 3057 iffolgzzr

1805 3048 1822 3063 Q

1190 3090 1196 3095 -
1226 3091 1232 3096 .
1387 3090 1391 3095 -
1471 3090 1475 3094 .
1630 3090 1635 3096 ,
1745 3090 1750 3095 ,
1788 3074 1887 3092 'rannulfi'

1016 3100 1084 3122 rem
1105 3100 1298 3135 praecipitat.
1322 3090 1410 3131 Quls
1425 3100 1513 3122 enim
1533 3087 1611 3123 ferat
1628 3087 1768 3123 infrum-
1785 3108 1919 3143 refutatum

1015 3149 1081 3172 tarn
1101 3139 1160 3172 viri
1177 3142 1352 3172 vanitatem
1371 3139 1448 3172 inre
1467 3139 1597 3173 militari
1608 3137 1681 3173 suos
1693 3140 1766 3171 An-

1012 3189 1086 3237 glos
1096 3186 1302 3224 anteferentis
1311 3186 1452 3234 utrisque
1468 3186 1516 3223 seu
1525 3189 1696 3224 Romanis,
1709 3185 1764 3219 seu

1359 3238 1392 3272 D
1405 3236 1425 3272 cl
1454 3250 1467 3283 3
1480 3242 1484 3247 “
1654 3237 1764 3270 Mace-
