2048 3343
16 250 18 275 l
46 252 159 293 Consods'-

43 305 83 326 eur
88 300 114 325 in
124 295 158 321 le-

15 357 17 366 l
41 339 78 366 sko
86 340 150 366 Xer·

33 396 36 398 -
44 390 86 407 xes
94 376 124 405 ab

42 416 164 451 Arraba-

487 70 552 98 ET
613 61 1260 100 Cnaouoroercr

197 147 277 172 num
287 134 468 170 violentum
480 146 546 168 erat
559 133 725 170 fatum‚nil
737 144 813 179 ergo
826 132 945 165 mirum

196 183 283 232 stipsi
297 186 344 220 vis
353 185 503 232 eripuerit
515 185 672 218 animam.
691 182 874 216 Satellitum
888 179 945 214 ha—

196 234 296 268 bebat
306 232 431 268 Praese&
438 246 492 267 um
505 231 689 267 Artabanum,
703 230 799 264 &hic
812 227 947 264 consan-

197 285 356 333 guineum
368 280 567 318 Mtthridatem
578 280 761 327 primarium
769 277 946 312 Eunucho-

199 345 271 367 rum
288 357 297 370 ‚
317 332 509 367 intromittit
521 328 696 363 Eunuchus
712 327 897 363 vta-fectum
909 327 947 362 ad

200 383 302 430 Regis
314 379 499 417 leftumdric
513 379 576 413 sine
588 391 679 413 mora
692 377 874 413 stertentem
885 377 946 412 ob-

197 440 342 466 truncat,
367 441 469 478 utque
488 429 526 463 de
545 428 652 463 medio
664 427 755 462 simul
770 441 844 463 cum
861 438 948 475 patre

195 482 321 514 tolleret
330 480 425 514 ctiam
438 478 536 517 filios,
546 477 669 512 accedit
680 477 718 511 ad
731 481 945 516 Artaxerxem,

195 531 224 564 ei
238 527 400 577 significat
418 527 547 563 fratrem
570 531 727 572 majorem
750 529 879 561 Darium
889 537 947 560 ne-

196 578 276 614 cfiffe
287 590 407 624 patrem
422 603 428 615 ,
446 575 541 611 offert
558 575 751 611 adolescenti
768 587 875 610 totum
890 586 946 622 pa-

197 630 254 664 tris
262 624 530 671 satellitium‚quo
542 626 580 660 de
591 626 744 673 parricidzi
753 624 946 672 supplicium

189 677 356 719 =sumeret,
383 677 442 711 hac
455 674 612 711 calumnia
631 674 851 709 inflammatus
862 673 905 709 irfi
916 677 946 707 &

197 728 278 762 odio
288 725 384 761 frater
396 729 502 760 minor
513 726 637 760 involat
648 725 679 758 in
692 727 865 769 majorem,
879 726 944 758 Da-

1318 60 1494 102 L1B.I.
1667 72 1740 101 121

994 134 1049 178 prii
1063 131 1092 168 se
1104 132 1240 173 dedunt3
1252 134 1296 167 ita
1307 132 1495 171 deseruntur
1508 133 1523 170 ὲ
1535 133 1625 170 sociis
1639 135 1743 171 Athe-

995 181 1134 219 nienses,
1163 195 1233 217 non
1251 193 1361 217 tamen
1381 184 1435 230 ipsi
1448 185 1503 218 sibi
1522 184 1652 220 desunt:
1680 185 1742 220 sta-

994 229 1071 265 bant
1092 231 1182 277 supra
1201 230 1387 278 Memphim
1412 231 1554 277 ipsorum
1577 236 1743 275 triremes,

992 278 1065 313 istas
1076 281 1201 315 inutiles
1214 278 1288 315 cum
1302 278 1446 315 fecissent
1460 281 1566 322 Persae,
1578 284 1743 319 desiccan-

993 338 1038 362 tes
1050 331 1080 362 in
1093 343 1158 376 quo
1170 330 1293 364 stabant
1303 331 1395 364 alveo
1407 330 1587 364 incendunt
1601 332 1660 367 suis
1675 345 1743 367 ma-

994 378 1101 418 nibus,
1118 379 1235 425 seipsos
1249 381 1431 424 conjiciunt
1444 381 1476 413 in
1486 379 1599 413 orbem
1616 382 1666 415 ,ad
1679 395 1742 427 pu-

993 439 1090 473 gnam
1110 427 1201 462 simul
1222 431 1255 462 &
1275 438 1416 462 mortem
1430 427 1624 474 paratissimi.
1659 431 1742 462 Bar-

994 478 1059 510 bari
1069 479 1393 524 cogitantes‚quanto
1404 478 1460 513 fibi
1471 477 1622 525 sanguine
1633 476 1744 513 fortis·-

994 526 1147 560 simorum
1168 529 1308 561 virorum
1330 540 1417 562 mors
1445 527 1625 562 constitura
1646 526 1742 567 esset,

995 574 1193 621 paciscuntur
1211 575 1381 624 desperatis
1400 590 1468 612 non
1489 579 1586 613 vitam
1601 578 1745 616 tantum,

994 623 1045 658 sed
1057 628 1087 658 ἃ
1100 624 1262 659 discessum
1275 627 1496 661 liberrimum:
1523 626 1555 660 hi
1568 639 1747 674 magnape-

994 673 1370 710 dibusitinerafacientes
1379 675 1481 712 versus
1490 677 1747 724 Cyrenem‚pcr-

997 725 1132 760 veniunt
1144 726 1327 759 incolumes
1338 726 1483 773 plerique
1495 726 1647 760 domum.

1046 773 1214 808 Benevolo
1230 775 1411 809 admodum
1433 777 1546 809 animo
1565 778 1749 810 Artaxerxes
1766 771 1903 800 «ΛΜΝ-

995 818 1058 854 fuit
1068 834 1142 868 erga
1154 824 1218 856 Dei
1230 824 1401 868 populum,
1412 827 1502 868 cujus
1513 837 1600 858 anno
1612 824 1748 871 septimo
1768 823 1805 838 ³⁶¹⁴
1815 822 1841 838 ἠ
1849 812 1890 837 '¹⁴‘

998 870 1102 917 Esdrms
1113 892 1123 904 ,
1140 874 1171 904 δε
1189 870 1340 905 vicesimo
1353 870 1513 907 Nelnmias
1525 886 1681 908 venerunt
1693 876 1746 906 Su-

11 789 13 794 *
45 790 175 821 trasna.
196 777 269 811 rium
280 774 548 810 Artabamfraude
559 773 709 809 confodit
722 779 946 811 oArtaxerxes,

42 830 178 868 banuspost
199 827 382 861 «Αἰάκεα-ι’
407 826 546 872 denique
573 824 678 857 inhiat
705 821 886 857 eArtabanus
913 835 948 856 o-

42 875 153 902 ,Danum
199 879 324 911 mnium
336 875 494 922 proditor,
509 873 558 907 sed
570 874 645 906 dum
658 870 888 906 adolescentem
902 872 947 904 le-
1769 852 1826 880 ‘³2⁰³
1836 852 1904 878 ὑφ’·

1762 896 1855 932 ganas.

42 964 119 982 ²¹0er
124 977 132 984 0

41 1047 62 1074 R
66 1042 144 1082 alegln'

45 1095 115 1112 error.

41 1383 147 1414 Cimonis

41 1429 136 1456 virtute

35 1471 130 1505 florent

42 1508 169 1539 „Athene

43 913 75 941 ὦ
85 915 176 942 Λ”““
201 928 285 960 viori
300 926 433 960 vulnere
444 922 645 970 perstringit,
658 919 726 968 ipse
735 921 948 966 repercutitur

200 975 311 1009 lethali
324 972 426 1021 plagfi.

250 1024 341 1059 Male
365 1020 508 1072 Rhalegus
525 1028 638 1053 contra
664 1021 820 1052 Veterum
846 1017 946 1052 fidem

202 1072 386 1110 Artabanum
399 1071 484 1104 hunc
495 1069 599 1102 Xerxis
608 1068 822 1106 avunculum,
835 1070 868 1102 &
879 1071 944 1102 Da-

198 1123 235 1157 rii
247 1123 386 1168 lrlystaspis
397 1118 501 1153 filium
514 1127 672 1150 autumat.

200 1194 202 1196 v
250 1175 329 1207 Haec
341 1169 458 1203 cadunt
472 1169 506 1201 in
522 1179 643 1201 annum
657 1165 772 1200 mundi
784 1175 831 1200 ter
842 1165 946 1199 mille-

195 1223 310 1258 fimum
329 1216 627 1268 quingentesimum
646 1215 838 1250 tricesimum
851 1217 947 1263 quin·

195 1284 268 1307 tum
281 1295 289 1307 ‚
304 1280 377 1304 ante
390 1267 557 1301 christum
573 1264 891 1313 quadringentesimo
902 1263 947 1298 sc-

194 1320 361 1366 xagesimo
372 1318 488 1365 quinto
513 1313 686 1350 secundum
697 1322 715 1349 ζ,
725 1314 868 1359 alvzjium.

234 1361 361 1405 'Interest
387 1365 594 1414 praefeceraut
629 1362 843 1398 Athenienses
870 1364 948 1397 mari

196 1418 347 1456 Mandis
358 1419 515 1454 Cimonem,
526 1416 576 1450 hic
588 1414 626 1448 ad
639 1416 784 1461 Cyprum
795 1412 949 1448 Persicam

197 1480 411 1504 trecentarum
440 1467 620 1500 triremium
634 1461 761 1497 classem
788 1462 930 1498 debellat
942 1488 951 1503 ‚

198 1523 288 1563 cujus
298 1517 394 1563 spolia
415 1516 556 1549 Athenas
569 1515 713 1561 implent*
726 1514 860 1560 opibus.
883 1513 950 1546 Eo-

200 1569 273 1603 dem
286 1567 338 1600 die
349 1565 451 1599 Cimon
460 1588 470 1603 ‚
483 1577 556 1598 cum
569 1565 601 1597 in
620 1562 755 1597 navibus
767 1564 866 1610 captis
878 1560 952 1597 suo-

199 1629 273 1653 rum
283 1616 407 1663 aliquot
420 1613 530 1648 scleeta
542 1614 655 1652 millia,
671 1611 731 1646 sub
742 1614 836 1646 armis
849 1617 879 1646 ὅ(
891 1612 951 1646 ha—

199 1667 271 1702 bitu
290 1675 461 1712 captorum
479 1662 648 1697 Persarum,
662 1659 788 1695 misisset
799 1661 837 1695 ad
855 1673 951 1696 terre-

200 1717 294 1752 strem
308 1716 407 1762 Regis
419 1714 592 1747 exercitum
606 1737 613 1749 ,
639 1709 774 1744 istorum
793 1723 891 1757 opera
902 1712 950 1744 vi-

201 1767 340 1800 &coi-iam
363 1762 531 1797 secundam
550 1761 649 1809 priori
661 1759 866 1795 illustriorem
881 1772 953 1796 ante

996 916 1033 951 sis
1041 918 1307 966 Hierosolymam
1319 943 1328 959 ,
1348 918 1404 953 ubi
1418 923 1514 967 regiis
1532 924 1630 969 {teris
1644 928 1672 957 ἃ
1686 922 1748 956 do-

996 968 1045 1000 nis
1056 968 1199 1003 instruffi
1210 993 1218 1008 ,
1240 970 1412 1015 intemplo
1424 971 1611 1003 adornando
1631 975 1661 1005 δι
1675 972 1752 1005 urbe

997 1016 1173 1051 muniendz‘i
1199 1019 1341 1052 multum
1369 1018 1608 1065 insumpserunt
1635 1033 1751 1065 operae.

996 1067 1237 1114 Benignitatem
1253 1067 1335 1102 hanc
1352 1068 1537 1102 Artaxerxis
1555 1069 1665 1101 multis
1683 1082 1752 1102 ma-

995 1115 1131 1162 gnisque
1154 1115 1322 1151 beneficiis
1343 1119 1432 1150 Deus
1453 1118 1691 1156 remuneravit,
1718 1118 1752 1152 in

997 1164 1099 1198 multfi
1114 1177 1191 1213 pace
1204 1167 1241 1199 ad
1260 1164 1457 1211 profundam
1471 1166 1666 1201 sene&utem
1680 1179 1753 1214 per-

997 1217 1098 1249 venit.
1127 1219 1210 1259 Quae
1222 1216 1261 1249 de
1278 1214 1616 1265 Megalnfirebellione
1627 1220 1656 1250 δε
1669 1228 1752 1264 prae-

978 1272 979 1275 ’
995 1266 1042 1299 liis
1052 1266 1165 1299 recitat
1173 1278 1211 1300 ex
1221 1264 1315 1310 Ctesias
1325 1262 1470 1312 Ufherim‚
1480 1263 1555 1300 cum
1573 1266 1624 1300 alii
1637 1266 1753 1299 aufto-

997 1327 1044 1348 res
1057 1326 1264 1361 praetereant‚
1285 1314 1365 1350 mihi
1378 1314 1492 1351 fabulae
1503 1316 1603 1362 quam
1621 1328 1698 1351 vero
1711 1314 1754 1350 si-

1001 1365 1130 1399 miliora
1140 1365 1300 1401 videntur.

1049 1415 1139 1448 Cum
1171 1415 1294 1449 Gtaecis
1313 1413 1472 1450 summam
1499 1427 1609 1463 pacem
1630 1415 1755 1450 coluit,
1775 1412 1870 1479 ἔφη

1788 1461 1865 1478 rraesn

999 1463 1132 1498 Ionibus
1146 1464 1299 1499 &bertate
1322 1463 1488 1506 concessa,
1514 1478 1626 1500 verum
1651 1465 1753 1499 Graeci

1000 1513 1101 1547 aversa
1118 1513 1135 1547 a
1147 1514 1243 1549 Persis
1256 1527 1342 1549 arma
1358 1516 1391 1548 in
1409 1514 1439 1548 se
1452 1513 1570 1549 mutuo
1588 1525 1755 1548 converte—

1001 1573 1086 1597 runt.
1112 1562 1289 1610 Postquam
1302 1570 1326 1598 C
1330 1577 1452 1598 tmonem
1463 1563 1613 1598 Miltiadis
1635 1562 1760 1597 Pericles

1000 1613 1037 1647 de
1057 1612 1167 1646 medio
1187 1612 1375 1654 sustulisset,
1404 1612 1652 1647 Atheniensium
1682 1626 1759 1647 cum

1002 1661 1258 1697 Lacedaemoniis
1270 1662 1355 1710 pene
1374 1660 1516 1696 οἵσπονᾶον
1527 1661 1651 1697 bellum
1665 1662 1758 1696 Grae-

1001 1725 1059 1746 cos
1071 1725 1188 1747 omnes
1201 1714 1233 1746 in
1247 1724 1353 1759 partes
1372 1713 1487 1749 traxit,
1514 1711 1621 1746 donec
1634 1713 1757 1746 mutuis

1004 1762 1191 1798 vulneribus
1202 1762 1396 1796 tantundem
1408 1759 1480 1795 sunt
1488 1759 1648 1796 confesti.

201 1811 542 1859 lucem-consequitur.
1048 1810 1361 1858 Peloponnesiacum
1383 1811 1504 1845 bellum
1519 1833 1529 1850 ‚
1550 1823 1618 1858 quo
1629 1808 1756 1844 nullum
1778 1820 1908 1858 Pelopone-

48 1883 171 1917 spmmae
251 1861 341 1898 Cum
355 1863 387 1896 in
403 1860 558 1896 omnibus
578 1858 836 1907 benignissimam
856 1857 952 1895 senti-
1001 1861 1125 1895 Graecis
1145 1861 1228 1894 inter
1247 1859 1275 1894 se
1295 1864 1396 1905 majus
1407 1858 1469 1893 fuit
1482 1884 1492 1900 ‚
1522 1860 1642 1894 accidit
1664 1861 1754 1893 annis
1774 1860 1865 1895 fimum

47 1922 146 1957 miseriae.
199 1924 270 1949 rent
283 1909 492 1946 Athenienses
506 1921 614 1944 auram
628 1909 952 1949 fortunae‚ibatc0n-
1003 1910 1072 1957 post
1094 1909 1255 1944 Persicum
1276 1910 1513 1957 quinquaginta
1537 1922 1545 1942 ε
1573 1909 1668 1943 habet
1687 1905 1756 1941 fure*
1777 1903 1900 1929 bessum&

50 2466 90 2493 Di
88 2464 165 2501 fficile

52 2505 132 2541 Persis
140 2516 166 2532 :n

52 2547 161 2586 AEw‘o

53 2600 104 2615 rum
113 2600 168 2617 st·-

47 2628 180 2659 'tinniensi-

57 2668 99 2696 ἕως
107 2668 156 2695 bel-

61 2710 120 2738 lum.

199 1962 246 1998 tra
258 1962 376 2009 pessum
390 1963 541 2007 Spartana
552 1971 598 1993 res
611 1984 618 1996 ,
645 1959 719 1993 urbs
732 1957 795 2006 ipsa
806 1960 969 1994 Lacedae-'

198 2025 281 2047 mon
304 2009 466 2045 horrendo
483 2009 566 2044 adeo
586 2019 674 2043 terrae
692 2020 785 2043 motu
804 2006 953 2043 concussa

199 2060 263 2097 est,
288 2071 324 2094 ut
343 2062 376 2094 in
393 2061 493 2093 ruinis
511 2058 626 2093 aedium
649 2068 761 2105 praeter
771 2057 859 2092 bona
869 2060 952 2103 peri-

199 2121 272 2146 rent
283 2109 460 2144 hominum
473 2107 564 2154 supra
574 2108 691 2155 viginti
712 2108 824 2141 millia.
854 2109 954 2143 Hanc

199 2159 216 2194 ὲ
234 2171 329 2206 tergo
349 2159 472 2193 cladem
501 2156 670 2205 sequutum
690 2156 733 2190 est
746 2156 862 2190 servile
881 2158 953 2191 bel-

200 2211 293 2243 lum:
314 2208 427 2243 Helotae
436 2206 594 2241 durissima
607 2204 758 2240 servitute
771 2205 862 2252 preffi
874 2219 952 2240 con-

202 2269 252 2293 tra
267 2257 418 2292 dominos
432 2260 495 2305 jam
504 2255 641 2290 afflictos
659 2255 851 2302 insurgun15
877 2253 954 2290 iisse

205 2309 344 2352 jungunt
357 2307 501 2340 Messenii
514 2330 524 2344 ,
545 2307 696 2351 variaque
706 2317 780 2338 cum
793 2306 956 2350 Spartanis

205 2353 337 2389 fortunii
349 2354 535 2400 depugnant
545 2377 554 2390 ‚
567 2366 623 2389 nec
637 2365 709 2387 ante
722 2353 882 2388 decimum
896 2367 955 2389 an-

206 2416 287 2438 num
297 2402 514 2436 debellantur.

255 2454 478 2487 eArtaxem-em
499 2453 531 2484 in
547 2451 658 2498 primis
675 2451 787 2498 Regni
810 2450 957 2496 auspiciis

208 2504 333 2549 excepit
355 2501 490 2535 rebellio
502 2501 691 2546 AEgyptiaca
703 2523 712 2539 ,
737 2501 816 2534 levis
834 2500 886 2532 ille
898 2512 959 2546 po-

213 2553 309 2598 pulus
321 2575 329 2590 ,
340 2551 418 2584 dum
431 2550 578 2597 proditor
591 2547 762 2582 Artabanm
770 2548 960 2596 grassaretur

211 2604 244 2635 in
258 2602 379 2648 regiam
398 2600 534 2634 domum
549 2606 561 2638 ζ
579 2596 635 2632 sibi
653 2597 784 2644 sumpsit
800 2601 832 2631 in
850 2611 959 2644 regem

209 2653 326 2685 Inurum
336 2662 454 2697 genere
466 2648 565 2695 Libya
580 2661 588 2685 3
614 2648 744 2695 pellexit
755 2648 810 2681 ille
821 2647 859 2681 ad
877 2648 905 2680 se
922 2660 960 2680 ex

211 2699 315 2735 vicina
349 2699 461 2744 Cypro
497 2697 623 2744 magnis
662 2695 961 2742 pollicitationibus

212 2748 445 2787 Athenienses,
465 2757 607 2792 quotum
620 2744 716 2790 opera
733 2744 816 2779 fudit
833 2747 963 2792 aliquo-

212 2799 274 2832 ties
293 2798 469 2832 Artaxerxis
486 2796 613 2842 copias,
637 2793 720 2827 misit
733 2794 965 2828 Lacedaemona

215 2847 285 2880 Rex
299 2849 480 2897 Megalnfitm
490 2846 631 2892 plurimo
642 2855 774 2891 gravem
787 2856 866 2877 auro
876 2868 886 2883 ‚
907 2844 962 2890 qui

218 2893 357 2929 suaderet
376 2896 534 2943 Spartanis
553 2892 854 2927 Atticaminvadere
867 2917 875 2932 ,
897 2891 965 2940 quo

221 2943 262 2977 sic
282 2956 319 2977 ex
334 2947 473 2990 AEgypto
496 2953 730 2978 revocarentur
741 2942 966 2978 Athenienses,

1004 1960 1150 1994 Diodorus
1171 1961 1353 2004 complures
1371 1959 1564 1993 Graecorum
1585 1957 1756 1992 intestinos

1003 2020 1111 2044 motus
1125 2033 1133 2047 ,
1159 2010 1215 2055 qui
1233 2010 1265 2042 in
1276 2008 1360 2042 hanc
1373 2008 1501 2042 tandem
1514 2005 1645 2054 eruptire
1661 2005 1757 2040 flam-

1000 2072 1106 2098 mam3
1125 2058 1309 2092 istosetiam
1329 2070 1445 2091 omnes
1457 2058 1590 2104 attingit
1600 2067 1759 2104 perquam

1001 2107 1183 2144 brevissime
1196 2103 1373 2151 Thucydides
1385 2131 1394 2146 ,
1421 2119 1483 2141 nos
1495 2117 1604 2140 tamen
1617 2106 1760 2140 intactos

1001 2158 1195 2193 transilimus
1216 2167 1252 2190 ut
1273 2157 1407 2190 minoris
1427 2156 1588 2190 momenti
1610 2155 1740 2202 negotia
1754 2177 1765 2194 ‚

1003 2209 1108 2243 statim
1121 2207 1162 2241 ad
1175 2209 1217 2240 rei
1231 2216 1326 2252 caput
1345 2218 1403 2239 nos
1422 2204 1642 2240 conferentes.
1668 2207 1703 2238 ln
1715 2204 1761 2237 se·-

1001 2257 1177 2307 quentibus
1187 2267 1327 2303 premem
1335 2268 1368 2289 us
1381 2254 1652 2299 uniusThucydtdis
1663 2253 1761 2287 vesti-

1004 2310 1069 2357 gia,
1086 2317 1286 2356 quanquam,
1300 2304 1390 2351 quod
1403 2317 1465 2338 nos
1475 2303 1573 2339 habet
1587 2303 1679 2342 male,
1690 2314 1764 2349 gra-

1005 2356 1167 2393 viffimum
1192 2357 1277 2388 hunc
1311 2354 1540 2388 historicorum
1570 2355 1761 2386 Graecorurn

1005 2405 1084 2454 passa
1097 2417 1164 2440 non
1175 2403 1245 2438 sunt
1272 2401 1336 2437 fata
1348 2402 1600 2451 aliquammulto
1620 2402 1674 2437 viae
1692 2399 1762 2446 spa-

1006 2459 1053 2491 tio
1067 2467 1126 2489 nos
1138 2454 1299 2488 comitari.

1054 2505 1208 2537 Honores
1219 2512 1342 2534 mutare
1361 2499 1468 2533 solent
1480 2511 1584 2532 mores
1604 2498 1636 2532 in
1650 2500 1739 2544 pejus
1749 2520 1761 2537 ,

1006 2549 1220 2585 Athenienses
1232 2549 1288 2595 qui
1300 2547 1328 2582 se
1342 2549 1374 2581 in
1388 2547 1492 2582 socios
1507 2573 1514 2585 ‚
1536 2546 1762 2595 reliquamque

1008 2601 1171 2635 Graeciam
1184 2600 1280 2632 initio
1293 2596 1453 2644 gesserunt
1470 2595 1664 2644 aequiffime‚
1682 2608 1762 2630 mox

1007 2649 1045 2683 ad
1059 2648 1176 2683 fastum
1189 2658 1358 2694 vergentes
1371 2648 1540 2694 occipiunt
1552 2646 1718 2680 crudeliter
1729 2649 1763 2680 &

1010 2698 1101 2732 avare
1121 2699 1282 2732 dominari
1299 2720 1309 2733 ‚
1337 2701 1367 2730 ὃ(
1380 2697 1412 2730 in
1428 2698 1580 2743 reliquam
1603 2697 1762 2730 Graeciam

1012 2747 1158 2781 affmstare
1171 2748 1408 2794 principatum.
1431 2747 1532 2779 Multi
1547 2744 1691 2791 ipsorum
1702 2747 1766 2778 im-

1013 2808 1125 2844 petum
1151 2794 1364 2829 i‘ufflaminare
1399 2796 1507 2829 conati
1543 2793 1616 2828 sunt
1631 2793 1763 2833 frustra,

1013 2859 1087 2880 nam
1107 2847 1134 2879 ei
1161 2846 1251 2892 operi
1275 2857 1376 2879 nemo
1398 2844 1526 2891 fuitpar
1545 2867 1555 2883 ,
1589 2848 1764 2891 antequam

1014 2893 1270 2929 Corinthiorum
1290 2894 1376 2929 suasu
1390 2895 1466 2928 idin
1490 2906 1602 2928 manus
1617 2890 1764 2938 sumplis-

1013 2945 1079 2978 sent
1092 2945 1246 2990 Spartani.

1776 1946 1799 1970 Τ
1799 1942 1835 1970 hm
1836 1943 1883 1981 ydi
1886 1958 1896 1964 -

1060 2995 1225 3028 Duxerant
1234 2994 1315 3028 olim
1327 2991 1495 3026 Corinthii
1505 2992 1666 3026 coloniam
1674 2991 1757 3025 Cor·
1781 2992 1919 3021 Corinthia-

1012 3055 1131 3088 cyram,
1141 3047 1172 3077 δε
1187 3041 1400 3089 Corcyrenses
1413 3041 1630 3088 Epidamnum
1644 3044 1677 3075 in·
1688 3041 1760 3086 llly-
1780 3046 1831 3061 mm
1842 3036 1902 3083 (ἵν-

1013 3094 1071 3127 rici
1084 3091 1138 3126 orzi
1151 3116 1160 3131 ,
1187 3091 1261 3126 crim
1277 3095 1359 3125 inter
1372 3092 1590 3138 Corcyram&
1605 3091 1756 3137 lipidam·
1781 3083 1880 3112 ‘3⁸²⁰'

1276 3143 1280 3147 ,
1309 3140 1314 3144 ,
1623 3143 1627 3147 ,
1738 3140 1742 3145 ,
1782 3116 1914 3153 Eptdamm'

1013 3154 1094 3178 num
1109 3153 1219 3179 ortum
1237 3140 1341 3177 fulsset
1358 3140 1482 3175 bellum
1503 3141 1542 3177 de
1558 3139 1760 3177 restituendis
1780 3158 1886 3185 colunne.

1408 3191 1457 3236 Q
1679 3200 1757 3223 exu-

219 2991 271 3025 scd
284 2982 381 3026 nullas
394 2994 532 3028 Barbare
555 2992 689 3039 praebuit
710 3004 798 3026 aures
818 2994 964 3040 princeps

221 3042 410 3075 Graecorum
423 3044 547 3077 civitas.
565 3043 637 3075 Hac
647 3043 747 3089 igitur
758 3041 811 3088 spe
824 3043 894 3076 Rex
905 3039 964 3074 fal-

218 3088 268 3123 sus
279 3090 307 3123 sc
319 3092 478 3124 convertit
489 3093 525 3124 ad
537 3103 626 3124 veras
638 3093 730 3131 vires,
741 3091 812 3125 duci
821 3091 914 3134 jubet
926 3090 964 3124 ad

217 3140 333 3174 Nilum
350 3141 522 3175 exercitum
538 3141 736 3186 maximum,
750 3142 850 3178 territi
866 3144 963 3189 AEgy-
