2048 3343
30 310 112 346 'Imm'
123 324 163 342 m-

32 359 108 384 riones
116 354 165 391 sol-

30 404 138 424 vunmr.

46 2638 162 2662 Irenaeum

49 2674 170 2700 Barom'us

41 2713 141 2750 frustm
155 2722 200 2740 ex-

50 2753 125 2790 tuſsit.

446 143 524 169 ET
583 129 958 169 Cnnonor„

199 200 270 235 daeae
280 209 345 233 non
359 198 435 232 ultra
446 210 544 232 annos
557 197 722 232 duodecim
730 221 741 237 ,
759 207 816 230 nec
829 193 960 241 impera-

199 250 242 285 vit
257 248 392 282 Uberius
404 248 479 282 ultra
492 247 600 295 viginti
612 257 684 281 tres.

249 299 402 332 Rationes
415 310 488 345 quas
503 309 561 343 pro
574 293 602 329 se
614 298 733 329 Jrenaeus
744 290 842 328 adfert
854 290 956 326 omni-

202 347 246 381 no
261 360 326 381 non
339 345 405 381 sunt
417 345 528 381 validm.
544 345 655 379 Prima.
669 345 717 377 Ex
728 354 768 376 eo
779 341 958 388 quoddixe-

202 396 368 444 rintJudaei
377 397 469 442 Joan.
479 396 508 428 8.
521 406 569 439 57.
588 392 742 425 Nondum
749 390 957 438 quinquagin-

201 457 231 480 ta
243 458 339 480 anuos
351 444 445 478 habes
453 468 463 483 ,
482 441 616 491 sequitur
628 439 788 476 Christum
801 451 868 475 tum
879 450 956 474 tem-

200 496 285 542 poris
303 494 514 541 propinquum
533 489 620 525 fuisse
638 491 724 524 annis
750 490 958 538 quinquagin—

200 556 240 578 ta.
254 542 346 591 Resp.
362 544 409 578 Ex
416 543 472 577 hac
482 542 562 590 vulgi
576 539 782 588 suppositione
795 539 958 575 Christum

199 594 341 628 nondum
360 591 489 641 attigisse
517 603 630 625 annum
653 588 959 638 quinquagesimum,

200 642 277 677 nihil
295 642 428 691 sequitur
442 643 481 676 de
500 641 729 688 propinquitate
746 640 793 674 vel
812 638 849 673 ad
867 638 958 686 quin-

199 692 408 740 quagesimum
421 692 468 725 vel
481 691 517 724 ad
531 688 793 738 quadragesimum
802 712 811 727 ,
830 686 880 722 sed
892 698 959 721 tan-

197 742 264 776 tum
278 743 376 776 virum
390 740 475 775 fuisse
486 753 552 773 uon
564 739 718 786 proveeta?
731 738 842 777 aetatis,
856 748 961 771 utma-

199 793 245 840 gis
266 802 421 838 appareret
443 788 626 829 absurdum,
657 787 746 835 quod
759 785 958 822 «Abrahamo

199 842 228 875 se
242 843 378 888 priorem
392 838 599 874 affirmaverit.

247 891 421 925 Secundum
438 891 535 922 Irenaei
559 897 785 935 argumentum.
818 885 902 934 Jesus
921 898 959 919 o-

199 952 304 974 mnem
319 938 513 974 sanetificavit
527 949 662 975 aetatcm‚
685 937 862 976 infantiam,
886 948 959 982 pue-

199 989 316 1025 ritiam,
337 992 543 1034 juventutem,
563 986 716 1021 senectam
729 1011 738 1025 ‚
764 987 853 1033 Ergo
867 986 959 1033 quin-

199 1039 409 1087 quagesimum
417 1050 529 1072 annum
537 1062 546 1077 ‚
560 1037 575 1071 a
588 1049 654 1084 quo
667 1033 786 1069 senetsta
800 1036 918 1081 incipit,
931 1034 956 1067 i-

198 1088 248 1135 pse
262 1090 371 1137 attigit.
393 1086 487 1133 Resp.
513 1087 614 1121 Multa
627 1084 769 1120 Christus
789 1083 958 1118 sanetifica-

198 1140 242 1173 vit
255 1152 322 1186 qnae
336 1137 390 1186 ipsi
403 1139 434 1172 in
449 1135 499 1171 sua
512 1134 640 1183 persona
649 1147 806 1182 nunquam
819 1133 957 1180 contige-

198 1200 400 1228 runt‚omncs
414 1186 556 1225 morbos,
571 1183 687 1224 febres,
702 1185 814 1230 lepras,
827 1194 959 1229 puerpe-

199 1239 260 1277 ria,
282 1237 432 1285 phrhises,
457 1234 623 1282 pleureses,
642 1233 814 1280 hydropes,
834 1236 865 1266 &
880 1232 956 1264 alios

199 1287 437 1321 innumerabiles
451 1285 507 1319 suis
526 1282 740 1321 sanetificavit,
753 1294 848 1315 omne
863 1292 960 1329 genus

198 1337 266 1370 vitae
280 1337 337 1383 piis
354 1348 407 1382 per
422 1334 584 1370 Christum
599 1331 820 1370 sanetificatur‚
845 1342 960 1364 merca-

199 1397 281 1423 tura,
301 1386 424 1420 militia,
447 1394 526 1417 artes
541 1394 651 1415 omnes
665 1381 804 1415 liberales
819 1384 850 1415 &
864 1379 961 1413 illibe-

201 1435 275 1470 rales
291 1460 301 1475 ,
333 1447 407 1482 quas
426 1445 530 1467 tamen
549 1429 694 1466 Christus
714 1432 746 1464 in
765 1429 814 1464 sua
832 1427 962 1477 persona

201 1497 359 1531 nunquam
371 1483 514 1518 exercuit.

248 1535 395 1568 Tertium
414 1539 640 1579 argumentum.
660 1527 804 1563 Christus
816 1529 883 1572 jure
895 1539 962 1561 me-

201 1585 263 1618 rito
278 1583 316 1617 ab
330 1581 478 1616 omnibus
492 1579 601 1613 Rabbi
614 1583 645 1612 &
662 1577 811 1625 Magister
827 1575 871 1610 est
883 1589 961 1610 nun-

201 1644 345 1680 cuparus;
366 1635 452 1678 Ergo
465 1627 602 1677 magistri
617 1627 725 1661 habuit
738 1637 876 1666 aetatem,
893 1636 962 1660 aetas

200 1694 301 1718 autem
310 1680 451 1728 Magistri
461 1690 524 1713 erat
532 1689 626 1711 annus
636 1676 905 1724 quinquagesimus
911 1686 962 1710 aut

201 1730 457 1781 quadragesimus.
484 1725 578 1774 Resp.
607 1728 657 1760 Ad
671 1726 817 1760 ordinarii
830 1726 973 1760 Do&o-‘

202 1784 243 1817 ris
257 1783 389 1820 Levitae,
403 1793 437 1814 ac
445 1776 620 1813 Sacerdotis
628 1788 739 1810 munus
747 1776 961 1823 exequendum

202 1844 269 1867 non
282 1832 383 1878 plures
396 1841 489 1877 quam
512 1827 637 1875 triginta
654 1838 752 1860 annos
765 1827 812 1859 lex
826 1826 962 1873 require—

202 1882 269 1916 bat:
291 1881 327 1914 ad
340 1879 524 1927 prophetam
537 1877 589 1924 qui
599 1886 681 1909 extra
692 1876 835 1909 ordinem
843 1876 878 1909 ad
890 1876 964 1909 Do-

204 1930 303 1966 &oris
314 1935 344 1966 &
358 1927 499 1977 Magistri
519 1939 629 1961 munus
643 1925 826 1966 vocabatur,
845 1925 963 1960 nullum

205 1992 329 2026 tempus
342 1990 461 2014 certum
474 1977 570 2011 fixum
584 1975 651 2010 fuit.

257 2033 426 2076 Qartum.
450 2028 518 2062 Viri
537 2024 714 2073 Apostolici
732 2026 786 2072 qui
798 2037 870 2060 cum
881 2028 965 2060 Ioan-

209 2092 245 2113 ne
263 2084 294 2114 &
315 2080 379 2113 aliis
409 2076 574 2125 Apostolis
606 2074 773 2110 conversati
802 2073 869 2110 sunt
898 2086 965 2110 tan-

208 2140 271 2163 tam
307 2127 427 2163 Christi
460 2137 579 2162 aetatem
598 2125 831 2173 perhibuerunt.
872 2124 963 2172 Resp.

209 2180 351 2212 Fatemur
382 2180 527 2210 Irenaeum
551 2188 623 2210 cum
649 2177 799 2225 Polz'carpo
829 2175 965 2223 aliquan-

210 2227 305 2274 diuin
325 2231 482 2273 juventute
506 2224 655 2260 versatum
674 2249 683 2264 ,
711 2229 743 2259 &
775 2226 892 2258 Policar
913 2237 967 2257 nm

210 2290 281 2311 cum
313 2277 422 2324 Joanne
450 2274 619 2322 Apostolo.
669 2274 729 2307 Sed
747 2283 780 2306 ut
803 2275 849 2306 vel
895 2286 965 2305 oan-

209 2339 258 2359 nes
282 2326 328 2359 vel
357 2327 529 2371 Policarpus
542 2347 550 2358 ‚
575 2325 622 2356 vel
642 2321 802 2367 quisquam
827 2323 901 2355 alius
922 2322 968 2356 vir

210 2373 413 2421 Apostolicus
427 2397 437 2412 ,
469 2373 548 2405 illius
563 2371 734 2405 traditionis
755 2370 864 2402 auetor
877 2368 968 2402 fuerit

210 2437 277 2458 non
286 2422 330 2457 cst
344 2421 589 2460 concedendum,
599 2419 652 2453 nisi
664 2417 785 2452 fortaffe
798 2420 906 2466 Papias
919 2429 970 2452 aut

213 2473 316 2507 similis
330 2472 398 2519 quis
412 2471 527 2519 ingenii
551 2469 743 2515 simplicioris
762 2468 807 2502 vir
820 2469 971 2515 intelliga-

214 2534 264 2557 tur
275 2547 285 2561 ‚
306 2522 342 2556 ad
356 2520 471 2556 fabulas
483 2520 559 2555 veris
572 2518 708 2553 historiis
721 2516 886 2552 miscendas
899 2530 971 2565 pto-

216 2572 336 2606 clivior.

264 2622 362 2656 Certe
381 2623 514 2654 ‘Baranto
533 2631 573 2653 eo
585 2616 679 2666 usque
699 2615 844 2651 sententia
865 2616 930 2651 haec
942 2619 971 2648 I-

217 2674 298 2704 renaei
316 2668 466 2716 displicet,
492 2679 525 2702 ut
539 2680 606 2703 eam
623 2668 639 2702 a
653 2667 807 2701 veteribus
823 2665 973 2700 haereticis

217 2723 316 2754 Irenaei
328 2718 443 2766 scriptis
464 2716 770 2761 infartamaffirmet3
795 2715 858 2750 hoc
876 2716 973 2762 inpri-

217 2771 275 2806 mis
291 2779 473 2817 argumento
485 2792 495 2807 ‚
526 2767 614 2814 quod
627 2767 743 2800 ibidem
758 2769 879 2799 Irenaeus
892 2764 973 2800 affir-

217 2831 280 2854 met
293 2817 452 2854 Christum
466 2829 549 2850 anno
560 2815 715 2850 tricesimo
725 2815 927 2861 baptizatum,
943 2819 975 2849 &

216 2871 310 2903 tertio
325 2868 433 2903 exinde
447 2866 588 2901 Paschate
602 2864 798 2903 crucifixum,
817 2876 885 2910 quae
898 2862 975 2897 stare

216 2932 281 2952 non
290 2918 410 2964 possunt
422 2918 470 2951 vel
484 2929 554 2950 cum
568 2913 826 2963 quinquagesimo
839 2913 887 2946 vel
902 2926 975 2961 qua-

989 125 1410 165 oc101L113.
1469 125 1526 164 ΙΙ.
1705 136 1742 173 9¹

990 194 1036 227 tio
1048 193 1113 228 haec
1134 193 1185 239 (ut
1197 192 1262 227 vult
1276 194 1443 239 Barom'us)
1454 191 1670 227 haereticorum
1677 204 1742 226 non

989 242 1108 278 tantum
1121 243 1152 277 in
1164 242 1228 277 fine
1240 241 1345 288 capitis
1360 254 1408 287 39.
1422 242 1609 289 adjungitur,
1635 238 1684 275 sed
1697 253 1744 276 et-

989 290 1096 325 iamin
1115 291 1196 339 pene
1208 301 1280 325 toto
1301 301 1366 336 cap.
1380 303 1438 335 40.
1469 291 1588 338 prolixe
1607 303 1642 325 ex
1657 288 1743 325 sacris

988 339 1082 374 literis
1091 339 1276 375 defenditur.

1035 389 1127 422 Dum
1139 389 1196 423 hac
1213 390 1252 423 de
1269 401 1302 423 re
1320 387 1352 422 in
1365 385 1415 422 sua
1428 387 1465 421 ad
1482 390 1619 422 Irenaeum
1637 387 1742 436 praefa-
1759 394 1898 420 Feuardm-

988 436 1076 471 tione
1102 437 1315 471 Feuardentius
1338 436 1509 471 monachus
1523 439 1601 484 agit,
1626 439 1742 474 evomit
1755 435 1808 478 ΠΨ
1820 438 1893 510 ijs·

1756 482 1801 498 'Ulss
1809 483 1835 499 177
1845 485 1856 500 0
1869 484 1909 499 ἵη-

987 487 1019 521 in
1033 497 1133 521 totam
1145 485 1384 522 Protestantium
1396 487 1554 520 nationem
1561 487 1660 521 verbis
1668 500 1741 521 con·
1775 515 1777 517 ,

989 535 1235 571 tumeliofisfimis
1255 535 1366 584 plenos
1389 536 1522 582 congios
1541 536 1611 570 bilis
1622 560 1629 572 ‚
1662 536 1743 583 quali
1756 520 1776 539 η
1807 533 1814 539 ‘

989 597 1240 634 contemptores,
1269 583 1404 619 irrisores
1414 609 1424 624 ,
1455 589 1487 619 &
1512 586 1743 619 conculcatores

991 639 1125 670 Patrum.
1151 633 1302 671 ProfeEto
1312 634 1470 669 neminem
1483 635 1560 668 novi
1573 636 1672 669 virum
1686 635 1745 669 do-

991 686 1077 720 &cum
1096 686 1129 719 in
1144 684 1252 720 ‘nostra
1271 684 1495 719 communione
1513 685 1568 732 qui
1585 697 1650 717 non
1663 688 1746 720 tanta

990 748 1083 783 quam
1101 735 1202 782 quivis
1223 732 1461 768 Pontificiorum
1484 746 1555 768 cum
1579 734 1748 769 reverentia

991 785 1131 819 Patribus
1143 783 1285 831 assurgat:
1298 783 1548 831 quandocunque
1562 795 1663 818 autem
1676 783 1707 816 in
1720 783 1747 816 i-

991 833 1048 882 psis
1062 847 1166 869 naevos
1178 834 1349 880 reperiunt,
1376 834 1407 866 in
1421 833 1457 867 iis
1475 833 1665 881 corrigendis
1679 845 1747 866 non

991 884 1078 918 aliam
1104 882 1270 930 sequuntur
1293 883 1432 930 regulam
1455 895 1547 930 quam
1562 882 1614 929 ipsi
1626 880 1747 928 Jesuitae

990 933 1162 980 approbant
1177 936 1209 967 &
1228 929 1442 979 praescribunt:
1455 931 1520 966 haec
1527 933 1609 966 enim
1617 934 1749 965 ‘Petavii

990 984 1022 1016 in
1040 982 1097 1016 hac
1111 982 1171 1029 ipsa
1185 980 1356 1030 quaestione
1372 980 1438 1015 sunt
1457 981 1548 1015 verba
1567 981 1604 1014 ad
1618 981 1749 1029 Epipha-

990 1035 1035 1065 m'i
1047 1029 1150 1066 haeres.
1158 1043 1198 1076 51.
1213 1031 1391 1078 Alogorum
1405 1042 1474 1077 pag.
1483 1042 1549 1076 205.
1569 1032 1671 1065 Multa
1684 1029 1749 1064 sunt
1762 1045 1785 1062 u

989 1082 1006 1115 a
1020 1076 1206 1115 sanetiffiniis
1218 1080 1358 1114 Patribus
1381 1092 1617 1125 nonnumquam
1643 1093 1750 1126 parum
1763 1096 1785 1112 υ

990 1131 1060 1166 vere
1073 1140 1249 1177 attenteque
1264 1127 1387 1175 scripta,
1407 1141 1474 1176 quae
1492 1130 1617 1176 quidem
1630 1128 1748 1176 praesta-
1764 1145 1786 1161 n

992 1192 1024 1213 re
1037 1180 1132 1219 velle,
1156 1177 1290 1226 religiosi
1304 1176 1425 1212 fortasse
1438 1176 1487 1211 sed
1500 1191 1606 1224 parum
1619 1178 1749 1225 pruden-
1765 1194 1787 1209 η

991 1230 1029 1263 tis
1043 1226 1102 1263 effe
1114 1227 1471 1264 arbitror,vehementius
1478 1239 1580 1262 autem
1588 1229 1750 1275 exagitare,
1764 1243 1787 1258 n

991 1290 1092 1325 neque
1106 1277 1241 1325 religiosi
1254 1289 1357 1323 neque
1370 1276 1526 1324 prudentis
1540 1291 1547 1311 :
1573 1290 1630 1311 nos
1644 1280 1680 1312 ca
1693 1277 1752 1324 qufi
1764 1292 1785 1307 »ι

993 1339 1046 1374 par
1067 1326 1111 1361 est
1130 1327 1346 1361 moderatione
1359 1350 1369 1365 ,
1401 1326 1433 1359 in
1451 1326 1628 1360 divinorum
1646 1327 1751 1361 homi-
1765 1341 1787 1356 υ

994 1389 1068 1411 num
1078 1375 1144 1421 (sed
1152 1375 1334 1421 hominum)
1346 1387 1464 1409 errores
1472 1388 1504 1409 ac
1514 1369 1608 1423 lapsus
1617 1389 1681 1410 non
1690 1386 1752 1410 tam
1765 1391 1787 1406 υ

994 1426 1193 1473 inquirimus,
1227 1425 1321 1472 qucim
1334 1424 1457 1459 oblatos
1472 1426 1554 1459 ultro
1568 1438 1602 1459 ac
1614 1426 1662 1459 vel
1675 1426 1752 1459 invi-
1767 1439 1787 1454 υ

994 1476 1031 1509 tis
1039 1485 1247 1515 occurrentes,
1260 1474 1356 1509 necui
1366 1472 1464 1508 fraudi
1477 1472 1757 1521 sint‚patefacimus,
1767 1489 1789 1504 n

994 1525 1073 1559 tucri
1083 1535 1185 1558 autem
1193 1535 1284 1572 atque
1293 1521 1456 1558 defendere
1468 1523 1545 1557 nihil
1558 1525 1654 1571 magis
1661 1523 1752 1571 quam
1765 1538 1787 1554 υ

995 1587 1105 1610 eorum
1116 1574 1188 1608 vitia
1199 1573 1237 1619 (fi
1250 1586 1317 1622 quae
1330 1571 1460 1619 fuerint)
1475 1574 1586 1607 imitari
1594 1574 1754 1608 debemus.
1765 1587 1789 1603 υ

1041 1623 1197 1658 Sententia
1209 1624 1305 1670 prima
1313 1624 1447 1670 peccavit
1459 1624 1491 1656 in
1499 1622 1615 1657 excessu
1623 1648 1632 1662 ‚
1647 1621 1752 1657 secun-

994 1837 1026 1865 9.
1040 1822 1259 1872 Mngnstinus,

998 2074 1147 2122 leguntur.
1174 2071 1350 2106 Distinffio
1367 2071 1495 2104 Henrict
1507 2069 1645 2118 ‘Philippi
1668 2081 1757 2103 erro-

998 2137 1064 2159 rem
1077 2123 1159 2157 hunc
1171 2135 1236 2156 non
1249 2122 1366 2169 palliat,
1390 2119 1477 2168 quod
1491 2117 1601 2153 scilicet
1614 2120 1756 2153 ειυὲὶοτεε

999 2173 1031 2207 hi
1045 2172 1206 2208 indefinite
1230 2182 1393 2205 numerum
1406 2168 1592 2203 tricesimum
1607 2168 1688 2217 quasi
1702 2181 1755 2201 ro-

998 2224 1129 2257 tundum
1143 2222 1307 2268 accipiant,
1331 2231 1396 2253 non
1412 2229 1557 2266 negantes
1570 2220 1600 2251 in
1613 2229 1755 2252 accurato

998 2272 1116 2306 calculo
1130 2283 1202 2304 eum
1215 2270 1251 2303 ad
1271 2271 1386 2315 aliquas
1409 2280 1561 2301 annorum
1581 2265 1757 2301 excrescen-

998 2322 1054 2355 tias
1068 2319 1190 2353 extendi
1204 2316 1299 2366 posse.
1329 2316 1430 2366 Qod
1443 2316 1507 2351 haec
1521 2315 1657 2364 ipsorum
1671 2329 1757 2350 meus

1001 2381 1065 2403 non
1080 2367 1188 2406 fuerit,
1216 2367 1343 2413 &quod
1357 2369 1372 2400 a
1387 2366 1543 2411 baptismo
1556 2367 1592 2399 ad
1606 2377 1757 2403 mortem,

1001 2418 1126 2452 unicum
1139 2415 1259 2450 tantum
1272 2415 1333 2448 fine
1347 2414 1405 2447 ulla
1418 2413 1593 2448 extcnfiouc
1607 2427 1719 2447 annum
1728 2427 1760 2447 a-

1003 2466 1179 2516 gnoverint,
1201 2474 1415 2512 argumentum
1431 2464 1518 2510 quod
1536 2476 1571 2497 ex
1597 2461 1712 2497 lsai.61.
1730 2475 1757 2498 z.

1002 2516 1146 2552 afferunt,
1161 2513 1226 2548 satis
1240 2511 1427 2551 manifestat,
1455 2513 1526 2546 inde
1538 2514 1620 2546 enim
1634 2513 1762 2546 conclu-

1003 2567 1078 2601 dunt
1089 2563 1248 2599 Christum
1262 2561 1430 2610 praedicasse
1442 2574 1555 2595 annum
1565 2562 1701 2595 Domini
1712 2575 1762 2596 ac-

1004 2615 1204 2663 ceptabilem,
1224 2625 1319 2660 quem
1331 2613 1421 2655 lsaias
1439 2612 1469 2645 in
1488 2624 1620 2644 numero
1634 2610 1760 2659 singula-

1005 2667 1046 2705 ri,
1060 2663 1189 2699 efferens
1203 2661 1274 2696 facit
1286 2660 1403 2695 tantum
1412 2674 1517 2695 unum.
1540 2661 1686 2695 Praeterea
1705 2661 1760 2695 ba-

1006 2713 1112 2763 ptisma
1136 2716 1168 2747 ὅ(
1192 2725 1316 2746 crucem
1338 2709 1391 2744 snb
1414 2709 1521 2744 iisdem
1539 2709 1671 2754 ejusdem
1689 2711 1759 2744 anni

1005 2762 1194 2800 Consulibus
1204 2761 1345 2808 [duobus
1359 2760 1525 2807 Dominis]
1536 2760 1610 2793 dieti
1618 2759 1760 2794 αυξὶοῑςε

1005 2814 1114 2848 volunt
1135 2810 1305 2859 contigisse.
1343 2812 1448 2856 Itaque
1472 2808 1638 2843 ficulneum
1661 2810 1762 2843 velum

1006 2863 1051 2897 est
1062 2863 1166 2896 omnis
1179 2861 1228 2895 hic
1247 2860 1423 2897 distinetio,
1449 2862 1481 2893 δε
1498 2857 1651 2893 excusatio
1662 2859 1760 2892 mani-

1006 2910 1074 2946 festi
1093 2911 1206 2945 erroris
1226 2908 1390 2943 frustranea
1403 2906 1457 2942 cst.

995 1672 1038 1707 dae
1051 1684 1210 1721 peccatum
1225 1671 1308 1706 estin
1315 1670 1450 1706 defeetu.
1464 1672 1673 1712 Tertullianus,
1688 1674 1750 1706 Cle-
1760 1656 1890 1729 55:223?

993 1735 1075 1756 mens
1089 1723 1350 1762 filex-andriam,
1366 1722 1544 1756 Lafflmtius
1555 1747 1564 1762 ‚
1584 1723 1749 1760 Tatianns,
1764 1733 1913 1760 Tertullzani

995 1772 1092 1821 Julius
1103 1773 1291 1818 eAfricanus
1297 1771 1377 1820 apud
1384 1772 1655 1818 Hieronymumin
1663 1773 1747 1806 Dan.
1764 1783 1844 1800 unum
1858 1781 1919 1800 tan-

1284 1826 1317 1857 &
1329 1821 1379 1856 alii
1391 1821 1480 1855 multi
1494 1824 1635 1862 Parrum,
1653 1834 1750 1856 unum
1765 1822 1820 1840 ”⁴²⁷¹
1831 1816 1880 1839 ¹⁷¹³·
1903 1854 1907 1859 ,

995 1883 1114 1907 tantum
1133 1885 1246 1907 annum
1265 1873 1344 1907 inter
1361 1869 1544 1923 baptismum
1564 1877 1596 1908 &
1615 1882 1750 1905 mortem
1756 1852 1920 1930 sstfgffisffim‘

995 1933 1165 1957 numerant.
1178 1923 1334 1957 Sententia
1346 1920 1411 1955 haec
1423 1921 1563 1968 expreffis
1575 1921 1695 1970 Joannz's
1708 1922 1750 1955 E·
1763 1935 1820 1962 bens
1830 1913 1888 1970 post-

995 1972 1167 2021 vangelistae
1177 1973 1254 2007 locis
1267 1980 1417 2019 repugnat
1426 1995 1436 2010 ,
1450 1971 1505 2005 ubi
1515 1972 1571 2005 tria
1583 1970 1685 2005 saltem
1699 1983 1750 2017 pa-
1766 1973 1918 2012 baptismum

997 2021 1094 2058 schata
1119 2022 1135 2057 εἰ
1158 2021 1310 2070 baptismo
1331 2021 1368 2055 ad
1381 2032 1505 2054 crucem
1524 2019 1640 2054 disertis
1651 2021 1753 2055 verbis
1765 2014 1919 2052 repudiatur.

1053 2962 1162 2996 Tertia
1174 2958 1319 2994 sententia
1331 2959 1387 2993 tria
1399 2955 1534 3003 paschata
1550 2956 1597 2991 seu
1612 2957 1690 2991 duos
1704 2971 1755 2992 an·
1769 2965 1849 2992 'sema
1865 2968 1921 3002 Epi-

1006 3023 1064 3045 nos
1084 3021 1223 3044 numerat
1241 3010 1320 3042 inter
1344 3005 1527 3054 baptismum
1551 3011 1581 3040 &
1605 3008 1855 3042 Crucemmwm
1872 3007 1901 3032 Aa

1005 3061 1095 3105 hujus
1109 3060 1221 3093 autfi'tor
1234 3057 1278 3093 est
1295 3061 1434 3094 bemus,
1466 3061 1497 3090 &
1516 3055 1586 3102 post
1600 3070 1669 3091 eum
1681 3061 1757 3106 Epi-
1769 3045 1859 3110 '’55²¹‘'
1872 3051 1919 3072 Μ’

221 3128 281 3151 tus,
308 3114 475 3162 fidemus,
495 3115 657 3161 caeterique
675 3125 786 3147 omnes
804 3112 892 3146 doeti
910 3121 973 3144 tam
1002 3110 1148 3158 phanias,
1170 3120 1249 3156 quos
1273 3105 1437 3154 sequuntur
1454 3106 1593 3152 plurimi,
1621 3086 1920 3160 LJ'WlnussmiiiiiLin,

222 3164 379 3200 Pontificii
392 3164 483 3210 quam
504 3164 711 3197 Protestantes
734 3174 872 3196 errorem
892 3159 973 3194 hunc
1006 3158 1174 3197 Abulenzs,
1187 3160 1343 3194 verensis,
1356 3152 1840 3194 waldonasus‚l³emvius:snm,

223 3228 288 3249 non
307 3212 443 3252 falsariis,
465 3211 513 3248 sed
530 3212 582 3259 ipsi
596 3216 694 3247 Irenaeo
707 3213 876 3259 imputent:
890 3210 974 3245 addi·
1005 3210 1098 3243 etiarn
1122 3221 1159 3242 ex
1182 3206 1294 3240 nostris
1316 3204 1478 3251 salviam,
1503 3205 1710 3249 eylsl'afiulm,
1724 3208 1756 3237 &

1345 3255 1464 3290 dum
1490 3268 1505 3288 2
1698 3253 1757 3286 alii.

217 2967 387 3015 dragesimo
401 2969 465 3010 ejus
478 2979 570 3000 anno.
607 2965 680 3012 Ego
698 2963 825 3010 quidem
843 2961 977 2997 libenter

219 3023 374 3051 censuram
399 3016 513 3050 hancce
534 3018 658 3049 Barom'i
678 3014 891 3052 admitterem,
924 3011 974 3046 sed

221 3078 423 3113 praeterquam
436 3065 522 3112 quod
536 3065 759 3102 feuardentim,
775 3061 973 3097 maldona-
