2048 3343
138 914 197 948 ,scd
208 923 257 946 ter-

134 961 203 988 tium.

119 2253 178 2284 Ad
185 2263 259 2294 quar·

118 2304 179 2324 lum·

306 74 361 104 ιο
631 62 951 99 OPER1s

304 138 369 173 hoc
384 147 488 171 unum
497 132 782 182 reprehenduntur
798 158 808 174 ,
833 133 924 180 quod
934 132 974 167 ab
985 134 1053 167 He-

304 187 395 221 braeis
406 185 601 220 discesserint
612 182 732 233 absque
741 182 846 218 solid&
856 185 993 217 ratione.

354 234 501 270 Secundo
520 233 814 281 VValtonusprobat
832 245 900 266 non
920 230 1055 279 potuiffe

304 285 471 327 corrumpi
483 283 634 318 Graecum
647 294 787 322 textum,
798 294 838 316 eo
847 282 934 329 qnod
947 282 1054 327 impu-

301 334 381 368 dens
392 331 604 368 fuissetscelus
616 335 647 367 in
660 333 762 366 sacros
771 331 897 366 codices
907 326 1054 365 immisis-

300 382 328 416 se
341 394 473 421 manu8‚
486 394 559 416 curn
576 382 632 417 ista
643 380 727 416 fraus
741 378 893 415 facillime
907 392 944 414 ex
955 384 1053 414 auto-

298 431 423 480 grapho
434 430 578 466 Ptolemaei
588 457 598 472 ,
616 435 646 466 δι
661 431 810 466 Hebraeis
820 428 959 464 textibus
969 454 979 470 ‚
998 428 1052 477 qui

299 480 431 517 fuerunt
445 480 572 522 maltha
583 480 770 529 judaeorum
781 478 1011 516 sacerdotibus,
1021 482 1053 511 &

300 530 503 578 principibus
513 532 654 578 potuerit
665 531 806 577 coargui.
826 529 968 575 Replica.
989 529 1052 560 Sua

298 578 353 614 hic
364 580 473 613 vineta
485 580 578 615 caedit
591 582 639 615 vir
649 579 764 615 doetus
776 603 786 619 ,
805 578 862 612 ista
873 574 979 611 multo
993 587 1052 610 ve-

296 631 383 663 riora
398 627 471 663 sunt
489 629 527 664 de
539 629 683 665 Hebraeo
699 641 796 677 quam
811 630 925 660 Graeco
939 636 1028 659 textu
1042 649 1051 661 ,

295 691 463 725 nunquam
476 678 527 713 hic
538 678 600 713 fuit
611 676 826 713 sacratiorillo
839 698 848 711 ‚
865 686 924 709 nec
933 673 1049 721 Judaeis

293 729 481 775 patentior:
508 732 613 773 major
625 726 731 762 multo
749 723 835 758 illius
847 722 944 770 quam
960 723 1047 758 istius

292 776 512 812 Pontificibus
533 776 733 822 Principibus
756 773 936 818 Judaeorum
953 785 1028 806 cura
1038 797 1047 809 ‚

292 827 392 872 gratis
414 826 479 861 haec
505 826 544 860 de
572 826 695 859 Graecis
712 822 910 858 affirmantur
929 823 964 856 in
977 822 1046 855 He-

295 875 453 910 braeorum
466 874 703 921 praejudicium.

345 921 461 957 Tertio
471 923 592 957 refutat
600 921 773 957 VValtonus
782 931 878 967 quem
887 917 904 952 a
912 916 1043 965 quibus-

292 972 366 1006 dam
378 970 482 1007 afferri
492 972 570 1007 dicit
584 981 848 1018 praetextum‚cur
859 969 891 1002 in
901 971 1045 1015 AEgypto

278 1022 490 1068 -Interpretes
511 1022 623 1055 locum
643 1033 704 1068 prae
719 1017 872 1054 manibus
896 1029 1045 1063 corrupe-

290 1072 375 1111 rint,
390 1081 424 1104 ut
435 1069 554 1104 scilicet
564 1071 724 1118 AEgyptiis
737 1070 770 1102 in
781 1069 905 1101 ratione
917 1076 1046 1111 ternpo-

292 1132 365 1154 rum
376 1115 1044 1166 gratificarenturmamAEgyptiorumanti-

293 1168 476 1216 quitatibus
487 1169 617 1204 Hebraei
628 1179 733 1202 textus
747 1164 852 1201 multo
864 1167 969 1213 magis
986 1164 1044 1198 ad-

289 1217 453 1253 versantur
465 1232 562 1266 quam
577 1218 683 1253 Graeci
695 1231 704 1258 ;
716 1218 797 1251 ratio
809 1215 875 1250 haec
886 1213 1043 1250 VValtono

287 1266 377 1302 nulla
386 1267 429 1301 est
441 1292 451 1305 ,
475 1279 517 1302 eo
534 1266 624 1315 quod
636 1268 868 1314 AEgyptiorum
880 1264 1042 1311 Dynastiae

286 1328 358 1350 non
373 1326 497 1351 tantum
512 1329 668 1351 numeros
683 1315 840 1350 Hebraeos
852 1319 873 1352 Ρ
883 1312 936 1349 sed
945 1314 1040 1347 Grae-

285 1377 343 1399 cos
363 1366 456 1400 etiam
477 1367 556 1400 ultra
578 1367 777 1400 creationem
805 1363 915 1398 mundi
941 1361 1042 1410 longe

283 1414 515 1450 transcendant.
549 1416 694 1464 Replica.
725 1413 818 1449 Nihil
833 1412 871 1446 ad
890 1424 951 1446 nos
977 1412 1039 1446 hu-

281 1462 371 1509 jusce
389 1466 522 1499 rationis
533 1466 623 1499 valor
636 1489 644 1505 ‚
669 1465 725 1512 qui
740 1461 1038 1498 concedimusnul-

281 1514 347 1548 lam
364 1516 525 1550 rationem
549 1514 684 1562 probam
696 1510 928 1558 Interpretibus
948 1511 1038 1545 Grae-

281 1564 330 1597 cis
348 1561 512 1611 suppetere
532 1563 667 1610 potuisse
684 1588 694 1602 ,
711 1562 756 1596 ob
772 1574 870 1609 quam
882 1560 1040 1595 Hebraeo-

279 1624 355 1646 rum
365 1623 489 1647 textum
503 1614 806 1660 relinquerentmon
817 1621 927 1644 tamen
938 1610 976 1644 de
989 1611 1038 1645 ni-

282 1660 356 1694 hilo
366 1662 409 1695 est
422 1672 592 1709 praetextus
606 1662 731 1697 allatus,
742 1662 826 1694 certe
838 1672 911 1693 eum
925 1661 1037 1708 magni

281 1707 364 1744 facit
375 1712 483 1757 lfltactas
492 1711 620 1757 Vossius,
647 1714 680 1744 ἃ
689 1723 726 1744 ex
743 1709 807 1744 hoc
823 1707 892 1755 ipso
902 1709 1036 1744 Graecos

283 1768 392 1792 textus
410 1760 580 1795 Hebraicis
595 1758 740 1806 praefert,
767 1757 860 1806 quod
878 1758 926 1792 isti
938 1772 1035 1804 quam

282 1806 317 1841 hi
328 1810 559 1855 AEgyptiorum
572 1808 820 1857 antiquitatibus
833 1809 937 1855 magis
950 1821 1034 1842 con-

279 1855 396 1891 sonent
413 1870 420 1890 :
446 1871 502 1905 per
523 1858 658 1893 istorum
670 1860 756 1892 enim
775 1869 934 1891 annorum
948 1859 1036 1891 mille

278 1904 506 1941 sexcentorum
536 1911 570 1942 δε
591 1905 685 1954 supra
700 1907 902 1941 additionem
932 1907 1035 1953 AEgy—

278 1956 425 2001 ptiorum
447 1958 611 2004 Dynastiae
631 1956 724 1991 facile
751 1958 836 1990 intra
863 1958 1034 1990 creationis

277 2007 440 2039 terminos
458 2009 651 2040 coercentur
665 2031 675 2044 ‚
701 2004 771 2040 imo
785 2018 822 2039 ex
843 2004 984 2056 Scaligero
1000 2010 1031 2040 &

280 2054 408 2088 Gerardo
420 2056 513 2101 Vossto
525 2055 614 2089 modi
629 2054 805 2089 afferuntur
816 2054 937 2101 quibus
950 2058 1033 2090 intra

277 2104 407 2138 Diluvii
421 2106 579 2139 terminos
592 2103 716 2150 possunt
729 2104 890 2151 restringi,
908 2104 928 2139 si
942 2107 1031 2140 Grae-

279 2164 394 2186 corum
418 2152 457 2186 ad
477 2154 631 2188 Hebraeos
661 2153 884 2187 additamenta
908 2155 1027 2190 admit-

280 2210 401 2235 tantur.

329 2247 462 2297 Qatto
476 2248 646 2284 VValtonus
656 2248 745 2284 affert
757 2263 815 2297 pro
826 2249 1031 2299 suosupposi-

278 2309 314 2333 to
327 2298 448 2346 lapsum
460 2300 494 2333 in
505 2298 678 2334 omissione
690 2301 920 2347 procliviorem
932 2301 1027 2348 quam

275 2349 311 2384 in
322 2348 485 2384 additione
499 2373 509 2388 ‚
527 2354 558 2384 &
576 2348 655 2385 vero
670 2362 823 2384 numeros
834 2349 874 2384 ab
884 2350 1030 2386 Hebraeis

275 2400 357 2433 olim
370 2398 526 2446 expressos
537 2412 593 2447 per
605 2410 699 2434 notas
712 2424 722 2439 ,
745 2400 793 2434 vel
806 2398 978 2447 singulares
990 2402 1027 2435 li-

275 2459 356 2482 teras
369 2449 402 2482 in
414 2448 591 2483 charactere
604 2450 744 2483 minimo
755 2447 933 2483 secundum
947 2452 1027 2485 Hie-

275 2510 421 2542 ronymum
433 2521 442 2533 ‚
461 2511 544 2545 quos
563 2498 672 2533 scribae
689 2499 786 2532 etiarn
803 2497 858 2532 fidi
874 2497 1029 2534 facillime

276 2557 456 2594 potuerunt
467 2549 631 2581 omittere.
640 2548 783 2593 Replica.
791 2548 932 2582 Omissio
943 2551 1027 2583 mul-

276 2606 382 2630 tarum
393 2608 511 2631 vocum
524 2598 556 2630 in
567 2597 679 2630 multis
692 2595 830 2630 versibus
843 2620 852 2635 ‚
872 2599 906 2631 in
925 2596 1026 2633 fidum

276 2648 310 2679 δι
327 2646 515 2692 diligentem
535 2644 761 2691 exscriptorem
781 2645 905 2679 facilius
924 2647 1027 2688 cadit,

277 2693 372 2741 quam
383 2706 493 2728 earum
505 2706 625 2727 vocum
637 2693 770 2727 additio.
801 2693 918 2728 2.Usus
930 2706 1028 2729 nota-

277 2754 350 2777 rum
362 2755 414 2777 aut
425 2744 588 2778 literarum
598 2741 807 2789 singularium
817 2744 848 2776 iu
859 2743 1025 2791 designan-

277 2792 327 2826 dis
359 2794 505 2827 numeris
536 2804 704 2838 nunquam
732 2790 793 2826 fuit
825 2790 1026 2840 frequentior

276 2841 361 2888 apud
378 2841 536 2877 Hebraeos
552 2839 646 2889 quam
665 2841 811 2875 Graecos.
842 2854 872 2887 3.
891 2845 925 2876 In
947 2844 1026 2878 locis

277 2890 433 2924 omnibus
446 2892 557 2936 jamin
578 2888 795 2925 controversi&
814 2891 972 2927 Hebraeos
994 2897 1025 2928 &

278 2939 454 2975 Chaldaeos
475 2951 580 2974 textus
607 2939 722 2974 habere
750 2941 888 2987 integras
910 2955 1004 2976 voces
1017 2968 1025 2982 ,

275 2990 380 3036 nullas
401 2986 477 3023 vero
492 2989 660 3037 singulares
675 2990 781 3022 literas
793 3002 850 3035 pro
860 2994 946 3025 notis
965 3005 1023 3026 nu-

277 3047 441 3071 merorum
454 3062 464 3078 ‚
492 3049 526 3072 ut
543 3039 726 3086 inspicienti
744 3038 870 3072 codices
885 3040 1023 3087 patebit.

278 3097 312 3126 4,
339 3086 452 3120 Literae
461 3087 647 3128 Hebraicae,
659 3088 809 3135 inprimis
820 3089 1023 3125 Samaritanae

277 3135 415 3179 majores
432 3135 501 3169 sunt
522 3136 620 3183 quam
632 3138 751 3174 Graecae
761 3137 858 3172 etiam
870 3141 1023 3178 unciales,

1011 56 1505 100 Hrs'roarcr

1105 146 1137 180 5.
1166 133 1338 182 Quicquid
1366 135 1430 169 diei
1457 133 1567 181 potuit
1592 133 1631 170 de
1653 146 1722 170 uno
1738 133 1852 169 codice

1102 195 1200 230 parvo
1212 185 1354 218 manuali
1379 183 1467 218 istius
1487 183 1631 218 Rabbini
1650 209 1661 225 ,
1687 188 1777 230 cujus
1794 184 1853 218 ali-

1102 233 1244 280 quandiu
1256 234 1481 278 Hieronymus
1491 231 1554 267 fuit
1563 233 1736 280 discipulus
1746 258 1755 274 ,
1781 246 1851 268 non

1102 281 1234 329 negabit
1244 293 1354 317 tamen
1366 283 1539 317 VValtonus
1550 305 1560 322 ‚
1574 293 1746 330 utrumque
1756 307 1767 323 ‚
1781 293 1849 316 tam

1103 332 1313 375 Hieronymum
1327 357 1337 373 ‚
1362 331 1462 380 quam
1476 331 1686 380 eAzfgusiinum
1703 334 1737 365 in
1758 328 1851 366 causa

1103 379 1244 426 praesenti
1255 380 1314 415 sibi
1325 381 1527 419 adversarios,
1537 383 1615 416 dum
1629 392 1763 429 uterque
1773 379 1852 415 asse-

1102 429 1143 462 rit
1174 441 1273 463 Lxx.
1299 433 1515 479 Interpretum
1531 430 1711 466 versionem
1732 441 1849 464 cortu-

1101 488 1192 561 gtam
1211 503 1220 516 ³
1247 484 1279 514 ὃ(
1297 493 1334 516 ex
1351 479 1516 516 Hebraicfi
1535 482 1666 517 veritate
1677 481 1850 527 corrigen-

1124 539 1185 562 am.

1151 576 1286 617 Quinto
1299 576 1472 613 VValtonm
1492 591 1553 626 pro
1571 577 1617 613 sui
1630 575 1848 625 suppositifir-
1869 583 2006 625 «ταμίη-

1099 638 1269 661 mamento
1294 628 1552 674 perpendendum
1581 626 1697 664 offert,
1720 627 1850 673 Judaeos
1868 634 1930 656 tum.

1097 674 1275 720 secundum
1291 677 1474 722 Buxtorfium
1488 688 1561 712 ante
1574 675 1760 712 Antiochum
1771 680 1851 725 Ερ-

1094 722 1220 771 phanem
1239 727 1271 760 in
1285 727 1511 762 conservandis
1522 725 1615 761 sacris
1629 726 1775 760 textibus
1789 740 1849 761 ne-

1097 775 1307 821 gligentiores
1324 774 1413 810 fuisse
1426 801 1435 816 ‚
1460 780 1494 810 &
1518 788 1589 811 tum
1611 777 1711 810 varias
1729 776 1847 810 lectio-

1097 835 1154 856 nes
1164 824 1314 870 irrepsisse
1330 848 1340 861 ‚
1364 825 1436 871 post
1449 823 1596 860 Antiochi
1607 824 1683 860 veto
1696 837 1843 872 tempora

1096 870 1337 917 superstitiosos
1346 872 1467 907 evasisse
1486 876 1520 908 in
1532 877 1653 910 cortice
1665 876 1745 922 legis
1763 873 1846 909 scru-

1097 919 1292 966 pulosissime
1304 919 1507 955 observanda
1516 929 1581 962 ‚ex
1591 927 1659 967 ejus
1670 923 1744 958 vero
1757 935 1845 959 tem-

1096 970 1185 1015 poris
1198 969 1369 1003 codicibus
1380 971 1570 1017 exemplaria
1580 972 1715 1007 deducta
1727 986 1799 1022 quae
1811 975 1845 1008 in

1094 1017 1289 1056 hodiernum
1305 1017 1392 1052 diem
1407 1018 1522 1053 durant
1539 1043 1548 1056 ‚
1574 1019 1761 1062 I’harisaeos,
1783 1025 1843 1071 qui

1093 1066 1200 1101 statim
1213 1067 1285 1114 post
1297 1064 1480 1101 Antiochum
1492 1072 1595 1102 exorti
1604 1069 1675 1114 sunt
1686 1094 1697 1110 ,
1717 1071 1756 1104 iis
1766 1070 1845 1106 sacri

1093 1116 1214 1150 codicis
1226 1115 1423 1151 lectionibus
1434 1116 1598 1158 adhaesiffe,
1610 1131 1680 1165 quae
1697 1131 1776 1154 Lxx.
1791 1122 1846 1154 In-

1091 1175 1271 1213 terpretum
1289 1165 1426 1201 versioni
1455 1179 1554 1213 quarn
1573 1167 1651 1201 odio
1670 1166 1846 1209 habebant,

1091 1217 1232 1250 maxime
1242 1215 1497 1252 adversabantur.
1533 1216 1666 1263 Resp.1.
1686 1216 1754 1251 Nisi
1769 1230 1843 1264 erga

1090 1264 1278 1300 VValtonum
1296 1265 1340 1299 ob
1357 1266 1523 1312 egregium
1543 1265 1632 1300 suum
1651 1278 1731 1312 opus
1751 1280 1844 1301 reve—-

1090 1313 1191 1348 rentizi
1200 1325 1476 1362 praeoccuparetur
1487 1327 1578 1349 mens
1590 1327 1673 1354 mea,
1684 1312 1776 1349 valde
1788 1317 1840 1349 in·-

1089 1363 1239 1412 dignarer
1266 1375 1330 1399 tam
1353 1365 1432 1398 laxis
1457 1365 1656 1409 conjetsturis
1685 1363 1842 1399 Hebraici

1088 1423 1193 1447 textus
1204 1413 1414 1448 sinceritatem
1427 1415 1620 1461 oppugnari.
1630 1414 1711 1461 quid
1725 1415 1814 1447 enim
1826 1417 1841 1447 ἓ

1088 1475 1126 1496 an
1139 1463 1304 1504 Buxtorfim
1317 1462 1411 1497 ullibi
1425 1461 1562 1497 affirmat
1572 1462 1703 1509 Judaeos
1726 1486 1737 1503 ‚
1763 1465 1839 1511 qui-

1088 1511 1146 1545 bus
1158 1513 1324 1547 commissa
1334 1513 1404 1546 sunt
1415 1512 1546 1557 eloquia
1556 1514 1646 1553 Dei,
1674 1514 1708 1547 in
1729 1513 1765 1546 iis
1775 1511 1840 1547 ser-

1087 1562 1198 1596 vandis
1209 1561 1250 1596 eo
1263 1575 1403 1610 unquam
1419 1561 1541 1596 evasisse
1560 1563 1768 1611 negligentiae
1778 1562 1839 1597 do.

1086 1623 1144 1645 nec
1166 1623 1335 1646 manerent
1353 1611 1492 1645 Ecclesia
1507 1613 1569 1645 Dei
1588 1636 1598 1648 ‚
1624 1613 1704 1645 utin
1716 1624 1834 1646 eorum

1086 1660 1237 1695 manibus
1251 1673 1316 1695 tam
1337 1659 1448 1695 misere
1470 1660 1641 1695 adulterati
1662 1660 1838 1695 sintdivini

1083 1710 1212 1744 codices
1224 1735 1233 1750 ,
1247 1722 1282 1744 ut
1293 1711 1508 1757 corruptiores
1519 1707 1678 1744 evaserint
1690 1709 1837 1745 versione

1085 1771 1100 1791 L
1110 1771 1130 1792 x
1142 1761 1409 1806 x.1nterpretum
1420 1770 1475 1793 aut
1486 1757 1546 1793 alii
1562 1758 1737 1804 qualibet?
1765 1759 1836 1794 Ubi

1082 1809 1139 1843 ista
1148 1811 1316 1855 Buxtorfius
1328 1833 1336 1845 ‚
1347 1809 1396 1842 vel
1410 1819 1497 1854 pater
1509 1808 1558 1843 vel
1570 1806 1678 1842 filius?
1705 1811 1740 1842 In
1753 1810 1836 1843 cita-

1082 1858 1227 1893 tionibus
1247 1859 1310 1893 suis
1331 1857 1504 1892 VVaJtonm
1526 1858 1709 1904 plerunque
1728 1857 1772 1891 est
1789 1859 1839 1891 la-

1082 1908 1235 1943 xiffimus‚
1246 1909 1415 1942 auctorem
1428 1907 1590 1946 nominat,
1603 1905 1654 1940 sed
1667 1918 1733 1953 quo
1746 1906 1834 1943 loco,

1082 1971 1149 2005 quo
1168 1958 1255 1992 libro
1280 1981 1289 1997 ‚
1317 1958 1422 2003 capite
1443 1957 1494 1990 vel
1513 1955 1629 2002 pagina
1641 1955 1720 1989 solet
1732 1955 1834 1989 silere.

1086 2019 1116 2040 z.
1127 2008 1316 2054 Accipimus
1329 2006 1421 2052 quod
1434 2003 1484 2039 liic
1502 2005 1638 2051 largitur
1648 2002 1835 2041 VValtonm‚

1083 2060 1113 2091 δι
1134 2067 1283 2104 optamus
1303 2054 1404 2102 ipsiin
1424 2054 1486 2088 suis
1499 2053 1594 2088 donis
1606 2052 1833 2094 constantiam,

1078 2105 1208 2153 Judaeos
1225 2106 1344 2140 scilicet
1357 2103 1427 2151 post
1439 2101 1697 2151 persecutionem
1714 2105 1833 2135 Antio·

1080 2152 1127 2188 chi
1138 2166 1205 2189 tarn
1218 2152 1424 2200 scrupulosos
1444 2151 1667 2186 observatores
1678 2148 1770 2185 fuisse
1781 2149 1832 2184 sa-

1081 2216 1208 2238 crorum
1220 2203 1425 2238 codicum,ut
1436 2200 1542 2248 poste&
1558 2199 1680 2247 semper
1690 2200 1723 2231 in
1735 2201 1833 2234 texti-

1081 2251 1140 2286 bus
1163 2263 1234 2286 tum
1263 2250 1417 2297 usurpatis
1443 2247 1611 2284 mordicus
1637 2247 1831 2284 inhaeserint.

1081 2303 1107 2334 A
1118 2301 1229 2336 diebus
1240 2300 1374 2348 quidem
1390 2299 1626 2346 Prophetarum
1637 2323 1647 2339 ,
1658 2301 1744 2335 Ezrae
1756 2323 1765 2338 ‚
1795 2302 1831 2332 &

1078 2348 1244 2389 Nehemiae,
1253 2350 1291 2384 ad
1302 2347 1484 2384 Antiochum
1493 2346 1671 2396 Epiphanem
1682 2359 1746 2381 tam
1760 2360 1832 2394 par-

1080 2413 1157 2435 vum
1176 2400 1237 2435 fuit
1249 2400 1406 2446 temporis
1424 2399 1631 2433 intervallum
1646 2422 1655 2436 ,
1681 2408 1717 2430 ut
1737 2397 1771 2430 in
1790 2409 1829 2430 eo

1077 2449 1154 2484 sacri
1172 2461 1280 2484 textus
1293 2449 1462 2494 corruptio
1475 2459 1593 2494 magna
1606 2458 1674 2481 non
1688 2447 1831 2492 potuerit

1077 2499 1146 2534 fieri
1161 2524 1171 2539 ,
1188 2500 1332 2545 inprimis
1344 2495 1359 2531 ὲ
1369 2497 1480 2531 diebus
1498 2494 1642 2530 Ptolemaei
1658 2497 1828 2543 Euergetae',

1076 2550 1132 2597 qui
1146 2549 1309 2596 integrum
1326 2551 1358 2580 δι
1379 2548 1603 2591 incorruptum
1623 2541 1663 2576 ab
1681 2541 1829 2579 Eleazaro

1075 2596 1236 2633 Pontifice
1251 2595 1409 2639 exemplar
1421 2594 1620 2627 Hebraicum
1632 2594 1674 2626 im
1681 2603 1827 2638 petravc-

1074 2657 1130 2680 rat.
1161 2657 1186 2687 3.
1208 2646 1239 2678 Si
1252 2656 1334 2692 quos
1343 2642 1439 2677 'nodie
1452 2642 1608 2676 habemus
1617 2640 1745 2676 codices
1756 2642 1829 2674 He-

1076 2695 1190 2734 braeos,
1201 2693 1298 2727 iidem
1309 2691 1379 2726 sunt
1391 2705 1464 2726 cum
1479 2691 1542 2726 istis
1553 2689 1741 2739 quosJudaei
1752 2686 1827 2736 pos-

1074 2744 1222 2778 sederunt
1243 2753 1390 2788 tempore
1404 2739 1557 2789 Epiphmis
1569 2765 1578 2781 ‚
1600 2739 1719 2775 neccsse
1736 2738 1778 2773 est
1791 2748 1827 2772 ut

1074 2793 1241 2828 sintiidcm
1255 2803 1337 2838 quos
1349 2790 1498 2825 Christus
1516 2794 1547 2824 &
1564 2787 1713 2836 Apostoli
1730 2788 1828 2820 trive-

1074 2853 1149 2877 runt
1162 2866 1170 2878 ‚
1189 2840 1316 2888 ,absque
1336 2840 1398 2874 ulla
1419 2839 1435 2873 a
1452 2838 1609 2874 l’harisaeis
1627 2848 1681 2871 aut
1703 2836 1825 2870 Scribis

1073 2893 1262 2937 corruptelae
1276 2889 1528 2937 reprehensione,
1541 2887 1665 2922 nostros
1675 2885 1753 2933 ergo
1765 2897 1826 2918 co-

1071 2943 1155 2976 dices
1177 2939 1334 2974 Hebraeos
1355 2952 1437 2987 quos
1455 2937 1604 2971 Christus
1625 2935 1826 2982 &Apostoli

1071 3004 1140 3027 non
1151 2989 1448 3036 reprehenderunt,
1458 2987 1510 3020 alii
1523 2984 1676 3019 mortales
1687 2985 1824 3018 nonde-

1072 3042 1148 3076 bent
1160 3037 1406 3086 reprehendere,
1428 3034 1483 3070 nisi
1496 3035 1634 3081 probent
1646 3033 1755 3081 primo
1772 3034 1822 3068 di-

1071 3090 1174 3125 versos
1191 3088 1231 3121 ab
1244 3089 1293 3126 iis,
1306 3098 1390 3132 quos
1402 3084 1541 3120 Ecclesia
1553 3084 1665 3118 diebus
1677 3083 1797 3119 Christi
1807 3107 1819 3122 ,

1069 3143 1101 3174 δέ
1114 3135 1221 3175 multo
1232 3134 1305 3172 ante
1315 3133 1490 3182 usurpavit,
1503 3133 1565 3169 hoc
1576 3145 1696 3174 autem,
1706 3131 1820 3215 Γεὲυη-

1759 3192 1815 3215 un]
