2048 3343
50 899 164 938 Quarta.

520 113 961 153 E121sroz1e

206 186 343 235 praestare
360 186 414 220 ista
427 186 570 234 promissa
593 189 669 223 Mat.
686 198 738 232 24.
755 197 808 232 24.
829 183 971 230 Imposs'i-

206 237 268 271 bile
280 236 324 271 est
333 237 451 271 eleetos
465 236 620 270 seducere.
647 237 746 270 Rom.
759 237 789 270 8.
804 246 853 280 30.
876 235 971 275 Quos

206 285 397 331 justificavit,
411 299 465 320 eos
478 285 661 332 glorificavit
669 286 725 332 J0·
734 295 777 317 10.
788 295 838 329 30.
860 282 969 316 Nemo

209 348 286 370 oves
304 349 385 370 meas
398 335 500 384 potest
518 346 622 381 rapere
634 334 672 367 de
686 344 778 366 manu
790 330 883 378 patris
894 330 970 363 mei.

212 387 293 432 1.Jo.
308 398 335 419 2.
348 397 395 426 19.
421 385 452 417 Si
464 381 583 417 fuissent
598 394 637 416 ex
646 380 737 415 nobis
744 376 969 427 permansissent

211 436 317 480 utique
324 431 557 480 nobistumJer.
565 443 608 477 32.
616 443 674 476 40.
685 431 854 463 Timorem
862 440 968 462 meum

211 483 294 518 dabo
312 484 342 517 in
355 482 448 516 corda
465 494 576 517 eorum
596 491 628 514 ut
647 491 712 513 non
724 479 867 513 recedant
878 477 894 511 a
907 489 968 511 me.

212 547 234 567 1.
246 537 308 567 Pet.
316 545 339 566 1.
353 545 379 578 5.
392 533 514 566 Virtute
522 531 586 565 Dei
596 528 792 564 custodimini
806 539 862 574 per
874 525 968 560 fidem

211 587 242 617 in
256 581 389 616 salutem.
407 583 505 615 Rom.
519 583 548 615 8.
564 592 605 625 35.
625 579 707 629 Qs
721 590 798 626 ergo
811 589 870 610 nos
885 575 968 623 sepa—

211 633 290 667 rabit
304 633 320 666 Ξι
338 630 482 665 charitate
499 629 639 665 Christi?
656 632 770 663 Certus
783 625 847 660 sum
860 627 942 660 enim
959 649 969 664 ,

211 683 282 730 quia
295 693 396 728 neque
409 693 504 714 mors.
520 684 581 714 &c.
596 680 691 725 Rom.
706 679 733 712 8.
750 689 791 721 ¹7·
807 673 870 722 Ipse
883 673 968 722 spiri-

210 743 258 766 tus
269 730 481 765 testimoninm
495 729 594 762 reddit
607 726 715 761 nostro
729 724 860 773 spiritui,
882 724 969 770 quod

210 780 310 815 sumus
323 779 378 814 filii
391 781 473 818 Dei,
487 778 509 811 si
523 789 622 811 autem
637 776 729 810 filii&
743 775 892 814 haerech‚
907 774 967 808 hae-

210 831 297 865 redes
312 830 376 863 Dei
389 842 423 862 ac
437 828 614 863 cohaeredes
627 825 755 860 Christi.

259 883 378 928 Qarta
391 879 480 913 ratio.
506 878 537 911 Si
550 875 653 910 nostra
662 874 738 908 fides
746 878 775 909 &
785 874 878 921 pietas
886 871 970 919 prior

211 928 246 963 s1t
253 929 406 964 eleetione
413 928 493 966 Dei,
504 924 680 962 tumnostra
688 924 805 958 eleetio
813 923 877 956 Dei
886 922 970 969 prior

212 980 270 1013 erit
280 979 344 1013 Dei
352 978 506 1011 εΙεᾶἰοηε
515 975 611 1020 nostri
619 999 628 1014 ‚
642 986 700 1008 nos
707 973 878 1021 primieum
889 983 968 1004 ama-

214 1030 318 1063 bimus
327 1053 337 1067 ,
350 1031 381 1062 &
390 1029 439 1061 illc
446 1039 503 1060 nos
512 1024 658 1059 secundus
665 1023 780 1057 amabit
786 1022 823 1056 ad
833 1019 967 1060 fialuteim

214 1091 273 1112 nos
286 1076 388 1125 primo
400 1088 600 1124 praeparamus
607 1071 730 1107 nosmet
743 1077 773 1107 δι
785 1082 924 1118 aptamus
933 1070 970 1103 ad

213 1125 336 1162 salutem
349 1139 403 1171 per
416 1128 523 1160 multas
536 1124 714 1158 inhaerentes
725 1123 756 1156 in
769 1120 862 1155 nobis
875 1120 969 1154 virtu-

212 1188 271 1217 tes,
283 1174 455 1224 priusquam
470 1176 562 1209 Deus
575 1173 637 1208 vult
644 1185 699 1206 eos
712 1170 815 1205 salvari
824 1166 969 1215 :atquias-

214 1225 347 1273 sumptio
360 1225 404 1260 est
417 1235 524 1258 contra
538 1224 734 1269 Scripturam.
760 1221 839 1253 Non
853 1230 903 1252 me
914 1230 970 1252 vos

215 1276 349 1324 elegistis
360 1299 369 1311 ,
397 1273 446 1309 sed
459 1287 520 1322 ego
533 1274 611 1320 elegi
624 1284 680 1306 vos
689 1271 744 1317 J0.
756 1280 800 1323 ⁴5⁹.
813 1273 858 1302 16.
874 1270 982 1316 Ama-r

216 1339 283 1359 mus
292 1327 410 1360 Deum,
423 1325 494 1371 quia
507 1325 530 1356 is
541 1323 626 1369 prior
637 1331 695 1353 nos
703 1328 833 1356 amant,
842 1318 922 1364 1.Jo.
937 1330 968 1361 4.

217 1388 261 1417 19.
276 1375 328 1408 llle
341 1375 403 1408 vult
415 1385 473 1406 nos
488 1371 630 1404 salvari&
642 1370 691 1403 dat
699 1369 798 1402 media
807 1364 905 1400 salutis
914 1390 924 1405 ‚
938 1370 969 1400 &

215 1437 269 1472 per
283 1436 316 1456 ea
331 1423 361 1456 in
370 1422 461 1456 nobis
475 1431 619 1467 potenter
635 1429 794 1465 operatur,
807 1427 970 1463 antequam

215 1475 381 1521 quicquam
395 1470 524 1504 istorum
537 1469 569 1502 in
582 1478 718 1501 mentem
731 1465 867 1500 nostram
875 1465 971 1500 venit.

266 1522 387 1570 Qinta
399 1520 487 1553 ratio.
515 1519 546 1552 Si
558 1517 673 1551 elcdffio
686 1515 721 1550 sit
733 1515 888 1562 posterior
895 1514 968 1554 fide,

214 1582 282 1606 tum
295 1571 370 1605 fides
385 1573 415 1604 &
428 1569 492 1602 aliae
504 1565 670 1615 spirituales
681 1566 806 1600 virtutes
823 1577 889 1598 non
906 1562 972 1598 sunt

215 1621 299 1655 dona
311 1620 376 1654 Dei
389 1618 513 1652 fluentia
525 1617 564 1650 ab
572 1616 742 1651 ele'Gtione,
757 1613 806 1648 sed
817 1612 882 1648 sunt
895 1627 972 1661 ope-

216 1684 248 1705 ra
260 1669 436 1704 communis
448 1666 664 1717 providentiae,
679 1677 734 1712 per
746 1677 814 1712 quae
826 1664 875 1698 dat
883 1665 972 1698 Deus

217 1719 366 1755 omnibus
378 1723 409 1754 &
422 1717 545 1766 singulis
554 1715 737 1749 hominibus
751 1715 879 1762 gratiam
891 1711 971 1748 suffi-

217 1771 351 1804 cientem
359 1779 392 1806 ut
399 1768 523 1803 credant
530 1791 540 1806 ,
554 1763 745 1813 perseverent
755 1789 762 1800 ‚
775 1768 808 1799 &
816 1762 971 1799 salventur:

217 1819 269 1854 {ed
280 1819 354 1853 nulli
365 1817 415 1853 dat
431 1819 522 1852 Deus
535 1813 595 1863 ipsa
613 1816 695 1849 dona
708 1814 781 1849 fidei
799 1839 810 1854 ‚
836 1811 972 1862 perseve-

217 1869 336 1908 rantiae,
350 1867 398 1903 vel
413 1865 619 1913 cujuscunque
634 1865 740 1911 operis
757 1863 900 1912 gratios13
916 1863 971 1898 ista

217 1919 431 1967 producuntur
443 1929 496 1963 per
509 1928 630 1949 merum
643 1914 775 1948 liberum
789 1913 950 1948 arbitrium
963 1938 973 1953 ,

219 1968 307 2015 quod
320 1966 422 2014 potest
434 1965 531 2000 libere
544 1965 677 2009 abjicere
696 1963 845 2012 quicquid
863 1975 973 2010 opera-

220 2029 270 2051 tur
282 2017 459 2051 communis
473 2015 664 2062 providentia
677 2037 686 2052 ‚
714 2015 786 2049 cum
801 2025 902 2048 autem
914 2014 974 2047 uti-

220 2078 270 2100 tur
287 2066 394 2100 ultimi
407 2067 457 2100 illa
475 2065 632 2112 potentia,
651 2063 712 2111 qud
731 2064 794 2098 Dei
811 2061 929 2110 spiritus
945 2064 975 2096 in

219 2116 285 2149 ullo
297 2115 426 2150 homine
438 2125 596 2162 operatur,
615 2112 726 2147 scilicet
739 2111 823 2160 posse
835 2113 976 2152 credere,

992 112 1499 152 ACottarro.
1706 124 1763 163 ¹41

1004 197 1096 219 mune
1111 196 1174 220 tarn
1187 185 1329 221 fidelibus
1342 186 1434 233 quam
1451 186 1625 222 infidelibus
1639 211 1649 227 ,
1675 187 1762 234 quod

1003 234 1136 269 liberum
1158 235 1318 269 arbitrium
1343 236 1513 281 potentiam
1535 236 1645 270 habeat
1674 239 1762 283 iupe-

1004 284 1087 317 randi
1105 297 1140 318 ac
1152 281 1314 318 frustrandi
1331 283 1465 317 summos
1485 287 1587 333 gratiae
1606 285 1762 320 salutiferae

1002 332 1103 372 aetus,
1117 333 1205 380 quod
1218 333 1319 367 media
1332 331 1504 367 sufficientis
1514 336 1613 382 gratiae
1621 333 1763 381 suppedi-

1001 390 1103 414 tentur
1109 381 1271 416 secundum
1280 381 1443 416 hominum
1451 395 1551 428 opera.
1564 385 1639 417 Haec
1647 389 1676 418 δι
1687 384 1762 417 mul-

1000 438 1030 461 ta
1049 428 1139 473 hujus
1158 432 1277 476 generis
1295 432 1351 465 alia
1373 443 1440 478 qnae
1465 434 1633 479 Spalasenfis
1652 445 1687 466 ex
1713 445 1764 466 tua

1000 476 1076 512 thesi
1090 478 1230 518 deducit,
1244 480 1320 513 mihi
1333 481 1459 526 quidem
1474 483 1538 515 lunt
1551 481 1681 528 ipsissimi
1697 485 1762 515 ‘Pe-

1000 527 1167 577 lagianismi
1181 526 1221 562 sat
1234 528 1332 562 crudae
1345 540 1456 574 partes.

1048 579 1138 611 Sexta
1150 578 1240 612 ratio.
1265 578 1297 611 Si
1310 578 1424 611 electio
1438 578 1591 624 posterior
1603 579 1638 614 fit
1653 581 1758 627 praevi-

1002 625 1086 660 sione
1100 625 1195 666 fidei,
1216 639 1347 674 operum
1360 651 1367 662 ‚
1388 631 1418 661 δι
1433 626 1676 674 perseverantiae,
1696 641 1762 663 tum

1001 676 1101 709 divina
1122 675 1308 723 praescientia
1321 677 1455 710 intuetur
1467 676 1569 710 nostra
1583 691 1676 724 opera
1689 702 1699 718 ,
1724 678 1762 712 fi-

1001 725 1084 765 dem,
1093 729 1123 760 &
1135 725 1395 772 perseverantiam,
1407 735 1568 773 antequam
1577 729 1640 771 ejus
1652 729 1761 761 volun-

1001 786 1046 809 tas
1061 776 1227 809 decreverit
1243 788 1352 809 eorum
1364 773 1570 810 existentiam:
1589 777 1685 824 Atqui
1703 778 1761 810 im-

1003 824 1142 871 possibile
1156 824 1200 859 cst
1209 849 1219 864 ,
1233 836 1266 858 ut
1278 825 1377 858 divina
1386 822 1569 871 praescientia
1578 825 1701 860 visionis
1715 827 1762 859 in-

1003 885 1121 908 tueatur
1129 875 1294 921 quicquam
1309 885 1341 907 ut
1353 871 1490 907 futurum
1498 879 1528 909 δι
1537 875 1670 909 existens
1680 888 1762 922 quo—

1003 925 1049 957 vis
1063 935 1205 970 tempore
1217 947 1226 962 ,
1245 924 1332 970 quod
1340 936 1404 956 non
1419 924 1501 969 prius
1512 925 1581 958 atftu
1596 926 1761 958 voluntatis

1002 973 1136 1007 decrevit
1144 971 1271 1006 existere
1280 987 1288 1013 ;
1303 985 1373 1006 nam
1383 973 1447 1006 Dei
1455 972 1636 1019 praescientia
1645 987 1708 1007 non
1716 973 1760 1008 est

1003 1021 1086 1056 causa
1099 1021 1262 1056 existentiae
1278 1033 1328 1055 aut
1339 1019 1530 1056 futuritionis
1545 1024 1588 1062 rei
1601 1026 1647 1067 cuj
1653 1022 1761 1057 uscun-

1003 1084 1063 1119 que
1071 1096 1083 1112 ,,
1108 1070 1157 1106 sed
1168 1072 1275 1105 omnia
1290 1072 1424 1105 intuetur
1436 1082 1469 1105 ut
1483 1072 1499 1105 Ξι
1512 1071 1569 1105 suis
1582 1073 1673 1106 cautis
1687 1085 1761 1119 pro-

1003 1122 1108 1156 dueta:
1126 1133 1227 1168 neque
1242 1121 1336 1154 ullum
1351 1133 1428 1166 opus
1437 1121 1558 1155 bonum
1572 1122 1671 1167 potest
1685 1134 1760 1168 prae-

1003 1169 1068 1205 sciri
1088 1170 1141 1204 nisi
1155 1171 1407 1216 praeconcipiatur
1422 1181 1455 1204 ut
1470 1171 1658 1216 produffilum
1672 1172 1687 1204 :i
1705 1171 1760 1204 suis

1002 1219 1095 1254 causis
1107 1231 1176 1252 ante
1190 1218 1414 1266 praevifionem:
1431 1219 1507 1252 nihil
1520 1232 1620 1255 autem
1634 1220 1761 1254 existere

1002 1268 1105 1316 potest
1114 1281 1167 1315 per
1175 1269 1419 1315 produfflonem
1432 1269 1519 1303 ullius
1530 1270 1689 1309 causae,nis1
1698 1270 1764 1305 Dei

1002 1320 1140 1352 voluntas
1153 1317 1235 1364 prius
1250 1318 1417 1352 decreverit
1430 1321 1494 1362 ejus
1510 1319 1699 1353 existentiam
1712 1334 1720 1359 ;
1733 1332 1763 1351 an

1003 1368 1065 1402 deo
1075 1379 1107 1401 ut
1115 1365 1230 1401 necesse
1238 1366 1381 1400 fitDeum
1390 1368 1472 1413 prius
1480 1367 1642 1401 decernere
1651 1369 1765 1416 produ-

1002 1418 1142 1451 &ionem
1163 1416 1236 1450 fidei
1250 1420 1281 1450 &
1303 1415 1541 1463 perstveramiae,
1556 1418 1648 1465 quam
1662 1419 1707 1451 vel
1724 1419 1769 1450 vi-

1002 1467 1072 1511 deat
1091 1467 1137 1501 vel
1155 1466 1316 1513 praevideat
1335 1477 1440 1500 earum
1460 1466 1491 1498 in
1515 1468 1609 1501 nobis
1635 1466 1768 1501 existen-

1002 1528 1088 1550 tiam.

1051 1564 1198 1612 Septima.
1224 1563 1258 1598 Id
1272 1564 1303 1597 in
1312 1565 1377 1598 Dei
1386 1563 1516 1598 decretis
1526 1565 1767 1612 concipiendum

1004 1614 1064 1654 est,
1086 1625 1119 1648 ut
1126 1614 1210 1660 prius
1226 1614 1313 1661 quod
1326 1613 1420 1647 habet
1433 1615 1585 1648 rationem
1598 1614 1684 1651 finis,
1700 1615 1770 1650 &id

1003 1664 1154 1712 posterius
1162 1664 1249 1711 quod
1262 1664 1414 1697 rationem
1427 1664 1537 1698 medii:
1552 1665 1649 1711 Atqui
1664 1665 1770 1698 homi·-

1004 1727 1079 1748 num
1092 1711 1165 1747 {alus
1180 1712 1345 1747 secundum
1357 1713 1525 1760 Scripturas
1539 1715 1714 1761 concipitur
1735 1726 1769 1749 ut

1004 1763 1090 1803 finis,
1104 1762 1181 1797 fides
1194 1773 1312 1802 autern,
1331 1775 1445 1810 opera,
1459 1767 1490 1798 &
1503 1761 1721 1809 perseverantia
1735 1775 1769 1798 ut

1005 1812 1103 1848 media
1117 1812 1230 1860 quibus
1246 1811 1337 1846 istum
1359 1811 1454 1846 finem
1470 1812 1665 1860 assequimur.
1688 1813 1769 1860 Eph.

1005 1877 1031 1898 2.
1048 1866 1078 1898 8.
1092 1863 1245 1897 Salvamur
1258 1874 1312 1909 per
1327 1861 1436 1901 fidem,
1461 1863 1535 1898 Aet.
1552 1875 1601 1899 rr.
1619 1875 1666 1905 19.
1681 1864 1770 1896 Deus

1005 1913 1088 1948 dedit
1094 1911 1235 1960 gentibus
1244 1909 1476 1957 resipiscentiam
1483 1912 1520 1946 ad
1528 1913 1629 1951 vitam,
1636 1911 1770 1946 2.Thes{·.

1008 1976 1034 1997 z.
1047 1975 1087 2009 13.
1103 1963 1207 2009 Elegit
1219 1973 1276 1995 nos
1296 1962 1387 1994 Deus
1401 1960 1438 1995 ad
1450 1959 1574 1995 salutem
1594 1962 1626 1995 in
1639 1960 1772 1995 [3ηᾶἰῇ-

1007 2014 1129 2048 catione
1153 2010 1272 2059 spiritfis
1290 2014 1322 2044 &
1341 2009 1403 2044 fide
1417 2010 1562 2044 veritatis.
1588 2014 1622 2044 In
1642 2023 1772 2052 numero

1008 2074 1146 2096 mearum
1159 2061 1315 2095 rationum
1327 2071 1393 2093 non
1406 2060 1550 2094 excedam
1565 2071 1652 2098 tuum
1672 2058 1772 2106 septe-

1010 2124 1139 2145 narium.

1773 592 1849 615 Sexte

1781 1578 1893 1615 Srpll‘mffl

221 2162 306 2212 posse
320 2163 524 2208 perseverare,
538 2162 623 2210 posse
636 2163 728 2202 velle,
743 2162 828 2208 posse
838 2163 976 2210 diligere,

222 2226 290 2261 quae
303 2214 369 2247 Dei
383 2210 501 2259 spiritus
512 2223 674 2258 operatur,
689 2223 738 2246 aut
753 2213 874 2258 operati
890 2224 974 2259 para-

222 2274 271 2297 tus
298 2262 343 2296 est
366 2263 397 2295 in
414 2261 597 2295 hominibus
616 2262 707 2294 etiam
727 2259 978 2307 quibuscunque,

221 2321 316 2359 prout
329 2309 356 2344 se
370 2309 428 2343 suis
448 2309 611 2343 conatibus
626 2320 714 2353 aptos
735 2320 785 2342 aut
803 2310 926 2353 ineptos
942 2307 980 2341 ad

224 2359 441 2407 suscipiendam
460 2358 640 2391 ulteriorem
663 2357 792 2401 gratiam
817 2355 956 2388 efficiunt
970 2378 979 2393 ,

223 2422 336 2458 quum,
357 2410 482 2456 inquam
498 2432 508 2446 ,
534 2406 673 2440 voluntas
687 2404 748 2438 hoc
765 2403 850 2451 posse
869 2404 981 2450 redigit

223 2462 255 2494 in
264 2458 336 2499 esse,
352 2458 412 2503 ipse
419 2457 505 2491 aetus
514 2455 584 2489 fidei
592 2480 601 2495 ,
613 2451 854 2501 perseverantiae,
870 2457 901 2488 &
910 2451 981 2486 cha-

1059 2159 1159 2208 Qod
1171 2159 1207 2193 ad
1220 2162 1339 2197 Patres,
1353 2157 1374 2191 fi
1388 2171 1459 2197 eos,
1473 2156 1587 2205 utsaepe
1601 2157 1771 2205 profiteris,
1787 2169 1925 2191 Omnesor-

1009 2210 1080 2244 vere
1088 2209 1402 2248 reverearis,invenies
1415 2208 1694 2254 proindependenti
1705 2220 1771 2254 pre-
1785 2204 1887 2231 ΛΜΨ-τὶ

1011 2259 1227 2297 destinatione,
1242 2269 1275 2291 ut
1288 2270 1396 2296 vocas,
1407 2256 1483 2291 stare
1496 2269 1605 2291 omnes
1614 2259 1666 2303 qui
1683 2258 1729 2289 vel
1742 2260 1773 2289 in
1786 2243 1927 2310 ss‘sswfmst

1012 2308 1174 2340 occidente
1194 2307 1241 2340 vel
1263 2307 1294 2338 in
1313 2307 1435 2339 oriente
1454 2303 1632 2352 scripserunt
1654 2306 1771 2339 duode-
1788 2295 1912 2350 ᾳῖῇᾙέω

1012 2356 1074 2388 cim
1086 2356 1235 2400 proximis
1249 2365 1317 2386 ante
1329 2367 1387 2387 nos
1402 2352 1517 2387 seculis.
1542 2354 1615 2388 Post
1623 2355 1769 2387 velitatio-
1778 2341 1824 2400 iuro
1840 2365 1927 2390 claffo.

1014 2416 1084 2436 nem
1104 2403 1236 2448 aliquam
1249 2401 1265 2434 a
1286 2400 1466 2445 quibusdam
1491 2405 1726 2450 Semipelagmm's
1742 2405 1772 2436 in
1785 2405 1932 2441 nemriepew

1016 2450 1116 2485 Gallis?
1131 2463 1230 2498 prope
1244 2450 1447 2493 ffliczffllc'am
1462 2451 1603 2485 dorstrim
1628 2451 1771 2499 Augusti·
1786 2445 1883 2471 (107)Ῐο-

223 2509 319 2544 ritatis
334 2506 527 2542 ascribendus
540 2504 584 2538 est
601 2503 654 2537 soli
665 2504 815 2537 voluntati
826 2528 835 2542 ‚
845 2514 878 2537 ut
891 2500 981 2536 causae

224 2557 404 2593 immediate
416 2554 574 2590 efficienti.
599 2554 741 2588 Collatio
754 2553 819 2587 haec
832 2554 864 2586 in
878 2553 981 2585 omni-

225 2609 283 2642 bus
294 2607 350 2641 suis
364 2606 501 2654 partibus
517 2604 561 2639 est
573 2605 741 2652 Spalatenfis
759 2602 823 2650 ipso
837 2615 876 2636 eo
894 2602 980 2640 loco,

226 2671 320 2705 quem
336 2669 375 2690 ex
388 2669 428 2689 eo
442 2655 579 2690 adducis:
593 2652 828 2700 assumptionem
846 2663 949 2685 tamen
964 2649 983 2683 fi

227 2720 295 2741 cam
303 2707 347 2739 vis
360 2703 534 2743 defendere,
545 2702 632 2738 facile
645 2703 827 2737 convincam
841 2700 983 2738 falfitatis,

228 2757 374 2791 nimirum
389 2753 484 2788 fidem
500 2778 508 2790 ‚
534 2758 565 2788 δι
583 2751 836 2800 perseverantiam
849 2763 914 2784 non
927 2748 985 2784 effe

229 2818 323 2854 opera
335 2804 466 2852 specialis
480 2804 580 2850 gratiae
594 2826 604 2841 ‚
629 2800 678 2836 sed
691 2802 867 2836 communis
880 2800 984 2847 provi-

229 2856 339 2890 dentiae
349 2880 359 2894 ,
373 2854 458 2901 quod
471 2852 534 2886 haec
547 2851 743 2898 providentia
759 2851 907 2884 omnibus
919 2847 985 2882 abs-

230 2918 291 2952 que
308 2904 490 2950 exceptione
503 2901 684 2936 hominibus
693 2901 741 2934 dat
750 2895 986 2947 potentiamsuf-

230 2955 387 2988 ficientem
401 2954 437 2987 ad
453 2951 563 2990 fidem,
578 2948 845 2997 perseverantiam,
865 2953 895 2983 &
915 2947 984 2981 salu-

231 3015 314 3038 tem:
335 3002 421 3050 quod
435 3014 531 3036 nemo
547 3001 562 3034 :i
577 3002 653 3035 Deo
666 3000 793 3046 accipiat
807 2999 988 3032 ulteriorem

231 3053 357 3100 gratiam
365 3051 457 3098 quzim
466 3051 636 3097 potentiam
644 3050 679 3083 ad
687 3049 873 3083 credendum
882 3072 891 3086 ,
904 3046 990 3094 quod

232 3102 317 3135 astus
329 3100 438 3134 fidei&
448 3097 672 3146 perseverantiae
685 3098 741 3133 lint
753 3097 841 3131 liberi
855 3096 990 3134 arbitrii,

233 3163 298 3184 non
311 3149 384 3183 vero
398 3148 516 3195 spiritus
531 3149 613 3188 Dei,
626 3147 680 3182 nisi
694 3149 725 3181 in
744 3157 892 3195 quantum
901 3146 989 3192 largi-

233 3212 281 3234 tur
294 3199 355 3234 hoc
368 3197 452 3246 posse
464 3199 601 3234 credere,
616 3198 701 3245 quod
714 3196 758 3231 cst
771 3198 888 3232 donum
904 3207 989 3229 com-

1015 2502 1047 2535 ni
1060 2502 1091 2535 in
1106 2501 1168 2534 hoc
1180 2501 1277 2546 capite
1293 2500 1417 2538 nostrO,
1434 2501 1474 2533 ita
1486 2502 1525 2534 ab
1541 2499 1695 2548 Episcopo
1705 2503 1775 2535 Ko-

1017 2563 1110 2584 mano
1127 2555 1158 2584 ὅ(
1175 2550 1529 2595 Constantinopolitano
1553 2550 1609 2584 fuit
1623 2551 1777 2597 approba-

1016 2613 1061 2639 ta,
1077 2604 1107 2634 δι
1124 2601 1269 2646 dogmata
1283 2599 1410 2641 Caffiam'
1425 2599 1539 2643 Fausti,
1554 2605 1585 2634 &
1599 2600 1777 2634 aliorumita

1018 2650 1132 2695 rejed‘m
1146 2673 1153 2684 ‚
1175 2660 1209 2682 ut
1226 2648 1337 2695 absque
1351 2649 1438 2682 omni
1454 2647 1518 2684 fere
1531 2650 1777 2683 contradictione

1018 2699 1121 2733 nostra
1134 2698 1224 2732 thefis
1248 2699 1364 2745 ubique
1377 2709 1498 2745 recepta
1513 2698 1561 2737 fit,
1583 2699 1777 2737 donecanno

1019 2748 1182 2783 millesimo
1191 2746 1408 2781 sexcentesimo
1416 2760 1450 2781 ex
1458 2747 1617 2781 occafione
1632 2746 1777 2787 clausulae‚

1020 2800 1111 2846 quzim
1120 2796 1233 2845 Jesuita
1248 2799 1372 2830 Malum
1388 2810 1423 2831 ex
1438 2796 1491 2830 suo
1508 2796 1575 2830 solo
1589 2797 1729 2837 cerebro,
1744 2810 1778 2832 ut

1021 2846 1224 2895 profitetur‚sc
1239 2846 1547 2895 addidisseAugnstz‘ni
1554 2844 1695 2881 absolutae
1705 2860 1778 2893 prae-

1021 2897 1226 2936 destinationi,
1243 2910 1335 2943 quam
1349 2896 1456 2930 millies
1467 2896 1493 2929 se
1507 2894 1634 2929 affirmat
1649 2895 1777 2930 firmiffi-

1022 2947 1072 2981 me
1088 2947 1232 2990 ,creden-e,
1258 2945 1427 2980 Leonardus
1441 2945 1565 2987 Ltffius,
1579 2949 1609 2979 δε
1622 2946 1670 2978 alii
1691 2947 1778 2993 pauci

1023 2996 1144 3031 obscuri
1156 2995 1277 3043 Jcsuitae
1291 2994 1589 3042 proedcstinationem
1603 2995 1777 3042 dependen-

1024 3059 1086 3080 tem
1094 3045 1293 3093 aproevisione
1307 3044 1377 3079 fidei
1385 3050 1549 3091 &operum
1558 3056 1718 3091 coeperunt
1726 3046 1773 3077 dev

1025 3094 1202 3134 fendere;ab
1212 3108 1251 3128 eo
1262 3094 1381 3127 tantum
1388 3104 1528 3140 tempore
1538 3094 1678 3127 doeh-ina
1685 3106 1734 3128 tua
1741 3094 1779 3128 de

1025 3143 1590 3190 eleffionedependenteaudiricoepit.
1611 3144 1779 3191 Qodtan-

1027 3206 1056 3229 ta
1072 3194 1106 3228 fit
1119 3205 1177 3227 tua:
1192 3192 1288 3227 Thefi
1303 3192 1510 3227 contradictio
1523 3193 1554 3226 in
1567 3194 1722 3240 prioribus
1737 3192 1779 3224 se-

1405 3242 1458 3285 Ss
1470 3255 1482 3287 3
1705 3241 1779 3273 culis
