2048 3343
452 80 529 106 ετ
595 48 1516 105 CHRoNozoctctLtn.11.
1656 61 1751 113 «ᾗ

196 140 313 175 artibus
335 139 405 173 viro
429 137 550 185 optim&
569 138 607 173 dc
626 136 654 173 se
674 138 788 174 merito
815 136 954 171 ultimam

196 189 366 237 pernicicm
378 186 512 222 creasset.

32 254 113 287 τίω-4
125 265 183 284 tum
242 239 347 285 Reges
362 236 544 271 Parthorum
558 235 705 280 Arfhcidae
720 234 758 269 ab
776 233 895 279 aliquot
909 229 951 264 se-

33 296 160 325 mbm'oin
195 287 269 322 culis
284 286 416 320 latiffima
429 287 570 321 Orientis
589 297 680 332 regna
696 281 788 329 usque
802 283 839 314 ad
853 279 954 314 Indias

33 337 168 364 Germani-
193 335 405 383 poffidcbant;
436 335 522 383 quod
541 334 579 367 ad
599 329 743 366 externos
757 328 864 363 hostes
885 326 954 361 satis

31 385 90 421 “⁴3'’
103 385 159 403 con-
193 383 288 419 securi
306 408 316 424 ,
348 383 401 419 erfi
418 382 595 417 domesticis
615 377 816 414 seditionibus
835 377 956 412 multo-

26 415 116 455 ’ΨΜ
193 435 250 469 ties
264 443 452 469 vexarentur.
477 433 564 465 Tum
577 429 727 476 temporis
741 439 865 462 venerat
880 430 951 461 Par-

193 483 323 518 thorum
346 482 512 529 Imperium
527 480 558 514 in
577 491 683 512 manus
703 476 881 518 Artabani3
908 476 951 511 vir

193 532 245 567 hic
258 544 325 567 acer
341 544 405 566 non
418 541 538 565 tantum
553 530 753 563 eArmeniam
767 526 928 573 occupavit
940 550 950 566 ,

193 581 244 616 sed
262 585 294 617 &
320 581 510 629 Euphratem
534 578 700 626 aliquando
725 577 951 624 transgrediens

193 634 279 680 Syria
302 635 334 666 &
364 629 484 664 Arabia
507 627 716 664 minitabatur.
774 625 952 660 Secundum

194 680 325 730 Augusti
350 680 512 715 confilium
533 690 600 713 non
625 675 783 711 laborabat
802 674 952 709 Tiberius

194 731 336 764 Romani
350 731 474 778 Imperii
488 727 553 763 satis
566 739 632 761 tum
645 725 794 772 superque
808 724 900 772 ampli
914 721 952 756 fi-

195 792 250 814 nes
262 780 385 814 dilatare
398 803 407 818 ‚
433 777 551 813 tantum
565 777 596 810 in
611 776 744 810 Oriente
760 774 796 809 ad
812 772 953 821 Euphra-

194 839 260 863 tem
280 833 311 863 &
324 828 499 864 Occidente
511 827 547 861 ad
563 825 708 859 Rhenum
723 824 830 858 multas
845 828 874 858 &
889 821 952 856 for-

195 889 242 913 tes
255 878 394 926 legiones
408 902 418 918 ,
443 889 475 912 ut
489 875 709 912 Parthorum&
719 874 954 907 Germanorum

195 931 374 975 eruptiones
383 925 599 974 compesceret.
624 923 806 958 Germanici
820 929 849 958 &
865 922 955 968 patris

195 978 293 1023 Drusi
302 979 411 1014 virtute
418 978 653 1011 Germanorum
667 974 746 1008 vires
759 973 838 1006 adeo
852 970 954 1005 fractae

197 1038 283 1062 erant
296 1052 306 1066 ,
330 1038 364 1061 ut
377 1027 452 1060 nihil
466 1025 537 1059 inde
556 1035 655 1058 metus
669 1021 795 1057 restaret
807 1045 817 1060 ‚
845 1020 893 1055 sed
914 1020 953 1054 ab

196 1076 357 1111 Artabano
376 1080 407 1111 δι
427 1074 543 1110 Parthis
557 1073 724 1122 periculum
745 1071 893 1105 Tiberius
918 1071 955 1103 de

197 1125 346 1162 industria
354 1124 570 1173 exaggerabat,
591 1133 624 1156 ut
636 1121 762 1155 haberet
776 1130 954 1166 praetextum

196 1175 392 1211 abstrahendi
407 1173 630 1208 Germanicum
650 1171 665 1205 a
684 1169 741 1204 suis
756 1169 950 1217 legionibus,

197 1222 537 1269 &objiciendicasibus
552 1221 624 1254 belli
644 1219 793 1257 Parthici,
820 1230 954 1264 eumque

195 1275 231 1308 in
248 1274 381 1308 Oriente
400 1272 508 1319 procul
529 1270 636 1305 Roma
655 1268 802 1303 induendi
821 1269 858 1302 iis
873 1267 953 1302 caffi-

196 1323 273 1358 bus,
291 1334 372 1368 quos
385 1323 415 1355 in
429 1323 493 1366 ejus
507 1331 642 1355 mortem
654 1315 890 1353 sceleratiffimus
905 1330 952 1364 pa-

195 1382 283 1407 truus
296 1370 362 1406 satis
376 1370 478 1418 aperte
491 1370 620 1418 parabat.
658 1366 838 1403 Difficulter
845 1368 951 1401 admo-

197 1422 273 1457 dum
287 1447 297 1462 ‚
322 1434 378 1456 nec
392 1420 446 1455 nisi
459 1419 537 1469 aegre
551 1445 559 1459 ‚
587 1419 722 1467 repetitis
737 1417 861 1451 Tiberii
873 1429 957 1451 man-

198 1471 275 1506 datis
284 1471 491 1506 Germanicus
501 1472 639 1504 Romam
652 1469 688 1502 ad
701 1466 890 1514 triumphum
907 1480 957 1501 ac-

198 1521 283 1556 ceslit
296 1535 303 1555 :
326 1521 389 1554 hoc
402 1520 530 1567 peraeto
540 1518 596 1552 sub
609 1518 739 1552 honoris
753 1515 957 1563 speciestatim

197 1571 235 1606 in
249 1571 416 1605 Orientem
430 1570 605 1604 amandatus
620 1567 664 1601 est
675 1591 686 1606 ,
705 1569 958 1606 utasirmeniam,

199 1620 414 1670 Cappadociam
427 1645 437 1660 ‚
463 1622 581 1668 Syriam
594 1642 604 1658 ,
626 1614 804 1664 caeterasque
818 1617 862 1650 ibi
883 1618 958 1650 Pro-

198 1672 311 1707 vincias
325 1668 546 1704 administraret
557 1678 665 1703 contra
678 1668 741 1702 vim
755 1664 958 1714 fraudemque

197 1719 358 1756 Artabani
382 1724 414 1756 &
434 1719 571 1753 aliorum.
605 1716 757 1752 Concessa
779 1717 904 1765 quidem
931 1718 958 1751 ei

198 1769 258 1805 fuit
275 1768 452 1818 amplissima
465 1770 496 1804 in
509 1781 619 1803 omnes
633 1767 708 1802 ultra
727 1779 809 1801 mare
824 1768 954 1802 Provin-

174 1855 175 1858 ,
198 1821 260 1854 cias
273 1818 406 1867 potestas
418 1844 429 1859 ,
455 1822 487 1855 &
500 1828 579 1867 quot
598 1818 687 1852 vellet
705 1817 849 1865 legiones
862 1829 895 1851 ac
909 1815 955 1851 so-

199 1871 324 1904 ciorum
343 1869 471 1911 auxilia3
500 1867 548 1903 sed
567 1879 669 1902 tamen
689 1878 758 1901 ante
771 1879 841 1900 eum
855 1866 956 1901 miffus

201 1917 247 1953 est
263 1919 294 1952 in
307 1921 425 1967 Syriam
437 1922 554 1954 Praetor
566 1917 641 1962 Pfi,
655 1917 701 1950 vir
712 1917 956 1951 turbulentiffimi

201 1968 338 2016 ingenii,
367 1970 452 2013 cujus
468 1981 545 2003 uxor
557 1969 702 2001 Plancina
716 1964 836 2001 faemina
851 1968 957 2014 primae

200 2018 374 2052 nobilitatis
388 2018 522 2067 Augusta
535 2017 648 2052 intima.

249 2068 341 2102 Licet
364 2068 501 2117 Augusta
519 2067 642 2103 Tiberii
660 2077 759 2101 mater
777 2065 959 2101 Germanici

205 2115 299 2152 fuerit
312 2118 386 2153 avia,
400 2117 500 2152 multo
514 2129 615 2151 tamen
629 2117 660 2151 in
673 2117 849 2153 Tiberium,
863 2116 956 2164 quam

203 2167 238 2202 in
255 2166 482 2201 Germanicum
500 2164 559 2201 fuit
582 2165 765 2214 propensior
784 2180 793 2207 ;
826 2165 960 2200 habebat

200 2216 285 2251 enim
299 2216 505 2251 Germanicus
523 2219 724 2266 Agrippinam
738 2214 831 2249 filiam
845 2218 960 2264 Agrip-

203 2275 244 2314 pa
271 2269 303 2300 &
328 2267 404 2300 Iuliae
427 2265 555 2315 Augusti
580 2267 675 2300 unicae
699 2264 794 2311 prolis
817 2263 959 2298 sororem

206 2316 275 2361 Caji
285 2338 293 2350 ‚
319 2318 428 2353 Lucii,
451 2319 481 2349 &
501 2320 637 2363 Agrippa
654 2313 806 2358 Posthumi
819 2338 828 2353 ,
847 2314 901 2361 qui
918 2325 955 2346 0-

204 2375 293 2396 mnes
306 2364 400 2398 Liviae
409 2363 522 2397 artibus
536 2373 696 2410 perierant.
712 2366 880 2410 Agrippina
894 2374 958 2395 ma-

204 2412 294 2446 ximae
316 2412 432 2446 virtutis
449 2417 479 2446 &
503 2412 623 2459 :equalis
643 2412 736 2445 animi
757 2408 876 2444 faemina
891 2435 900 2450 ‚
927 2422 959 2444 ut

209 2460 340 2509 Augusti
358 2461 457 2508 neptis
471 2465 501 2496 &
520 2462 670 2508 genuinus
689 2457 805 2507 sanguis
823 2483 833 2499 ,
861 2460 958 2494 Liviae

203 2523 271 2545 non
284 2522 345 2543 tam
355 2512 511 2559 morigera
525 2521 587 2545 erat
599 2535 609 2550 ,
622 2520 655 2544 ut
667 2510 698 2543 in
712 2508 959 2555 imperiosiffimae

204 2560 342 2594 mulieris
360 2561 453 2608 gratia
468 2561 603 2607 potuerit
623 2557 808 2607 perseverare
823 2571 830 2592 ε
856 2559 957 2604 paula-

205 2610 262 2643 tim
275 2621 351 2657 ergo
364 2611 394 2643 in
408 2610 516 2644 odium
534 2609 672 2644 incidens
685 2632 692 2644 ‚
718 2608 853 2642 Liviain
873 2607 957 2642 Ger-

205 2659 318 2693 manici
331 2658 484 2706 totiusque
498 2661 562 2704 ejus
575 2657 696 2693 familiae
708 2659 875 2705 perniciem
889 2671 959 2692 cum

206 2708 343 2742 Tiberio
356 2708 495 2743 lubenter
509 2708 575 2743 satis
588 2707 786 2754 conspiravit:
801 2718 894 2754 utque
902 2708 959 2741 Ti-

207 2758 312 2793 herius
331 2759 438 2802 ‘Ptstmi
455 2759 575 2793 occulta
594 2759 625 2791 in
644 2758 826 2792 Germanici
841 2758 958 2791 ruinam

209 2807 348 2842 mandata
367 2808 449 2842 dedit
463 2833 472 2846 ,
500 2809 539 2841 ita
548 2807 632 2840 Livia
645 2807 787 2840 Plancina
801 2816 833 2839 ut
841 2818 960 2840 vexaret

211 2859 420 2904 Agrippinam.
438 2857 643 2891 Germanicus
659 2865 693 2889 ut
704 2856 735 2888 in
748 2856 853 2897 Afiam
866 2855 960 2894 venit,

210 2906 407 2952 prudentia&
420 2907 554 2941 nominis
564 2904 604 2939 sui
617 2916 735 2939 terrore
748 2903 848 2938 statim
857 2904 962 2938 omnia

212 2953 410 3000 composuit:
443 2960 586 2990 Graeciam
605 2980 615 2995 ‚
642 2957 845 3004 eAEgyptum‚
872 2963 962 2988 caetc-

213 3001 317 3050 rasque
334 3005 506 3039 Provincias
525 3005 643 3046 invisit,
669 3016 756 3040 tantae
777 3004 893 3051 ubique
906 3003 963 3037 hu-

213 3052 364 3086 manitatis
378 3078 387 3092 ,
406 3064 438 3087 ut
453 3052 602 3089 summum
616 3056 758 3089 omniurn
774 3053 962 3100 populorum

214 3114 353 3135 amorem
366 3114 436 3149 erga
454 3101 481 3136 se
495 3105 714 3139 conciliaverit.
743 3105 832 3139 Solus
852 3102 917 3147 Pisb
931 3103 962 3136 in

215 3149 364 3186 omnibus
379 3152 406 3186 ci
420 3152 522 3199 aperte
540 3151 707 3195 adversari,
719 3153 901 3196 calumnias,
915 3153 962 3189 in-

994 130 1140 180 fidiasque
1151 130 1268 165 struere
1282 155 1293 171 ‚
1318 131 1385 165 imo
1405 133 1528 168 tandem
1542 132 1638 180 opera
1649 133 1753 168 incan-

994 184 1135 216 tatricum
1150 192 1302 215 venenum
1315 181 1467 226 praebere:
1482 183 1569 230 quod
1581 194 1652 217 cum
1666 183 1753 217 certo

994 229 1189 277 comperisset
1205 229 1411 263 Germanicus
1427 254 1436 266 ‚
1467 232 1574 276 ‘Pisc'mi
1590 232 1756 267 amicitiam

995 281 1178 314 renuncians
1209 280 1371 334 imperavit
1403 291 1570 325 properum
1594 294 1631 315 ex
1663 283 1756 326 eAfia

994 325 1149 361 discessum
1165 343 1173 368 ;
1190 326 1240 362 sed
1253 338 1367 361 interea
1380 325 1461 360 suam
1475 331 1534 362 toti
1547 330 1620 363 orbi
1632 331 1755 365 Roma-

993 388 1037 410 no
1052 377 1245 423 gratiffimam
1257 377 1389 410 animam
1404 375 1551 411 exhalavit
1561 379 1753 415 Antiochiae:

995 426 1068 460 dum
1090 424 1140 458 hic
1154 426 1185 458 in
1200 437 1282 472 rogo
1295 437 1408 472 corpus
1421 423 1597 471 dissolutum
1611 427 1655 461 cst
1667 453 1677 469 ,
1697 440 1753 463 cor

993 485 1026 509 ut
1040 487 1162 510 veneno
1177 474 1331 508 imbutum
1345 473 1487 508 manebat
1497 476 1720 523 incorruptum.

1040 527 1210 573 Agrippina
1220 547 1227 559 ‚
1253 535 1320 570 quae
1334 535 1404 557 cum
1419 523 1522 558 liberis
1531 524 1647 572 ubique
1659 527 1749 560 mari-
1763 523 1816 562 1³1st
1826 524 1918 553 meruli

993 586 1058 609 tum
1073 574 1215 608 comitari
1228 570 1357 609 solebat,
1385 574 1450 617 ejus
1464 575 1579 608 cineres
1592 575 1622 607 in
1630 565 1916 643 gremiolzfizzercon.

995 626 1132 658 Romam
1147 623 1255 657 detulit
1270 645 1280 660 ‚
1309 620 1476 656 vindictam
1490 623 1527 657 de
1539 623 1691 658 veneficio
1705 625 1753 659 Pi—

994 672 1073 707 sonis
1082 679 1112 707 &
1128 674 1270 706 Plancina
1282 671 1298 704 a
1311 672 1446 706 Tiberio
1453 682 1598 721 expetens
1611 686 1619 707 z
1643 674 1754 721 cogni-

994 725 1041 757 tio
1055 721 1146 757 causae
1161 721 1283 755 Senatui
1298 721 1394 755 delata
1408 719 1452 755 est
1468 745 1479 762 ‚
1501 723 1634 770 populus
1647 733 1752 757 morte

994 771 1176 807 dileetiffimi
1199 773 1373 819 qermanici
1391 768 1494 805 furens
1513 771 1529 806 a
1553 770 1753 820 discerpendo

996 820 1102 856 Pisone
1117 825 1148 855 &
1171 819 1319 853 Plancina:
1333 820 1379 853 vix
1393 820 1495 867 potuit
1506 820 1655 856 cohiberi.
1692 822 1754 857 Ti-

993 871 1096 906 berius
1116 869 1168 903 etsi
1184 872 1214 903 in
1233 871 1344 904 Senatu
1364 869 1478 914 justum
1498 868 1526 905 se
1548 870 1682 915 judicem
1703 868 1753 906 fe-

995 922 1079 954 rebat
1092 943 1102 958 ‚
1128 930 1232 952 tamen
1252 919 1329 952 clam
1343 931 1398 965 per
1416 920 1628 954 internuncios
1651 918 1754 955 Pisoni

994 969 1075 1016 spem
1091 966 1164 1002 fecit
1179 970 1259 1004 vitae.
1302 967 1450 1002 Habebat
1467 970 1499 1001 in
1518 969 1659 1004 manibus
1681 968 1752 1004 Piso

993 1018 1171 1057 codicillos,
1198 1017 1254 1064 qui
1264 1014 1328 1050 satis
1342 1016 1517 1062 probabant
1529 1015 1642 1052 nefaria
1650 1019 1753 1054 Tibe-

993 1069 1075 1103 rii&
1093 1070 1187 1101 Liviae
1207 1068 1236 1100 in
1257 1069 1472 1115 §ermanicum
1486 1067 1624 1100 mandata
1637 1091 1648 1107 ‚
1672 1078 1754 1113 quos

993 1116 1131 1164 proferre
1144 1116 1293 1150 statuebat
1306 1117 1337 1149 in
1346 1117 1476 1156 Senatu3
1503 1113 1551 1150 sed
1565 1128 1604 1149 eo
1612 1116 1675 1150 astu
1687 1126 1754 1150 rem

991 1168 1131 1201 tractavit
1148 1166 1296 1199 Tiberius
1308 1189 1317 1204 ‚
1343 1175 1375 1198 ut
1389 1163 1437 1211 spe
1449 1166 1516 1199 vitae
1531 1163 1599 1199 Piso
1612 1165 1650 1199 ab
1663 1177 1753 1200 accu-

992 1214 1085 1250 sando
1098 1216 1233 1249 Tiberio
1246 1213 1440 1254 abstinuerit,
1454 1214 1555 1249 donec
1562 1215 1755 1250 animadver-

992 1264 1069 1300 tisset
1089 1277 1218 1299 uxorem
1246 1265 1423 1297 Plancinam
1442 1262 1534 1311 ipsius
1552 1263 1568 1298 a
1588 1261 1617 1298 se
1637 1262 1755 1299 causam

994 1314 1151 1362 separasse,
1178 1327 1210 1347 ac
1220 1314 1362 1360 precibus
1376 1315 1472 1346 Livia
1487 1317 1518 1348 &
1532 1313 1656 1347 Tiberii
1669 1314 1684 1355 a
1699 1316 1754 1348 Se-

995 1377 1064 1399 natu
1087 1364 1284 1406 absolutamt
1318 1363 1374 1397 suae
1393 1366 1459 1396 tum
1483 1362 1755 1397 condemnationis

994 1427 1093 1448 certus
1110 1427 1174 1448 non
1188 1416 1264 1447 ultra
1284 1411 1406 1446 differre
1422 1410 1524 1446 statuit
1536 1412 1754 1447 mandatorum

995 1464 1119 1498 Tiberii
1133 1465 1314 1498 dilationem
1329 1476 1336 1497 :
1363 1460 1468 1498 vetum
1482 1461 1556 1497 dum
1571 1461 1601 1496 in
1613 1461 1677 1497 hoc
1690 1461 1754 1502 est,

995 1514 1159 1549 immissoa
1181 1512 1316 1548 Tiberio
1335 1510 1509 1558 percussore
1533 1521 1679 1548 necatur,
1711 1512 1754 1545 ita

995 1564 1081 1598 caute
1103 1576 1205 1599 tamen
1221 1573 1253 1596 ut
1279 1559 1341 1609 ipse
1354 1560 1409 1595 fibi
1433 1570 1540 1595 manus
1554 1558 1682 1594 intulisse
1707 1560 1754 1595 vi—

995 1613 1039 1648 sus
1050 1614 1093 1648 sit.
1126 1617 1185 1649 Ars
1200 1612 1264 1647 haec
1278 1624 1342 1646 non
1355 1610 1498 1646 cohibuit
1510 1611 1618 1658 populi
1631 1611 1754 1645 animos

993 1677 1110 1712 oraque
1125 1664 1162 1697 ab
1177 1663 1254 1697 odio
1267 1665 1299 1697 &
1310 1660 1488 1695 maledictis
1502 1660 1533 1694 in
1547 1658 1754 1695 Tiberium&

993 1718 1122 1748 Liviam
1136 1739 1146 1755 ,
1172 1724 1205 1748 ut
1217 1711 1385 1747 verissimos
1398 1712 1576 1746 Germanici
1589 1710 1678 1746 caedis
1698 1721 1753 1745 au·-

992 1766 1107 1800 stores.

1040 1815 1220 1849 Germanico
1241 1811 1379 1850 sublato,
1406 1811 1555 1847 Tiberius
1582 1810 1637 1845 suo
1660 1810 1755 1860 genio
1768 1813 1921 1845 menia-m·

992 1863 1104 1913 absque
1118 1864 1241 1898 timoris
1251 1861 1526 1910 fraenoindulgens,
1543 1863 1573 1895 in
1587 1861 1680 1895 multa
1693 1859 1756 1895 sce-
1768 1855 1864 1886 “effla‘-

993 1916 1054 1949 lera
1066 1915 1126 1948 ruit
1141 1927 1149 1947 τ
1163 1913 1423 1947 nobilissimorum
1433 1910 1588 1958 utriusque
1598 1908 1681 1944 sexus
1689 1910 1757 1958 plu-

993 1966 1089 1998 rimos
1098 1964 1152 1997 suo
1162 1963 1239 1996 odio
1253 1967 1284 1997 &
1297 1962 1427 1996 avaritiae
1439 1961 1550 2001 litavit;
1564 1973 1682 1995 novum
1690 1972 1757 1994 ma-

993 2018 1012 2060 ji
1023 2013 1105 2048 statis
1114 2014 1231 2047 crimen
1241 2014 1344 2058 rigore
1352 2010 1472 2045 summo
1480 2007 1678 2057 persequutus
1692 2008 1736 2044 est
1743 2033 1755 2048 ‚

993 2064 1013 2099 fi
1027 2062 1258 2112 quisleviflim'ol
1272 2059 1370 2095 verbo
1384 2060 1431 2094 vel
1442 2057 1486 2099 se,
1497 2059 1545 2093 vel
1557 2068 1698 2098 matrem,
1706 2057 1756 2092 vel

994 2113 1121 2163 Augusti
1135 2110 1246 2146 famam
1260 2109 1419 2158 tetigisset,
1433 2107 1534 2142 statim
1550 2118 1710 2155 correptus
1723 2110 1756 2143 δε

993 2165 1151 2198 damnatus
1161 2175 1242 2195 unco
1251 2159 1464 2194 adGemonias
1474 2156 1559 2192 scalas
1567 2156 1754 2197 trahebatur,

993 2227 1028 2247 ac
1043 2213 1103 2247 sine
1119 2211 1278 2259 sepulchro
1291 2207 1535 2256 praecipitabatur
1547 2207 1578 2241 in
1590 2206 1753 2242 Tiberim.

994 2262 1141 2296 omnibus
1156 2261 1250 2293 bonis
1262 2261 1293 2293 in
1308 2257 1414 2292 fiscum
1432 2256 1577 2291 redactis.
1613 2256 1753 2291 Unicum

994 2323 1055 2345 erat
1070 2312 1101 2344 in
1114 2309 1176 2344 hoc
1190 2308 1272 2342 malo
1286 2305 1594 2353 levamentum,siqui
1606 2316 1674 2339 ante
1688 2303 1754 2338 sen-

993 2361 1119 2394 tentiam
1128 2359 1182 2393 fibi
1192 2371 1297 2392 manus
1306 2355 1486 2395 intulissent,
1500 2366 1567 2389 tum
1580 2354 1753 2388 haeredibus

994 2410 1076 2443 bona
1086 2433 1094 2447 ,
1110 2413 1141 2443 δι
1155 2418 1266 2453 corpus
1273 2404 1411 2440 honestae
1424 2401 1754 2451 sepulturaetradeban-

994 2469 1042 2492 tur
1058 2472 1065 2492 ε
1084 2457 1154 2491 hinc
1164 2455 1280 2492 factum
1294 2454 1478 2502 utpermulti
1486 2451 1657 2486 senatorum
1671 2453 1703 2485 &
1718 2463 1753 2485 e-

996 2508 1117 2555 quitum
1127 2507 1235 2540 nullius
1249 2505 1386 2540 criminis
1395 2502 1507 2537 conscii
1522 2526 1532 2541 ,
1557 2512 1659 2535 tamen
1667 2509 1753 2535 metu

995 2557 1114 2604 tyranni
1127 2554 1312 2590 &falsorum
1325 2551 1448 2586 testium
1460 2550 1657 2598 spontaneam
1664 2561 1754 2584 mor-

995 2620 1057 2641 tem
1072 2604 1203 2653 amplexi
1216 2603 1283 2638 fint.

1041 2658 1077 2690 In
1089 2654 1237 2690 omnibus
1247 2651 1302 2687 suis
1316 2650 1478 2686 sceleribus
1487 2649 1648 2698 primarius
1663 2647 1750 2683 sze-
1763 2654 1868 2690 Sejanus

996 2708 1039 2739 rio
1048 2703 1186 2739 minister
1193 2714 1256 2738 erat
1263 2703 1360 2736 AElius
1369 2700 1524 2746 sejanum
1535 2700 1632 2748 parvis
1645 2699 1749 2733 natali·
1763 2696 1905 2764 ἕὲῖξζὲἴη

1827 2748 1834 2763 Ι
1864 2746 1870 2762 l
1884 2745 1903 2762 ⁴·

996 2756 1053 2790 bus
1066 2756 1103 2789 ad
1116 2751 1329 2801 praefeffmram
1337 2750 1594 2786 Praetorianorum
1610 2749 1750 2784 evectus:

995 2806 1047 2839 hic
1061 2803 1163 2837 homo
1176 2815 1230 2849 per
1243 2803 1313 2837 vitia
1321 2805 1351 2836 &
1359 2800 1565 2834 adulationem
1573 2797 1751 2846 usqueadeo

997 2852 1024 2887 se
1032 2853 1193 2887 insinuavit
1203 2851 1373 2890 Tiberi0‚ut
1386 2849 1464 2897 apud
1473 2847 1569 2896 ipsum
1582 2847 1753 2896 omniapo-

996 2903 1089 2936 tuerit
1104 2915 1111 2935 :
1125 2901 1197 2935 hinc
1206 2900 1352 2935 omnibus
1360 2899 1376 2934 a
1384 2901 1495 2944 sejano
1503 2910 1630 2946 magnus
1642 2908 1752 2935 metus,

997 2957 1028 2988 &
1036 2965 1071 2986 ex
1080 2961 1165 2986 metu
1179 2963 1245 2985 non
1260 2951 1364 2985 minor
1371 2949 1462 2997 quam
1471 2961 1541 2996 erga
1554 2948 1649 2996 ipsum
1665 2947 1754 2982 Tabe-

997 3007 1081 3036 rium
1099 2999 1300 3036 observantia.
1332 3000 1463 3035 Dudum
1478 2997 1593 3033 senatus
1606 2997 1753 3033 omnibus

998 3056 1222 3099 Imperatorum
1235 3051 1360 3085 nutibus
1369 3050 1460 3083 etiam
1468 3049 1599 3096 peffimis
1612 3046 1754 3084 serviliffi-

999 3102 1049 3136 me
1069 3099 1297 3143 obsecundabat
1318 3114 1326 3134 ε
1352 3099 1475 3133 volente
1491 3098 1608 3132 Tiberio
1628 3100 1754 3143 Sejanus

998 3150 1072 3201 saepe
1080 3152 1112 3188 in
1124 3149 1281 3186 consulatu
1291 3148 1346 3184 fibi
1359 3147 1416 3184 fuit
1429 3149 1580 3198 Collega,
1598 3148 1665 3183 imo
1679 3146 1754 3200 vero

1386 3200 1471 3234 eAa
1494 3211 1513 3233 2
1712 3202 1755 3230 eo'
