2048 3343
298 119 345 161 58
645 109 964 146 OPER18

297 189 332 219 &
345 184 424 219 oeto
435 182 537 218 millia
550 184 697 219 108000⁴
709 194 763 228 per
774 192 822 216 ter
832 178 921 213 mille
932 178 1048 225 septin

295 245 396 281 genta
406 233 645 280 quinquaginta
659 241 722 278 375
731 243 752 265 0
764 253 772 266 ‚
793 240 876 277 quot
887 226 1002 261 scilicet
1015 228 1050 261 li-

295 284 367 317 bras
382 283 580 330 Anglicanas
598 279 860 328 unumquodque
871 278 939 311 auri
949 277 1051 311 talen-

295 343 368 366 tum
388 331 505 368 habet.
534 335 568 365 δε
593 344 650 379 per
671 329 880 378 quadraginta
906 327 1051 374 quinque

297 382 421 419 millia,
440 392 522 430 quot
535 379 628 415 libras
641 381 826 414 Scoticanas
838 375 1049 424 unumquod-

300 444 367 480 que
378 433 444 466 auri
456 432 614 466 talentum
627 429 739 469 habet,
752 427 876 463 videbis
888 427 954 460 auri
967 438 1048 472 prae-

300 481 420 516 dietam
440 481 602 516 summam
622 477 803 514 excrescere
828 476 867 511 ad
887 476 1050 509 milliones

299 532 505 579 Anglicanos
517 555 524 568 ,
534 528 663 565 hocest‚
673 527 767 562 libras
782 527 897 561 millies
906 524 1051 558 millenas

299 583 393 622 (non
410 592 444 614 ut
461 578 578 628 magna
591 577 758 614 oscitantia
774 586 901 622 nuperae
916 581 1050 627 annota-

296 630 405 664 tiones
419 630 605 678 Anglicanae
622 630 654 662 in
670 641 684 662 1
701 627 829 661 Chron-
849 634 903 656 22·
929 632 1049 678 centies

296 681 464 720 millenas)
474 680 639 714 milliones
654 676 822 722 (inquam)
832 670 1049 727 quadringen—

297 738 350 762 tos
360 733 390 764 &
401 730 545 777 quinque
556 737 641 773 405,
655 736 740 760 000,
751 734 839 764 0003
857 732 981 769 argenti
991 732 1045 754 au-

294 788 365 813 tem
377 779 541 813 rnillioncs
557 784 721 810 trecentos
739 773 911 820 octoginta
920 768 1046 804 sexcen-

294 828 354 862 ties
374 830 473 862 vicics
492 827 665 875 quinquies
687 821 799 863 mille,
826 820 1045 867 septingentas

278 878 530 924 >quinquaginta
539 875 637 909 libras
656 889 672 921 3
682 874 738 913 80,
751 877 794 906 62
804 882 833 916 5,
844 880 927 916 750,
943 873 1046 915 J'unge

291 924 349 958 has
358 925 501 959 summas
509 949 519 966 ‚
530 925 676 960 invenies
687 923 849 956 milliones
859 919 1043 965 septingen-

291 985 344 1008 tos
369 976 541 1022 offitoginta
561 974 707 1022 quinque
721 996 731 1008 ‚
758 969 930 1004 sexcenties
949 968 1044 1001 vicies

288 1024 462 1071 quinquies
473 1023 564 1057 mille
572 1046 580 1059 ‚
591 1023 797 1070 septingenta
807 1017 1043 1068 quinquaginta

286 1072 441 1107 librarum
457 1073 712 1120 Anglicanarum
726 1071 792 1116 785
810 1093 820 1109 ‚
838 1074 903 1111 625
920 1090 930 1106 ‚
948 1077 1041 1111 750⁵

286 1125 320 1156 δι
336 1124 538 1156 Scoticarum
558 1131 653 1156 crunt
670 1132 792 1154 novem
812 1118 903 1152 mille
917 1117 1040 1150 millio·

285 1184 368 1206 num
378 1171 607 1219 quadringenti
617 1170 731 1218 viginti
745 1168 867 1215 septem
880 1165 1041 1200 milliones

287 1222 497 1270 quingenties
510 1222 622 1255 novies
637 1220 728 1254 mille
745 1218 899 1252 librarum
908 1228 945 1260 9,
957 1227 1041 1259 425,

289 1282 371 1312 509,
381 1282 464 1304 ooo.
492 1268 681 1304 vast-zade&
695 1273 725 1304 &
738 1267 899 1315 stupendae
908 1265 980 1299 sunt
991 1263 1038 1298 hae

283 1318 417 1354 summae
430 1346 438 1359 ‚
457 1330 492 1353 ut
503 1317 701 1353 doctissimus
720 1315 906 1352 Brervvodus
917 1319 948 1349 &
968 1313 1039 1361 post

283 1381 356 1403 eum
379 1367 642 1403 laboriosissimus
667 1364 843 1409 ‘Purchafim
865 1367 897 1398 in
924 1375 1038 1397 eorum

281 1418 507 1465 propendeant
522 1417 736 1457 sententiam,
763 1418 820 1465 qui
846 1414 939 1449 dietis
958 1413 1039 1446 locis

282 1467 532 1502 Chronicorum
552 1466 708 1502 talentum
725 1465 857 1500 'nolunt
883 1464 985 1510 accipi
1004 1463 1037 1495 in

279 1518 415 1562 vulgato
426 1515 514 1552 sensu
528 1540 538 1557 ‚
553 1513 602 1551 sed
614 1514 673 1564 pr'o
692 1517 838 1563 pecuniae
856 1526 911 1548 aut
922 1514 1036 1548 talenti

278 1564 376 1600 massa
393 1564 464 1600 satis
482 1565 610 1601 modica
630 1569 665 1600 δε
684 1565 822 1599 minuta.
859 1565 983 1599 Verum
1002 1576 1035 1597 e·

277 1615 430 1650 nimvero
441 1614 630 1659 hujusmodi
648 1625 876 1650 commentum
890 1612 981 1647 sacris
992 1613 1034 1646 li—

275 1665 351 1698 teris
369 1662 540 1698 manifeste
550 1675 709 1712 repugnat
721 1688 730 1701 ‚
744 1676 820 1698 nam
834 1664 917 1697 locis
929 1663 1033 1696 citatis

274 1723 312 1747 ut
333 1711 538 1763 subterfugio
558 1716 615 1748 tali
632 1715 742 1749 omnis
764 1712 834 1748 ansa
846 1712 1033 1759 praecidere—

274 1772 339 1802 tur,
352 1762 510 1799 habemus
522 1765 637 1799 talenti
649 1762 824 1799 fraffiones
833 1763 943 1797 decem
957 1763 1033 1796 mil-

273 1812 317 1845 lia
330 1810 558 1848 drachmarum
581 1826 593 1847 1
612 1812 740 1849 Chron.
755 1824 810 1847 20.
837 1812 975 1846 Constat
984 1822 1027 1846 ta·

274 1862 404 1895 lentum
415 1873 511 1896 exter
521 1863 608 1897 mille
617 1861 698 1897 siclis
707 1863 926 1900 Sanch1arii,&
936 1860 1032 1895 unus-

273 1908 412 1958 quisque
444 1911 538 1946 ficlus
569 1913 737 1946 sanctuarii
765 1911 863 1945 habet
892 1922 1033 1956 quatuor

272 1960 441 1995 drachmas
456 1974 464 1994 :
490 1973 567 1995 nam
587 1959 668 1999 Beka
685 1961 748 1995 s1cli
760 1960 931 1995 dimidium
945 1961 1031 2007 quod

273 2010 440 2056 pendebat
450 2011 613 2057 capitatim
626 2012 765 2058 populus
777 2012 915 2056 primum
927 2010 1032 2043 taber-

271 2060 392 2094 naculo
411 2072 446 2093 ac
456 2060 603 2106 templo,
618 2063 653 2094 δε
671 2059 779 2107 postea
790 2059 906 2096 Caesari
917 2085 925 2098 ‚
944 2058 1030 2094 idem

272 2118 341 2141 erat
356 2108 445 2155 quod
455 2109 715 2144 Didrachrnum:
740 2111 1030 2157 itaquetalentum‚

270 2156 452 2191 secundum
473 2158 621 2192 nostrum
641 2159 802 2192 calculum
817 2183 826 2199 ,
848 2159 1030 2194 nonhabet

271 2207 442 2251 pauciores
477 2206 573 2253 quam
601 2207 776 2241 duodecim
799 2210 889 2242 mille
909 2208 1027 2242 drach-

271 2267 340 2288 mas
350 2279 360 2295 ,
374 2259 406 2290 ὃ(
422 2253 600 2289 secundum
621 2256 733 2289 locum
747 2269 807 2302 prae
826 2257 975 2290 manibus
985 2270 1025 2290 o-

270 2315 382 2351 portet
399 2302 515 2339 habeat
540 2306 644 2351 plures
664 2304 760 2352 quam
784 2305 897 2339 decem
915 2307 1025 2339 mille:

270 2352 434 2388 evanescat
446 2352 525 2402 ergo
541 2352 661 2388 neceffe
679 2354 723 2389 cst
743 2354 809 2388 hoc
828 2354 866 2389 de
878 2355 1024 2389 diminu-

269 2402 362 2437 tione
380 2404 495 2438 talenti
511 2402 688 2439 somnium.
713 2404 873 2438 Rationes
884 2403 958 2438 sunt
968 2416 1025 2438 cur

268 2449 431 2487 summam
441 2465 539 2501 quam
552 2451 659 2487 multo
678 2456 853 2488 maximam
866 2453 1003 2489 fecimus
1015 2478 1024 2494 ‚

267 2504 426 2545 majorem
448 2501 664 2549 arbitremur3
690 2503 744 2538 sed
768 2505 863 2539 nullae
885 2516 940 2538 cur
962 2505 1023 2538 mi-

266 2561 395 2585 norem.

462 2649 704 2683 CAruT
753 2649 846 2684 V11.

266 2746 327 2779 Res
335 2738 445 2794 gestas
454 2736 591 2793 Epochae
602 2749 730 2791 quartae
748 2739 967 2793 complec'ft'ens
976 2767 988 2784 ,
1000 2737 1021 2775 ὰ

366 2794 502 2834 condito
512 2794 560 2833 ad
566 2794 725 2847 evmfizm
738 2797 914 2849 templum.

354 2888 539 2925 Eduximus
549 2903 711 2926 annorum
726 2889 836 2925 scriem
857 2890 898 2925 ab
916 2892 1015 2926 initio

351 2940 464 2974 mundi
489 2941 529 2975 ad
552 2939 723 2975 fundatum
747 2939 912 2974 Solomonis·
927 2952 1014 2975 tem·

259 2985 350 3029 plum
363 2990 395 3023 in
408 2989 511 3023 tribus
521 2990 662 3037 Epochis
671 3014 681 3030 ‚
698 3001 753 3037 per
765 3003 868 3024 annos
881 2990 927 3024 bis
939 2992 1012 3024 mil·

257 3033 485 3088 lenongentos
498 3041 633 3088 triginta
643 3039 741 3075 duos,
761 3040 834 3086 plus
850 3052 946 3087 quam
958 3041 1009 3074 di-

254 3083 393 3116 midium
412 3088 500 3132 quod
522 3087 539 3122 a
560 3091 667 3136 primo
682 3089 843 3137 principio
863 3089 901 3123 ad
924 3090 1009 3124 hunc

254 3130 339 3165 diem
351 3131 444 3167 fluxit
457 3140 625 3183 temporis,
639 3138 698 3174 filo
710 3139 782 3173 satis
793 3148 884 3172 certo
895 3162 904 3175 ‚
919 3143 1009 3176 &,ut

253 3179 415 3227 speramus
424 3205 434 3219 ,
446 3185 605 3231 explicato
617 3213 625 3227 ‚
643 3200 682 3222 ex
695 3187 866 3236 perspicuis
880 3190 912 3224 S.
924 3190 1006 3224 Scri-

1022 106 1491 147 H1sT0nxc1

1109 191 1209 225 pturae
1220 183 1319 217 locis:
1336 184 1482 230 proxima
1493 197 1564 233 quae
1575 186 1716 221 occurrit
1727 186 1858 233 Epocha
1874 223 1878 229 ,

1105 230 1148 264 est
1157 230 1175 265 a
1185 233 1319 267 condito
1329 234 1366 267 ad
1377 233 1521 269 eversum
1541 237 1683 282 primum
1695 237 1856 284 templum

1104 292 1190 315 anno
1203 282 1318 316 mundi
1331 295 1378 317 ter
1388 283 1558 318 millefimo
1570 285 1797 321 trecentesimo
1808 285 1856 319 se-

1103 330 1275 376 xagefimo,
1289 345 1393 367 annos
1403 334 1627 381 complectens
1638 335 1858 382 quadringen-

1103 387 1154 411 tos
1167 382 1346 428 nonaginta
1358 382 1441 416 duos
1453 408 1462 424 ‚
1473 382 1592 431 quibus
1605 382 1689 417 stetit
1703 382 1856 417 Solomonis

1103 430 1277 475 ternplum.
1314 433 1498 479 Qomodo
1525 433 1636 467 totalis
1653 432 1718 476 haec
1736 446 1773 468 ex
1792 433 1855 467 suis

1102 476 1247 521 partibus
1265 480 1461 516 conficiatur
1482 482 1665 517 videbimus
1685 481 1744 517 suo
1762 483 1856 518 loco,

1100 525 1222 560 interea
1233 524 1424 565 summulam
1437 543 1545 566 rerum
1557 533 1590 565 in
1606 531 1669 566 hoc
1681 533 1856 567 intervallo

1099 574 1132 608 in
1149 576 1228 611 orbe
1247 577 1405 625 gestarum
1420 581 1536 614 habete
1547 605 1557 620 ⁵
1585 593 1626 614 ne
1638 581 1761 615 nudum
1774 582 1854 615 meri

1098 628 1256 673 temporis
1281 631 1398 668 σκέλεόν
1415 628 1661 665 nauseabundos
1683 628 1758 665 alias
1781 629 1855 664 satis

1098 673 1284 710 stomachos
1297 677 1425 724 prorsus
1445 677 1615 714 confectos
1636 684 1669 714 &
1681 691 1832 715 enecatos
1842 704 1854 720 ,

1097 722 1137 757 ab
1150 724 1251 769 hpcce
1265 726 1369 761 studio
1379 728 1551 763 absterreat
1565 733 1598 763 &
1609 738 1744 764 avertat.

1143 775 1287 810 solomoni
1296 787 1369 811 ante
1379 779 1481 825 patris
1491 778 1621 812 obitum
1632 803 1641 815 ‚
1661 778 1849 814 vicesimum

1095 820 1203 857 saltem
1215 848 1225 863 ‚
1242 836 1278 858 ut
1289 826 1429 867 videtur,
1440 840 1561 862 annum
1573 826 1739 876 ass‘equuto
1751 836 1848 869 (nam

1095 871 1122 904 ei
1135 882 1204 905 turn
1217 871 1378 907 Rheoboam
1389 876 1427 910 de
1441 877 1558 911 Naamd
1570 877 1777 912 Ammonttzde
1789 889 1848 911 na·-

1096 930 1146 953 rus
1158 923 1242 962 erat)
1254 932 1289 955 ut
1300 922 1442 968 primum
1453 927 1486 958 in
1496 926 1581 960 solio
1590 927 1747 969 consedit,
1758 929 1848 975 prin-

1094 980 1169 1016 ceps
1179 982 1253 1004 cura
1264 969 1339 1009 fuit;
1349 972 1390 1005 im
1397 984 1580 1018 peratorum
1597 978 1693 1021 patris
1705 979 1845 1024 primurn

1871 786 1989 815 Solomm

1869 836 1989 856 annorum

1877 877 1889 894 ε
1897 877 1922 896 0.
1934 867 1965 895 de

1869 911 1989 938 Ammo-

1867 951 1991 986 nitidcsn-

1861 992 1967 1026 stulerat

1094 1018 1251 1065 praestare,
1267 1023 1298 1054 ὃ(
1315 1023 1406 1055 omni
1419 1034 1485 1066 ope
1496 1023 1685 1058 incumbere
1696 1038 1848 1060 extruen-
1868 1031 1994 1070 leboam

1093 1068 1135 1102 do
1145 1070 1284 1116 templo.
1310 1072 1346 1104 In
1355 1069 1416 1104 hoc
1430 1083 1527 1118 opere
1538 1072 1656 1120 septem
1670 1074 1846 1109 minimum

1092 1130 1195 1152 annos
1218 1121 1366 1166 occupati
1384 1118 1458 1154 sunt
1479 1123 1612 1169 triginta
1636 1121 1849 1158 Isra'e'litarum

1091 1168 1190 1201 millia
1206 1180 1218 1202 1
1234 1169 1317 1215 Reg.
1332 1179 1361 1216 5.
1373 1183 1401 1203 v.
1415 1181 1428 1201 ι
1441 1184 1470 1215 5.
1491 1182 1676 1205 exterorum
1689 1172 1779 1213 vero,
1792 1175 1848 1220 qui

1089 1214 1240 1251 &Davide
1251 1219 1334 1253 inter
1344 1220 1406 1253 Dei
1417 1222 1574 1267 populum
1588 1221 1711 1254 inventi
1730 1222 1801 1255 sunt
1814 1227 1848 1257 δε

1090 1265 1130 1299 ad
1142 1266 1204 1300 hoc
1217 1281 1299 1314 opus
1311 1268 1469 1309 destinati,
1482 1282 1614 1305 centum
1627 1272 1848 1318 quinquagin-

1090 1326 1122 1349 ta
1134 1317 1191 1350 tria
1204 1318 1304 1350 millia
1315 1322 1349 1352 &
1361 1317 1503 1353 sexcenti
1525 1332 1541 1353 2
1558 1319 1687 1355 Chron-
1702 1332 1771 1353 2.v.
1787 1331 1799 1352 1
1810 1322 1843 1354 8.

1089 1364 1206 1412 quibus
1220 1378 1257 1400 cx
1278 1367 1422 1402 Israelitis
1442 1368 1582 1415 praefecti
1603 1369 1677 1403 sunt
1694 1370 1846 1403 termille

1089 1417 1241 1455 trecenti,
1259 1427 1294 1450 ut
1312 1430 1330 1450 2
1341 1418 1481 1464 Reg.aut
1491 1430 1537 1453 ter
1549 1419 1638 1452 mille
1649 1416 1799 1457 sexcenti,
1808 1429 1845 1452 ut

1089 1477 1108 1497 2
1122 1464 1252 1498 Chron.
1280 1469 1315 1500 In
1336 1465 1479 1501 aedificiis
1500 1470 1568 1502 aliis
1588 1467 1738 1502 absoluto
1758 1478 1846 1501 tem-

1087 1514 1154 1559 plo,
1166 1526 1269 1548 annos
1281 1516 1437 1550 tredecim
1446 1515 1626 1565 insumpsit,
1636 1517 1678 1551 ita
1688 1528 1721 1550 ut
1732 1518 1845 1551 omnia

1078 1561 1151 1597 rhaec
1163 1562 1336 1598 hominum
1355 1565 1457 1600 millia
1474 1569 1566 1601 annis
1587 1567 1704 1613 viginti
1717 1568 1750 1599 in
1762 1565 1846 1598 stru-

1086 1613 1183 1646 auris
1205 1613 1376 1649 exercuisse
1395 1616 1552 1650 videatur.
1597 1615 1705 1655 Quod
1736 1616 1846 1649 minus

1087 1662 1271 1696 mirandum
1284 1687 1293 1700 ,
1309 1664 1330 1698 fi
1345 1692 1353 1704 ‚
1370 1678 1438 1712 quae
1449 1666 1488 1698 de
1499 1661 1629 1698 Chemm'
1645 1665 1842 1711 AEgyptiaco

1085 1711 1175 1758 Rege
1189 1724 1368 1750 narrantur,
1389 1727 1462 1748 vera
1474 1714 1554 1747 sint:
1578 1715 1635 1760 qui
1648 1714 1759 1747 diebus
1771 1720 1842 1748 Sau-

1082 1759 1115 1793 lis
1125 1771 1269 1794 trecenta
1281 1761 1458 1797 hominum
1477 1763 1580 1797 millia
1592 1764 1684 1797 annis
1697 1764 1775 1797 totis
1793 1765 1842 1797 vi-

1083 1811 1168 1858 ginti
1177 1835 1184 1849 ‚
1206 1812 1238 1843 in
1249 1812 1427 1846 extruenda
1436 1837 1446 1852 ,
1456 1825 1527 1860 quae
1538 1813 1636 1847 ctiam
1650 1812 1746 1847 hodie
1756 1814 1843 1847 inte-

1082 1873 1137 1907 gra
1151 1860 1360 1906 conspicitur,
1373 1860 1669 1908 paucisaMemphi,
1684 1860 1842 1896 hodierna

1083 1913 1169 1944 Cat'ro
1184 1934 1193 1949 ,
1216 1911 1504 1956 milliaribusjuxta
1515 1910 1586 1945 Nzli
1606 1913 1686 1958 ripas
1697 1912 1839 1958 Pyrami-

1081 1959 1162 1993 dum
1173 1959 1324 1996 maximfi,
1336 1962 1414 1994 utin
1427 1959 1461 1995 efi
1475 1972 1623 1994 mortuus
1636 1960 1839 2007 sepeliretur:

1083 2021 1269 2056 quanquam
1283 2009 1342 2044 hac
1356 2009 1405 2057 spe
1417 2006 1559 2044 multum
1574 2008 1670 2044 falsus
1683 2008 1793 2046 fuerit,
1804 2022 1841 2043 ea

1082 2060 1169 2093 enim
1189 2061 1349 2106 populum
1372 2060 1556 2108 indignatio
1578 2071 1652 2105 erga
1670 2069 1839 2094 mortuum

1082 2109 1167 2155 cepit
1178 2131 1187 2144 ‚
1215 2108 1308 2156 quod
1321 2109 1555 2144 tothominum
1567 2110 1669 2142 millia
1681 2119 1731 2141 tot
1745 2110 1839 2142 annis

1078 2158 1187 2191 inutili
1199 2158 1310 2192 labore
1321 2157 1506 2197 vexfiss‘et‚ut
1519 2157 1605 2190 filius
1618 2169 1686 2191 non
1698 2156 1734 2191 fir
1747 2157 1838 2190 ausus

1080 2207 1129 2240 vel
1144 2206 1190 2239 ibi
1202 2208 1251 2240 vel
1267 2208 1332 2240 ullo
1342 2209 1406 2240 alio
1416 2207 1490 2241 loco
1502 2208 1637 2253 cognito
1649 2206 1747 2251 patris
1762 2206 1838 2239 reli-

1077 2256 1166 2302 quias
1175 2256 1314 2289 condere
1326 2282 1335 2295 2
1354 2268 1395 2290 ne
1412 2254 1428 2289 a
1448 2254 1690 2303 furente‘plebe
1704 2267 1837 2290 concer-

1076 2314 1237 2350 petentur.

1122 2352 1195 2386 Post
1207 2352 1316 2387 finitas
1328 2353 1498 2388 structuras
1510 2355 1599 2388 Deus
1614 2365 1688 2388 cum
1703 2351 1834 2387 Solomo-

1868 1075 2012 1109 antepatris

1868 1112 1967 1141 obttum.

1864 1676 1885 1701 C
1886 1671 1976 1700 homnis

1865 1713 1947 1741 daebus

1864 1760 1885 1783 S
1886 1756 1950 1782 aulis
1954 1762 2003 1792 py-

1861 1794 1982 1823 ramtdum

1863 1838 2002 1864 maximam

1868 1889 1878 1910 5
1885 1888 1902 1906 0
1907 1888 1924 1904 0
1928 1890 1942 1905 o
1947 1887 1964 1904 0
1968 1888 1985 1904 0
1989 1899 1996 1906 .
2012 1892 2017 1898 ’

1860 1921 1928 1946 mani
1931 1919 1975 1947 bus

1859 1962 1934 1986 annis
1944 1971 1957 1987 z
1962 1970 1989 1988 0.

1859 2002 1976 2035 extruxit·

1852 2040 1965 2079 Jrufira.

1854 2377 1946 2407 Libido
1956 2383 1992 2410 ὠ·

1073 2414 1108 2434 ne
1121 2403 1237 2436 iterum
1253 2404 1286 2437 in
1297 2401 1428 2438 somnio
1440 2402 1813 2449 familiariterloquutus
1824 2427 1833 2442 ,
1844 2420 1963 2455 secum„

1073 2449 1180 2485 foedus
1194 2454 1377 2499 praeclarum
1391 2454 1513 2500 pepigit
1527 2478 1535 2493 ‚
1555 2458 1586 2487 δε
1603 2450 1693 2498 supra
1716 2454 1830 2486 ornnes
1851 2462 1964 2488 Solomo-

1073 2499 1118 2535 sui
1136 2499 1234 2535 seculi
1253 2503 1406 2537 mortales
1427 2501 1600 2550 sapientiai,
1625 2501 1745 2535 divitiis
1759 2525 1770 2540 ,
1797 2504 1829 2533 &

1073 2551 1165 2584 omni
1185 2550 1290 2597 gloria
1308 2553 1468 2586 elevavit:
1493 2551 1542 2585 isti
1556 2562 1663 2583 tamen
1676 2547 1832 2583 favorcsa

1072 2597 1243 2633 foediffimfi
1259 2600 1493 2646 ingratitudine
1506 2626 1514 2638 ,
1541 2603 1572 2632 δε
1590 2598 1627 2632 ad
1641 2597 1738 2645 ipsam
1755 2598 1833 2633 Ido-

1073 2649 1236 2681 lolatriam
1250 2648 1402 2694 apostafifi
1419 2661 1488 2682 non
1503 2647 1720 2682 cohibuerunt
1741 2659 1749 2682 t
1778 2647 1833 2681 us-

1072 2709 1136 2743 que
1155 2696 1236 2731 adet>
1262 2698 1454 2731 mortalibus
1474 2699 1506 2731 in
1525 2699 1641 2743 pietate
1661 2701 1691 2731 ἃ
1715 2698 1833 2731 virtute

1071 2748 1282 2793 quantumvis
1298 2748 1475 2794 provectis,
1490 2746 1507 2780 a
1520 2746 1692 2781 libidinum
1705 2747 1830 2792 pruritu

1070 2798 1100 2829 &
1114 2795 1288 2830 securitatis
1301 2796 1387 2843 peste
1397 2796 1569 2844 diligenter
1581 2796 1624 2829 cst
1637 2795 1829 2830 cavendum.

1069 2846 1097 2877 A
1111 2845 1269 2891 plerisque
1277 2845 1450 2880 doctorum
1461 2849 1493 2880 in
1503 2844 1684 2879 Ecclefiastc
1697 2856 1827 2889 peccata

1067 2891 1164 2928 sua&
1184 2897 1340 2930 vanitates
1358 2895 1516 2930 deflevisse
1525 2904 1655 2941 putatur
1671 2907 1679 2926 :
1708 2905 1828 2927 utcun-

1067 2956 1147 2991 que,
1167 2954 1289 2978 certum
1304 2945 1347 2978 est
1358 2948 1424 2989 ejus
1439 2945 1555 2977 ultima
1568 2943 1680 2988 primis
1693 2955 1761 2976 non
1775 2956 1826 2977 re-

1063 2991 1243 3038 spondisse,
1255 2994 1331 3027 licet
1345 2995 1377 3027 in
1390 2992 1489 3027 mult&
1502 2993 1571 3025 satis
1581 2993 1683 3038 gloria
1693 2995 1722 3025 Sc
1737 3005 1823 3039 pace,

1065 3042 1174 3089 Regni
1198 3042 1439 3090 quadragesimo
1460 3042 1659 3086 expiraverit.
1693 3042 1740 3075 Ex
1759 3043 1824 3075 im-

1063 3089 1238 3125 maniffimfi
1251 3091 1399 3131 libidine,
1413 3090 1566 3124 uxoribus
1582 3092 1739 3124 nimirum
1754 3090 1823 3137 scp-

1063 3140 1222 3188 tingentis
1242 3144 1274 3174 &
1296 3139 1489 3174 concubinis
1509 3138 1822 3185 trecentisnonplu-

1061 3201 1111 3225 res
1121 3214 1132 3231 ‚
1159 3187 1257 3238 quarn
1268 3202 1371 3225 unum
1384 3188 1485 3224 filium
1498 3194 1527 3224 ἃ
1539 3190 1615 3224 duas
1629 3188 1707 3223 silias
1717 3187 1820 3222 susce-

1750 3248 1797 3284 pit
1810 3259 1819 3272 ‚

1850 2511 1902 2527 nem
1909 2501 1993 2537 perdi-

1851 2542 1943 2571 derunt.
