2048 3343
312 160 386 191 2⁶0
659 148 970 186 'OPERIS

308 225 435 263 Sanffi',
464 219 621 256 secundus
632 233 669 257 ex
691 234 703 256 1
717 233 746 255 1.
759 221 994 267 abolitiojugis
1014 220 1060 254 sa-

309 272 437 307 crificii.
461 274 484 306 Ἰ
497 273 595 306 errius
607 284 646 306 ex
656 271 788 312 eodem,
799 272 918 305 ereetio
931 270 1060 305 abomi-

311 323 454 357 nationis
463 321 646 356 desolantis.
670 320 741 366 jam
753 319 828 356 vero
845 321 951 355 nullus
963 322 1060 355 trium

310 371 385 406 huic
396 371 532 405 exordio
545 374 710 406 convenit.

358 421 408 455 Ad
430 421 572 467 primum
594 420 685 467 quod
705 421 820 455 attinet
836 445 846 460 ‚
880 422 934 453 An
953 415 1064 452 Chriffi

310 469 757 517 a11110360.Judaeipopnlus
772 471 836 504 Dei
855 469 989 503 sanetus
1000 467 1063 500 clici

310 519 541 555 metebantur?
564 521 633 566 Qi
643 518 659 553 Ξι
670 521 744 553 Deo
757 519 914 566 repudiati
926 528 1061 561 omnem

308 581 390 604 verce
405 568 479 603 fidei
490 567 721 616 professionem
734 568 857 602 dudum
870 566 1063 609 abjecerant,

308 623 340 652 &
363 630 476 652 contra
495 616 645 653 Christum
665 627 785 664 apertas
812 626 908 661 atque
935 613 1062 647 acerbas

309 669 496 702 inimicitias
506 680 566 715 prae
575 667 604 701 se
616 664 897 704 ferentes‚nullum
909 665 943 697 in
954 663 1063 698 Eccle-

309 716 349 752 sia*
368 721 401 751 δέ
419 719 481 752 Dei
494 717 616 764 populo
631 716 742 748 locum
763 714 867 761 magis
883 712 980 759 quam
1000 713 1061 747 ho·

307 767 422 800 dicrno
439 767 489 800 dic
511 763 722 811 possidebant.
760 762 932 801 Praeterea,
949 775 989 796 an
1002 775 1059 797 eo-

305 828 376 850 rum
392 813 541 861 dispersio
557 813 671 847 diebus
686 813 796 847 Iuliani
814 811 1062 859 complebatur?

307 865 436 898 Multos
447 862 597 910 equidem
615 861 742 897 Iulianus
761 875 821 909 pro
834 860 886 896 sua
897 862 1063 907 impietate

307 912 433 947 favores
454 912 565 962 Judaeis
578 913 710 960 largitus
730 912 790 948 est,
811 910 897 946 certe
915 911 1062 945 nihilille

308 962 434 997 addidit
446 963 545 1010 priori
563 962 704 1009 ipsorum
723 960 871 996 servituti
891 965 925 995 &
938 959 1060 1007 disper-

310 1011 402 1046 sioni.
428 1010 578 1047 Profeero
589 1011 610 1046 si
621 1025 690 1046 non
702 1012 785 1053 Tui,
802 1021 912 1045 tamen
931 1009 1063 1045 Adriani

308 1061 421 1096 diebus
436 1085 446 1098 ‚
462 1063 573 1096 multis
592 1072 667 1096 ante
685 1061 833 1096 Iulianum
850 1060 980 1100 seculis,
1006 1060 1061 1107 Ju-

309 1111 453 1145 daeorum
481 1109 630 1158 dispersio
655 1112 689 1145 in
716 1108 901 1159 supremum
928 1111 1062 1145 culmen

310 1161 497 1207 impolitum
512 1160 566 1194 est.

358 1209 464 1256 Qiod
480 1210 518 1244 ad
530 1208 705 1244 secundum
720 1208 932 1244 charafferem
944 1232 954 1248 ,
974 1208 1059 1242 Non

308 1257 371 1293 fuit
388 1259 501 1293 diebus
528 1258 634 1293 Iuliani
658 1256 820 1293 sublatum
840 1262 917 1307 juge
943 1255 1061 1291 sacrifi-

309 1309 395 1342 cium
406 1334 416 1348 ,
429 1321 503 1342 nam
517 1308 588 1355 post
599 1307 766 1342 incensum
777 1307 795 1341 :l
805 1309 875 1342 Tuo
886 1307 1063 1353 templum,

308 1359 433 1391 nullum
454 1357 492 1391 ad
512 1357 598 1392 hunc
613 1357 698 1392 diem
718 1359 824 1392 extitit
840 1356 924 1404 apud
936 1355 1063 1404 Judaeos

308 1408 456 1454 veljuge,
466 1408 518 1441 vel
528 1407 612 1441 aliud
625 1406 846 1455 quodcunque
859 1405 1058 1441 sacrificium.

311 1456 586 1503 Impedimentum
599 1456 615 1491 a
628 1458 702 1491 Deo
714 1457 905 1491 miraculose
921 1454 1062 1503 positum

308 1519 348 1540 ne
361 1505 585 1541 restauraretur
596 1506 756 1552 templum
769 1531 779 1547 ‚
801 1510 833 1540 &
851 1507 885 1540 in
897 1518 936 1539 eo
955 1503 1062 1539 solen-

306 1557 360 1591 nia.
380 1553 546 1595 sacrificia,
567 1554 778 1590 maledicitur
791 1554 930 1589 sublatio
946 1553 1062 1602 templi

304 1609 336 1639 δέ
358 1602 608 1646 sacrificiorum,
631 1617 702 1652 quae
716 1615 793 1640 tunc
813 1606 970 1652 temporis
990 1602 1063 1639 nus—

304 1666 404 1701 quam
416 1665 507 1689 erant
519 1656 552 1689 in
567 1667 599 1688 re
612 1664 620 1690 3
631 1653 687 1688 etsi
699 1656 731 1688 in
742 1665 822 1689 voto
835 1658 867 1689 δέ
886 1653 940 1701 spe
953 1653 1061 1688 Iuliani

306 1703 469 1751 Apostatae
480 1708 511 1738 &
531 1702 799 1751 blasphemorum
811 1702 1013 1749 Judaeorum.

353 1754 481 1788 Tertius
494 1755 592 1788 ctiam
603 1752 765 1788 charaCier
774 1779 783 1794 ‚
801 1754 922 1787 ετεᾶἰο
932 1752 1062 1788 abomi-

306 1803 448 1836 nationis
457 1802 630 1837 desolantis
639 1803 719 1837 nihil
730 1802 769 1836 ad
780 1803 843 1836 hoc
856 1804 1064 1849 principium.

305 1850 413 1886 Multa
428 1852 642 1887 Hebraicatur
666 1849 895 1903 Brightmannus
913 1878 922 1890 ,
948 1852 1071 1887 distinae

303 1901 438 1945 guendo
459 1902 543 1935 inter
561 1901 843 1936 abominationem
861 1899 1062 1936 desolantem

307 1962 342 1982 nc
356 1948 547 1989 desolatam,
558 1950 645 1998 quasi
657 1956 733 1991 0:³55?
744 1949 822 1985 effer
834 1952 923 1985 vocis
938 1953 1063 1992 aetivae,

304 2002 338 2032 &
357 2005 417 2033 ⁹25¹&
443 1998 569 2034 Paffivae
588 2023 596 2035 ‚
630 1997 744 2034 verum
765 2012 882 2035 contra
900 2002 1059 2036 rationem

305 2049 538 2082 Grammaticae
549 2046 710 2097 usumque
728 2051 917 2098 Scriptum,
931 2064 967 2085 ac
977 2052 1063 2099 opti-

305 2109 378 2130 mos
389 2100 593 2143 InterpreteS,
604 2111 639 2132 ac
650 2100 769 2134 rectam
780 2101 876 2134 etiam
890 2102 1063 2135 rationem.

305 2146 390 2178 Nam
404 2151 518 2180 Benom'
529 2146 589 2180 Kal
607 2148 651 2182 est
661 2147 776 2182 formae
789 2150 898 2184 affivae
916 2162 983 2184 non
995 2149 1061 2197 pas-

304 2193 374 2228 sivae
387 2217 398 2232 ‚
423 2195 445 2229 fi
459 2194 535 2230 vero
547 2195 652 2230 sumas
663 2203 724 2231 01²²&
734 2211 804 2232 non
816 2211 874 2245 pro
887 2202 1060 2246 Participio

304 2242 354 2277 sed
367 2243 512 2278 Nomine
524 2245 600 2277 Toar
611 2242 662 2278 seu
673 2245 814 2283 verbali,
824 2249 922 2280 etiam
935 2248 974 2281 fic
985 2274 995 2285 ,
1011 2247 1060 2280 fa-

303 2302 393 2326 tente
407 2289 618 2343 Brt‘glnmanno
630 2316 639 2328 ,
651 2294 738 2327 Dan.
750 2295 780 2329 8.
794 2292 933 2329 sumitur
944 2296 1063 2335 aiffive‘,

302 2344 336 2373 δε
356 2340 435 2375 vero
453 2354 568 2376 omnes
586 2340 638 2375 hic
656 2343 845 2390 interpretes
862 2343 963 2378 afflve
976 2345 1062 2378 acci-

302 2391 396 2436 piunt
418 2402 426 2422 :
452 2403 510 2424 nec
545 2390 718 2438 quisquam
753 2394 849 2426 etiam
871 2391 1059 2440 sequacium

302 2435 510 2488 Briglnmannt
532 2440 728 2487 Magistrum
741 2439 793 2475 hic
805 2452 907 2483 tenet,
932 2443 1059 2477 abomi-

302 2493 470 2523 nationem
499 2489 710 2524 desolationis
733 2491 1000 2538 interpretantem
1021 2491 1061 2526 de

298 2539 554 2573 ‘abominatione
572 2540 686 2585 populi
698 2538 833 2574 desolati
854 2546 884 2575 ὅι
897 2542 1059 2576 calamita-

302 2588 391 2623 tibus
404 2587 495 2622 fracti
510 2602 518 2621 :
544 2586 596 2622 sed
608 2601 724 2623 omnes
742 2602 915 2637 exponunt
929 2591 968 2625 de
979 2589 1060 2626 abo-

302 2639 483 2672 minatione
504 2636 649 2672 causante
675 2640 708 2672 in
734 2640 860 2686 populo
885 2640 1060 2675 desolatio-

302 2700 390 2721 nem.
416 2687 637 2721 Abominatio
657 2685 792 2722 desolati
804 2687 848 2722 est
866 2690 1058 2736 interpreta-

303 2749 451 2770 mentum
462 2737 603 2771 omnino
615 2748 739 2769 novum
754 2760 764 2775 ,
793 2736 882 2771 nulla
896 2739 945 2772 vel
958 2740 1059 2772 ratio-

303 2799 362 2825 ne,
382 2787 430 2820 vel
452 2785 604 2831 exemplo
622 2784 673 2818 vel
694 2784 772 2819 teste
789 2783 961 2821 fundatum
974 2803 983 2821 .-
1008 2799 1059 2821 ut-

303 2847 452 2881 cunque,
469 2837 593 2870 erectio
614 2834 874 2870 abominationis
894 2835 946 2870 seu
965 2835 1058 2871 deso-

303 2882 395 2918 lantis
416 2886 468 2918 seu
485 2883 618 2919 desolati
629 2896 695 2918 non
713 2881 869 2920 convenit
884 2886 997 2920 diebus
1010 2890 1059 2920 Isc-

304 2931 386 2967 lzimi.
415 2933 583 2982 Quicquid
594 2934 679 2967 enim
698 2932 755 2967 fiat
776 2936 825 2969 vel
836 2935 874 2969 de
885 2935 993 2969 Iuliani
1009 2937 1058 2969 vel

304 2981 341 3014 de
358 2982 545 3029 Judaeorum
564 2983 806 3018 intentionibus
834 2987 869 3018 δε
896 2985 1058 3019 desideriis

305 3032 445 3075 erigendi
460 3045 576 3067 omnes
594 3032 876 3073 abominationes,
903 3034 986 3068 nihil
1007 3044 1058 3067 ta—

305 3090 379 3111 an
400 3079 619 3116 abominabile
637 3083 807 3117 valuerunt
828 3086 951 3130 erigere
972 3097 979 3117 :
1008 3085 1059 3118 lo-

303 3128 415 3171 quitur
433 3140 541 3162 autem
568 3131 729 3177 Propheta
752 3133 790 3166 de
815 3132 1061 3168 abominatione

303 3176 377 3209 aftu
396 3176 496 3210 crecta
510 3201 519 3215 ,
545 3191 612 3212 non
630 3181 672 3214 -de
696 3182 881 3217 intentione
895 3183 1034 3232 erigendi
1050 3205 1058 3218 ›

308 3236 480 3273 nunquam
491 3226 662 3263 redactam
679 3231 797 3265 aetum.

1031 145 1515 184 HISTOR101

1154 219 1327 267 Denique;
1349 219 1413 254 Etsi
1423 220 1471 253 lex
1484 222 1716 258 caeremoiiialis
1726 223 1796 272 post
1807 224 1864 259 de-

1107 266 1260 302 struGtum
1273 272 1437 315 templum
1449 267 1544 303 fuerit
1556 282 1624 304 non
1635 273 1762 307 tantum
1775 286 1864 308 mor—

1108 328 1162 351 tua
1172 316 1221 351 sed
1232 318 1416 358 mortifera,
1435 319 1595 366 nusquam
1605 330 1710 356 tamen
1723 324 1755 356 in
1768 323 1863 358 sacris

1107 367 1207 400 literis
1217 367 1352 402 horrido
1370 369 1626 403 abominationis
1643 369 1813 406 desolantis
1825 376 1868 407 ti-

1109 416 1179 449 tulo
1199 428 1233 449 ea
1244 416 1475 465 lexinsignitur
1493 434 1501 451 .·
1527 418 1662 454 infamia
1673 419 1738 454 haec
1749 421 1865 456 crassis-

1109 463 1193 498 simae
1213 468 1420 512 Paganorum
1439 467 1632 503 Idololatriae
1649 467 1731 504 solet
1743 483 1867 518 appro-

1110 514 1218 559 priari.
1242 514 1420 562 Reliquum
1432 516 1566 561 hujusce
1580 517 1805 565 disputationis
1815 535 1868 556 re-

1109 564 1272 596 mittimus
1284 565 1321 598 ad
1333 565 1523 613 quaestiones
1532 567 1567 600 in
1577 569 1796 615 Apocalypsin
1811 596 1821 610 ‚
1841 570 1864 605 fi

1108 625 1149 646 eo
1166 610 1266 660 usque
1285 614 1480 659 opusculum
1492 614 1555 649 hoc
1573 618 1764 652 continuare
1773 620 1865 654 Deus

1107 661 1242 696 dederit.

1158 713 1253 746 Sexta
1273 715 1305 745 &
1325 713 1440 747 ultima
1453 712 1608 748 sententia
1628 714 1670 749 est
1682 728 1795 751 corum
1807 717 1863 765 qui
1883 722 1964 746 Sexta

1106 760 1172 795 dies
1187 761 1435 803 Astronomicos
1446 764 1580 798 volunt:
1597 767 1791 812 principium
1805 780 1865 814 po·
1877 760 1997 827 {MP-²¹¹³
2022 777 2029 794 ³

1897 812 1960 830 unll-

1109 821 1219 844 nentes
1245 811 1377 858 quando
1400 812 1609 848 abominatio
1636 815 1845 851 desolationis
1859 842 1871 858 ‚

1111 857 1163 893 seu
1176 859 1274 893 statua
1286 862 1363 893 lovis
1381 861 1523 909 Olympici
1538 863 1630 910 super
1643 866 1738 899 altare
1751 867 1868 900 lehovae

1111 904 1274 944 cAntiocln‘
1295 909 1451 943 mandato
1462 911 1625 947 collocata
1637 913 1683 948 est
1696 916 1872 950 vicefirno-

1110 960 1230 1007 quinto
1268 957 1386 992 meniis
1419 963 1445 992 C
1447 958 1514 1004 isteu
1550 964 1625 995 anni
1658 963 1869 1000 Seleuctdamm

1113 1020 1192 1052 ¹45·
1203 1011 1235 1042 &
1250 1006 1352 1042 sincm
1366 1009 1398 1042 in
1411 1008 1461 1043 die
1472 1008 1724 1053 Astronomico,
1739 1016 1869 1050 millesi-

1112 1069 1168 1092 mo
1181 1057 1407 1092 trecentefimo
1424 1059 1712 1108 trigefimoquinto
1726 1063 1797 1109 post
1814 1065 1868 1099 di-

1109 1109 1199 1142 &um
1221 1108 1429 1154 principium.
1456 1110 1508 1143 De
1528 1123 1647 1158 genere
1668 1115 1696 1146 ἃ
1717 1114 1866 1150 terminis

1110 1156 1229 1191 horum
1250 1158 1398 1207 dierum.³
1425 1160 1511 1193 inter
1529 1160 1695 1196 sentcntiae
1718 1164 1867 1198 auctores

1110 1206 1282 1241 consensus
1299 1207 1343 1241 est
1356 1231 1365 1243 ,
1392 1205 1447 1241 sed
1474 1208 1512 1242 de
1539 1209 1772 1246 charaetcribus
1798 1226 1867 1248 non

1109 1257 1203 1290 item.
1231 1257 1432 1303 Principium
1446 1257 1578 1305 quidem
1593 1272 1709 1295 omncs
1721 1261 1866 1297 statuunt

1109 1307 1142 1339 in
1156 1307 1472 1354 pollutione-templi
1489 1321 1543 1355 per
1554 1307 1751 1351 Antiochum,
1764 1312 1866 1346 finem

1109 1361 1208 1390 etiam
1229 1355 1358 1391 secundi
1377 1359 1503 1391 numeri
1523 1356 1650 1404 ejusque
1667 1360 1792 1395 dierum
1813 1363 1870 1395 lo-

1111 1416 1184 1439 cant
1198 1406 1231 1439 in
1246 1403 1403 1453 Epiphanis
1414 1418 1532 1447 morte,
1543 1405 1596 1441 sed
1606 1408 1645 1442 de
1656 1408 1722 1443 fine
1735 1414 1867 1447 numeri

1110 1457 1238 1501 prioris,
1249 1457 1394 1502 adeoque
1404 1457 1566 1502 principio
1574 1457 1764 1503 posterioris
1773 1460 1870 1495 diffe-

1109 1506 1210 1538 rentia
1220 1503 1276 1539 est.
1303 1504 1415 1542 Iunim,
1427 1509 1456 1538 δι
1470 1505 1541 1550 post
1555 1518 1632 1539 eum
1643 1508 1787 1552 Piscator,
1806 1514 1868 1542 Pa.

1108 1552 1193 1587 lanus
1203 1579 1214 1594 ,
1225 1553 1354 1587 Rollocm
1365 1578 1374 1593 ,
1384 1551 1588 1603 Brzghtonm‚
1602 1557 1756 1591 Deodasus
1766 1582 1776 1597 ,
1791 1561 1868 1592 Gro-

1107 1602 1164 1637 tim
1175 1627 1184 1640 ‚
1203 1607 1233 1638 δι
1244 1605 1320 1644 alii,
1340 1606 1466 1638 numeri
1477 1605 1591 1651 prioris
1601 1629 1610 1645 ‚
1624 1607 1779 1641 nimirum
1793 1607 1867 1643 die-2

1108 1665 1179 1686 rum
1192 1654 1282 1688 mille
1299 1654 1517 1688 ducentorum
1536 1657 1738 1702 nonaginta,
1765 1656 1867 1693 finem

1110 1714 1238 1748 ponunt
1255 1705 1288 1737 in
1308 1699 1456 1738 Antiochi·
1467 1705 1617 1749 Eupatoria
1637 1717 1713 1752 pace
1737 1718 1753 1739 2
1768 1707 1867 1742 Mac-

1110 1752 1179 1787 cab.
1195 1765 1206 1786 1
1220 1765 1248 1786 1.
1260 1753 1338 1788 vers.
1356 1765 1410 1798 33.
1422 1753 1555 1800 quando
1568 1753 1683 1801 Judaeis
1699 1755 1845 1798 ωέὄνομίοι
1855 1780 1867 1797 ,

1111 1799 1415 1850 plenaque-libertas
1427 1801 1572 1837 concessa
1588 1803 1641 1838 est.
1670 1804 1733 1839 Sed
1746 1808 1868 1840 Anno-

1110 1862 1227 1886 tatores
1239 1853 1415 1900 Anglicani
1427 1853 1525 1886 medii
1537 1877 1548 1893 ‚
1564 1854 1752 1901 pleniusque
1765 1868 1801 1889 ac
1817 1856 1869 1889 di-

1110 1900 1254 1936 stinetit‘ls
1265 1902 1373 1936 ultimi
1386 1900 1472 1935 hunc
1483 1902 1694 1936 charaffistrem
1707 1929 1716 1942 ,
1737 1913 1773 1937 ut
1783 1904 1867 1938 mihi

1109 1951 1240 1999 quidem
1253 1952 1381 1987 videtur
1390 1976 1399 1990 ,
1414 1950 1499 1985 ῑεᾶὲ
1511 1951 1706 1993 transiliunt,
1719 1955 1750 1986 &
1762 1952 1867 1988 finem

1110 2005 1239 2035 numeri
1249 2002 1361 2048 prioris
1373 2025 1382 2041 ,
1404 2001 1674 2050 principiumque
1683 2002 1870 2048 posterioris

1110 2062 1240 2096 ponunt
1253 2053 1286 2085 in
1306 2049 1422 2085 illustri
1441 2049 1550 2096 aliqua
1567 2052 1633 2085 Dei
1653 2064 1727 2098 erga
1739 2053 1867 2100 Judaeos

1110 2099 1346 2138 misericordia,
1362 2102 1400 2135 de
1413 2098 1475 2147 quz‘i
1487 2101 1650 2146 Scriptura
1662 2100 1747 2139 filet,
1767 2112 1803 2135 ut
1816 2113 1871 2135 et-

1106 2153 1174 2195 jam
1191 2150 1233 2185 de
1249 2149 1359 2185 caeterz‘i
1377 2149 1446 2184 tota
1463 2149 1596 2183 istorum
1616 2147 1795 2183 seculorum
1814 2148 1867 2184 hi-

1108 2198 1224 2233 storia:
1244 2199 1319 2233 libri
1335 2209 1467 2244 quoque
1482 2195 1743 2231 Maccabaeorum
1769 2211 1868 2247 atque

1109 2244 1240 2291 Ioftphm
1247 2248 1297 2280 vel
1306 2256 1427 2284 tacent,
1439 2243 1489 2278 vel
1499 2244 1571 2279 huic
1585 2245 1771 2296 efsnglorum
1788 2249 1867 2284 cha-

1109 2295 1358 2342 r.16teritempus
1368 2294 1578 2329 nominatum
1591 2294 1745 2331 ascribere
1755 2300 1865 2347 negli-

1108 2354 1208 2390 gunt.

1154 2392 1233 2426 Iunii
1243 2391 1373 2440 quidem
1386 2390 1562 2429 sententia,
1577 2393 1701 2429 etiarnsi
1713 2395 1863 2430 austures
1880 2404 1910 2429 ln
1926 2401 2017 2441 quibujt

1108 2444 1270 2476 nominati
1291 2454 1362 2475 eam
1385 2441 1514 2489 praecise
1530 2443 1722 2491 sequautur,
1737 2444 1861 2479 videtur
1880 2443 1937 2472 dam
1951 2454 2001 2471 cor-

1107 2489 1328 2539 negligcntitis
1338 2492 1478 2539 exponi,
1505 2502 1671 2541 utcunque
1681 2518 1691 2533 ‚
1703 2495 1735 2527 in
1747 2492 1782 2526 efi
1795 2493 1860 2529 haec
1880 2484 1987 2524 rigenda.
2002 2537 2004 2540 y

1080 2554 1086 2576 i
1106 2544 1254 2589 quinque
1266 2541 1489 2576 desideramus.

1157 2589 1279 2625 Primo.
1296 2589 1400 2633 Quod
1411 2590 1623 2624 charac‘terem
1634 2590 1724 2624 suum
1734 2591 1772 2625 de
1785 2594 1862 2627 An-

1108 2637 1202 2675 tiocho
1213 2642 1356 2686 Eupatore
1367 2664 1376 2678 ‚
1404 2639 1520 2686 probet
1533 2652 1571 2673 ex
1601 2652 1618 2674 2
1634 2641 1786 2678 Maccab,
1809 2654 1821 2674 1
1834 2653 1863 2674 1.

1109 2703 1140 2725 v.
1158 2702 1210 2735 33.
1226 2688 1310 2723 Istud
1322 2690 1408 2723 enim
1421 2688 1504 2722 sistet
1516 2686 1779 2730 fundamentum,
1795 2689 1862 2725 haec

1112 2740 1253 2785 Junianae
1281 2738 1449 2772 sententia:
1471 2751 1541 2785 pars
1564 2737 1642 2773 falsa
1663 2739 1700 2773 sit
1721 2750 1861 2784 oportet.

1107 2790 1193 2823 Nam
1208 2789 1286 2821 loco
1298 2789 1387 2822 dic‘to
1401 2785 1586 2822 «Antiochus
1596 2785 1760 2834 Epiphanes
1772 2789 1805 2821 in
1819 2787 1860 2821 fi-

1108 2839 1142 2872 l¹ii
1157 2839 1304 2883 Eupatorii
1316 2839 1416 2872 literis
1431 2838 1618 2883 pra-dicatur
1629 2847 1776 2870 mortuus
1787 2849 1861 2872 ante

1108 2886 1208 2921 finem
1220 2889 1345 2921 numeri
1356 2887 1450 2933 primi
1463 2891 1494 2920 &
1507 2885 1700 2931 principium
1713 2884 1840 2921 secundi
1852 2901 1869 2920 :-

1107 2936 1323 2969 nihilominus
1343 2933 1605 2968 numerisecundi
1625 2932 1696 2969 finis
1715 2936 1862 2970 statuitur

1105 2985 1121 3019 a
1136 2985 1218 3017 Iunio
1229 2985 1261 3017 in
1275 2980 1431 3029 Epiphanis
1444 2993 1549 3016 morte
1560 2995 1568 3015 ι
1581 2995 1673 3029 ergo,
1683 2985 1862 3019 secundum

1108 3035 1222 3068 limitem
1232 3057 1242 3072 ,
1273 3034 1427 3065 morietur
1448 3029 1629 3065 &antiochia
1642 3037 1672 3066 ξ’(
1686 3046 1758 3067 ante
1772 3035 1862 3080 prin-

1108 3085 1230 3129 cipium
1246 3085 1278 3115 δέ
1301 3081 1371 3127 post
1392 3079 1490 3115 finem
1511 3082 1860 3130 numeriillius‚qu0d

1108 3129 1371 3177 estimposfibile.

1157 3179 1320 3213 Secundo.
1350 3178 1725 3227 InnimChronologiam
1744 3179 1858 3213 secun-

1084 3245 1090 3287 ι
1110 3231 1141 3265 di
1154 3229 1300 3264 Maccab.
1323 3241 1375 3264 11.
1394 3229 1572 3275 approbat,
1598 3229 1662 3275 quai
1682 3230 1766 3262 mori
1786 3229 1857 3262 vult

1085 3289 1089 3306 ¹
1732 3274 1857 3323 Esdplm-

1929 2604 1951 2622 1.
