2048 3343
435 84 1455 126 ETCiiitonoiociciLin.1.
1647 96 1720 132 125

981 156 1068 190 xisset
1080 154 1200 189 reditus
1211 156 1250 190 ad
1261 157 1424 192 summum
1435 158 1554 207 gloriae.
1583 160 1727 193 Convo-

982 217 1034 238 cat
1046 207 1076 238 in
1089 202 1198 238 forum
1212 208 1423 245 concionem,
1434 210 1576 254 priorem
1589 220 1726 243 omnem

982 256 1159 287 criminum
1171 252 1389 301 suspicionem
1406 256 1447 289 de
1458 258 1653 291 cunctorum
1667 257 1728 290 ab-

982 302 1092 350 stergit
1102 305 1219 337 animis
1231 305 1381 338 oratione
1394 304 1470 340 suxi.-
1499 307 1531 336 in
1544 310 1609 349 ejus
1622 306 1729 353 depo-

980 353 1069 384 nitur
1082 363 1197 385 manus
1210 352 1370 400 quicquid
1380 364 1447 387 erat
1458 354 1509 387 vel
1522 355 1655 389 marivel
1665 353 1730 391 ter..

982 399 1163 447 rfiimperii.

178 164 229 198 lus
241 160 363 195 miseris
376 172 502 207 pateret
514 162 617 195 exitus
631 186 640 201 ‚
661 168 826 194 conantur
839 158 931 190 omni

181 213 257 244 nixu
271 211 484 244 Athenienses
498 210 671 255 refringere
693 204 843 253 repagula
863 228 871 242 ‚
896 204 932 238 fit

181 261 213 294 in
224 258 294 306 ipso
304 272 407 307 portu
419 271 510 293 atrox
520 258 642 304 siquod
654 252 933 302 uiiqiiaiuuiavale

180 310 328 356 praelium
354 322 363 342 :
388 309 465 342 visti
492 304 701 341 Athenienses
729 303 861 351 fugiunt
888 301 931 336 ad

183 359 284 392 castra
310 371 318 392 ε
342 357 454 390 eadem
468 357 563 389 noifte
575 354 704 400 ingredi
718 354 859 387 statuunt
871 353 933 386 iter

184 407 333 455 pedestre
343 404 384 439 ad
397 405 554 439 amicasin
568 403 674 439 Insula
685 404 832 436 civitates
842 428 851 443 ,
867 403 900 436 id
914 400 932 434 εὶ

184 455 363 502 transfugis
375 454 544 489 discentes.
574 451 735 499 Syracusis
747 452 932 492 duces‚non

184 505 317 552 possunt
328 503 454 551 populo
473 500 664 550 persuadere
681 505 749 546 jam
771 514 808 534 ex
827 512 933 548 pugna

184 551 264 588 lasso
276 579 287 593 ,
317 565 354 586 ea
369 554 466 587 nocte
487 563 575 586 extra
593 551 708 586 urbem
721 548 866 597 proferre
877 562 934 596 pe-

185 603 263 638 dem
283 621 292 643 5
313 602 379 636 lioc
392 613 502 636 tamen
515 602 740 647 stratagemate
750 601 891 634 retinent
903 600 933 632 in

185 652 292 686 castris
312 651 449 685 hostem.
477 649 555 698 Ipsis
566 648 813 697 significandum
825 658 936 682 curant

185 712 426 749 praeoccupatas
437 703 503 745 jam
515 700 532 733 a
543 699 652 733 Siculis
665 700 798 732 cunctas
811 700 935 731 viarum

1033 449 1118 483 Aurii
1133 450 1282 496 populari
1296 448 1638 490 nihilinconstantius‚
1653 453 1728 485 Alci·
1749 457 1863 493 Ingratus

984 499 1076 533 biades
1098 498 1198 532 hodie
1212 497 1349 532 Athenis
1362 501 1443 533 alter
1462 503 1584 546 Iupiter,
1605 502 1638 533 in
1658 501 1726 533 die·
1742 494 1886 533 P⁰P“¹³“s‘*

987 546 1046 581 bus
1057 550 1168 595 paucis
1181 547 1246 581 fine
1257 560 1381 596 magno
1400 548 1568 583 demerito
1579 549 1727 583 cacodae-
1743 536 1886 603 ‹ulra-dadil-

987 608 1090 630 mone
1108 595 1255 631 odiosior
1269 599 1385 632 evadit.
1420 599 1495 631 Exit
1505 611 1578 632 cum
1593 598 1685 633 clalle
1697 599 1728 631 in
1746 587 1887 652 ἵζῖᾗοῖκη

987 647 1114 679 Ioniam
1126 671 1135 685 ,
1146 646 1318 695 Lyfimdrmn
1330 647 1530 681 navarchum
1542 651 1663 695 Spartae
1673 649 1729 693 qui
1749 641 1874 692 dnmffisz-

987 695 1019 727 in
1032 696 1225 742 propinquo
1235 707 1320 736 erat,
1339 697 1377 730 ad
1391 709 1534 744 pugnam
1554 708 1730 745 provocat:
1751 707 1836 727 ruitur·

36 2476 162 2508 ⁸Alcibia-

37 2517 78 2546 des
83 2517 164 2557 perdi-

185 751 345 798 angustias
364 763 373 784 :
389 752 470 783 mira
482 748 534 783 hic
545 746 936 782 miserrimosAthenien-

183 797 231 833 ses
241 799 366 833 invadit
376 795 558 845 desperatio
571 813 582 840 3
600 798 698 844 pestis
709 821 719 837 ,
731 794 832 828 fames
844 819 853 833 ‚
865 795 935 828 vul-

185 860 264 882 nera
274 847 685 893 vexabanttjngrediuntur
695 846 792 879 noire
802 842 937 890 sequen-

185 899 211 931 ti
222 899 308 931 viam
331 911 340 931 ι
364 908 467 937 unum
480 891 622 930 ducebat
632 906 748 942 agmen
764 892 934 927 Demoflhe-

186 959 245 986 nes,
258 946 356 981 Nicias
369 945 505 979 alterum
519 959 526 979 :
540 944 604 978 dici
616 955 685 976 non
697 942 828 988 poflunt
841 938 937 982 liujus

187 997 312 1029 itineris
328 993 456 1034 clades,
477 992 552 1027 cum
576 993 748 1024 maximam
761 1000 885 1036 partem
903 989 936 1021 in

191 1042 380 1079 difficilibus
391 1044 469 1076 locis
484 1038 614 1085 fuissent
633 1038 701 1073 caesi
721 1064 730 1079 ,
757 1040 813 1084 qui
828 1037 936 1084 super-

191 1104 282 1128 eraut
294 1093 434 1137 undique
451 1090 677 1123 circumcinffi
698 1086 728 1121 se
742 1087 884 1126 dedunt,
898 1086 935 1118 ad

189 1141 314 1189 septem
326 1141 427 1173 millia
439 1154 448 1172 .·
461 1138 561 1172 duces
571 1133 712 1175 confufi,
725 1137 842 1169 milites
855 1132 934 1168 milli

187 1191 222 1224 in
236 1187 447 1235 lapicidinas.
481 1187 609 1221 Peribre
635 1183 887 1220 Atheniensibus
903 1186 936 1217 in

187 1239 398 1285 expeditione
407 1236 467 1270 hac
479 1238 530 1269 vix
540 1237 707 1283 pauciores
718 1234 937 1282 quadraginta

188 1285 348 1321 millibus.
375 1286 558 1319 Minimum
572 1287 604 1318 in
622 1283 701 1318 urbe
714 1283 871 1330 superfuit
886 1283 938 1316 vel

188 1337 344 1372 virorum,
356 1334 406 1368 vel
420 1336 634 1382 pecuniae,vel
645 1334 772 1367 navium
795 1346 803 1366 :
830 1332 936 1365 statim

187 1398 304 1419 omnes
314 1382 585 1421 deficiuntsocii;
619 1384 747 1417 Euboea
768 1407 778 1422 ‚
805 1384 940 1418 Samos,

188 1431 779 1474 Lesbos‚maximaIoniae&Thiaciae
792 1443 938 1478 pars,ac-

189 1483 314 1517 cedunt
328 1481 446 1518 foederi
456 1485 627 1529 Spartano:
638 1492 711 1515 tota
723 1482 848 1515 Graecia
860 1492 939 1513 con-

190 1531 288 1579 spirat
305 1534 338 1565 in
355 1532 562 1567 Athenarum
582 1531 730 1565 ultimam
750 1531 939 1577 perniciem.

191 1583 342 1629 Populus
353 1584 520 1626 metujam
532 1582 671 1617 delirans
682 1580 782 1614 tradit
795 1581 939 1626 optima—

192 1631 280 1665 tibus
292 1630 576 1679 regiiiien‚1ubent
588 1629 848 1676 quadringentos
860 1630 940 1662 civi-

192 1691 296 1714 tatem
308 1692 434 1726 regere:
447 1680 503 1714 sed
516 1679 550 1712 hi'
561 1676 687 1712 factiosi
701 1682 732 1712 ὃ(
746 1677 938 1722 ιἰῃρτιιάεητ

193 1740 242 1763 tes
253 1730 334 1768 viri,
349 1728 444 1776 quod
457 1728 595 1776 Reipub.
605 1727 768 1774 supererat
783 1727 846 1774 spei
863 1740 939 1774 pro-

191 1777 357 1825 fligfirunt.
386 1777 620 1825 Qadraginta
632 1788 730 1811 naves
741 1777 792 1810 vix
806 1779 840 1810 &
855 1774 938 1823 :egre

190 1836 363 1873 comparat
385 1825 543 1872 populus,
564 1827 629 1860 istis
646 1825 744 1859 binos
757 1824 941 1873 praeficiunt

190 1875 290 1909 duces
303 1900 313 1916 ,
334 1874 463 1920 quisuis
474 1875 644 1910 discordiis
655 1876 831 1909 vistoriam
843 1874 940 1909 hosti-

191 1922 255 1958 bus
267 1924 498 1971 prodiderunt‚
523 1927 646 1959 Iterum
659 1926 797 1958 recentis
809 1925 942 1972 Oligar-

189 1973 270 2007 chia:
281 1976 366 2020 piget
377 1973 825 2021 populum‚ipsiresumuntin
836 1986 947 2008 manus

190 2024 368 2069 imperium
382 2045 392 2060 ‚
410 2028 446 2058 δε
469 2025 502 2057 in
523 2023 621 2058 rebus
639 2024 856 2070 desperatisin
867 2025 942 2058 Alci-

188 2073 302 2106 biadem
311 2074 495 2115 conjiciunt
507 2071 640 2107 oculos:
651 2072 824 2107 miserebat
835 2074 942 2107 virum

188 2123 310 2155 ruentis
321 2122 448 2168 partiat,
460 2121 521 2168 qua
539 2124 652 2169 potuit
663 2120 798 2155 afflieias
811 2126 882 2168 ejus
893 2134 942 2155 res

188 2169 375 2214 adjuvabar.
402 2170 594 2205 Promiserar
610 2172 774 2217 Spartanis
783 2175 889 2205 Darius
900 2172 940 2204 ad

189 2220 400 2266 extirpandas
422 2219 568 2254 Athenas
592 2221 742 2255 triremes
759 2231 937 2254 trecentas:

189 2271 303 2315 legato
325 2271 426 2316 Regis
453 2270 649 2305 Pharnabazo
675 2267 830 2316 persuasit
858 2268 939 2303 clam

190 2317 345 2350 Alcibiades
356 2329 396 2351 ne
414 2318 560 2352 traderet
569 2330 669 2351 naves
689 2342 698 2356 ‚
727 2318 853 2352 docens
870 2318 887 2352 ὲ
907 2331 940 2351 re

191 2365 295 2410 Regis
314 2367 386 2411 plus
404 2364 550 2401 futurum
567 2390 576 2404 ‚
600 2377 635 2400 ut
646 2366 813 2412 utriusque
823 2366 940 2414 populi

191 2416 372 2459 aeqi'iaretur
382 2417 535 2460 potentia
546 2439 555 2451 ,
574 2414 673 2460 quam
687 2426 721 2448 ut
733 2418 820 2450 alieri
832 2415 942 2450 fundi-

192 2473 244 2495 tus
262 2473 493 2497 everterentur.
532 2461 633 2497 Certe
654 2464 805 2496 Alcibiadis
815 2465 858 2498 ad
870 2464 942 2498 suos

194 2511 318 2545 reditus
346 2523 452 2545 iotam
480 2516 666 2547 Graecarum
693 2523 800 2545 rerum
826 2512 941 2546 faciem

988 756 1058 777 non
1070 744 1234 779 audetille
1246 745 1407 791 congredi
1428 770 1437 785 ‚
1463 759 1542 781 mox
1554 757 1664 780 tamen
1676 758 1734 779 au-

986 782 1076 827 diehs
1092 806 1166 827 cum
1195 806 1317 841 magna
1340 794 1485 828 militum
1509 807 1603 843 parte
1625 794 1731 829 abesse

988 842 1300 875 Alcibiadema'nvadi't
1311 844 1447 888 lysander
1458 844 1604 891 reliquos
1615 849 1648 879 δέ
1659 856 1737 892 pro-

987 889 1098 936 fligat:
1117 890 1165 923 ob
1176 889 1242 923 hoc
1255 889 1475 925 infortunium
1489 896 1591 928 mittit
1602 892 1735 941 pessime.

988 938 1155 973 consultus
1165 940 1309 985 populus
1323 938 1462 973 Alcibiadi
1474 943 1505 974 in
1518 943 1655 989 imperio
1668 942 1736 977 suc-

987 987 1133 1022 cessores.
1164 989 1311 1021 Sentiens
1323 991 1550 1034 magnanimus
1569 993 1616 1024 vir
1633 1003 1736 1037 nupe-

987 1048 1044 1070 ros
1056 1039 1166 1083 pattiae
1184 1035 1313 1071 favores
1329 1039 1362 1070 in
1375 1049 1482 1072 novos
1500 1041 1580 1073 verti
1591 1036 1732 1078 furores,

986 1085 1105 1132 sponte
1115 1085 1274 1120 concedit
1285 1087 1316 1118 in
1324 1085 1496 1121 Thraciam
1508 1088 1625 1121 iterum
1638 1089 1722 1121 exul.

1036 1134 1219 1182 Pugnatum
1230 1135 1366 1182 posthac
1374 1136 1420 1168 est
1430 1149 1536 1183 prope
1546 1136 1682 1171 Lesbon
1693 1136 1735 1169 :ib

988 1183 1241 1218 Atheniensibus
1260 1196 1334 1218 cum
1361 1186 1528 1232 Spartanis
1546 1210 1557 1227 ‚
1585 1188 1737 1220 maximis

988 1235 1142 1280 utrinque
1153 1233 1279 1280 copiis:
1298 1233 1429 1281 insignis
1441 1247 1540 1282 penes
1552 1235 1737 1269 Athenien-
1783 1249 1785 1251 ·

987 1281 1034 1316 ses
1045 1282 1199 1316 remansit
1211 1284 1349 1317 victoria
1363 1299 1374 1327 3
1397 1283 1453 1318 sed
1463 1283 1479 1318 ὲ
1489 1284 1601 1331 praeli'o
1614 1283 1738 1318 oborta.

989 1330 1160 1379 tempestas
1179 1344 1249 1365 non
1268 1335 1391 1379 patitur
1415 1335 1448 1367 in
1469 1335 1550 1368 mari
1567 1333 1736 1368 demersos

988 1383 1178 1427 recolligere
1188 1381 1230 1416 acl
1242 1379 1443 1428 sepulturam
1457 1396 1465 1417 :
1477 1382 1524 1417 ob
1533 1385 1602 1416 hoc
1611 1384 1735 1417 crimen

990 1428 1065 1463 cslm
1084 1430 1184 1464 classis
1208 1431 1490 1478 triumphabunda
1516 1432 1644 1467 redisset
1670 1432 1738 1466 do-

990 1492 1081 1513 mum
1095 1504 1104 1519 ,
1117 1477 1282 1514 fortiffimi
1292 1481 1413 1514 ducum
1426 1483 1521 1515 luunt
1534 1483 1652 1528 capite.
1679 1484 1737 1513 ln-

989 1528 1168 1563 tolerabilis
1186 1527 1314 1573 hujusce
1331 1531 1505 1565 dementia:
1517 1529 1736 1564 meritiffirnas

989 1579 1094 1612 statim
1106 1590 1219 1624 peenas
1229 1581 1327 1612 luunt
1338 1579 1477 1614 Atheuae
1500 1593 1509 1614 ε
1537 1581 1680 1613 mittitur
1691 1579 1735 1613 ad

989 1626 1247 1674 Hellespontum
1259 1627 1418 1675 quicquid
1430 1627 1503 1662 urbi
1517 1627 1579 1663 fuit
1594 1630 1708 1664 virium
1725 1642 1734 1663 z

988 1675 1337 1712 conveniturliosti'sin
1348 1678 1737 1724 Propontide,juxtalo-

990 1739 1066 1761 cum
1086 1725 1144 1760 ubi
1170 1725 1360 1760 remanebat
1385 1729 1543 1762 Alcibiades
1567 1727 1666 1768 exul·,
1691 1726 1735 1761 ad

988 1788 1130 1824 pugnam
1143 1773 1301 1809 lacessitus
1310 1777 1446 1822 Lysander
1453 1775 1590 1824 prodire
1601 1774 1739 1815 recusat,

987 1825 1182 1859 infirmitatis
1200 1824 1352 1859 conscius
1369 1842 1379 1862 ;
1405 1827 1550 1872 postulat
1567 1825 1609 1859 ab
1625 1824 1738 1859 Athe-

991 1872 1153 1908 niensium
1178 1872 1318 1907 ducibus
1337 1876 1496 1909 Alcibiades
1514 1876 1741 1921 aliquamirn-

990 1925 1070 1970 perii
1090 1934 1216 1970 partem
1237 1947 1248 1962 ,
1275 1925 1510 1970 repromittens
1529 1935 1652 1957 certam
1675 1923 1739 1956 suis

989 1973 1176 2011 vietotiam,
1189 1970 1243 2005 sed
1256 1983 1331 2004 cum
1344 1970 1474 2006 fastidio
1484 1974 1629 2017 rejicitur
1642 1971 1737 2005 exul:

991 2024 1100 2056 Attica
1115 2023 1220 2055 statim
1233 2020 1331 2055 classis
1348 2023 1456 2056 coacta
1468 2031 1674 2056 commeatus
1686 2022 1741 2053 in-

992 2071 1068 2118 opiz'i
1078 2073 1271 2116 Spartanam
1284 2069 1464 2117 relinquere
1478 2096 1488 2111 ‚
1507 2068 1620 2118 verum
1633 2071 1741 2120 Lysan-

990 2123 1038 2156 der
1057 2121 1170 2154 solutis
1194 2121 1228 2152 in
1250 2118 1384 2153 discessu
1410 2119 1557 2154 hostibus
1584 2122 1740 2167 ingruens

992 2169 1135 2204 debellat
1147 2170 1276 2214 penitus
1296 2182 1304 2203 :
1332 2172 1368 2202 &
1385 2170 1437 2202 vix
1457 2168 1615 2215 relinquit
1628 2167 1738 2214 super—

990 2219 1097 2252 stitem
1110 2219 1165 2266 qui
1177 2217 1307 2252 cladem
1322 2218 1460 2252 Athenis
1470 2222 1648 2251 nunciaret.
1662 2219 1738 2250 Ma-

987 2269 1057 2302 lum
1078 2267 1142 2301 hoc
1162 2265 1328 2313 prioribus
1351 2267 1519 2311 adjectum
1541 2266 1686 2314 perdidit
1704 2268 1738 2299 in

991 2328 1186 2365 perpetuum
1198 2315 1358 2350 Athenas.

1040 2368 1158 2400 Statim
1184 2363 1201 2398 a
1221 2367 1361 2399 viekoiia
1378 2363 1466 2398 adest
1482 2363 1525 2397 ad
1538 2374 1651 2396 muros
1661 2374 1737 2395 cum

992 2415 1129 2448 terrestri
1141 2411 1284 2448 exercitu
1295 2415 1367 2448 Rex
1377 2418 1440 2460 Agis
1449 2437 1458 2452 ‚
1467 2412 1506 2446 ad
1515 2423 1649 2459 portum
1662 2423 1738 2443 cum

993 2463 1086 2497 classe
1113 2464 1252 2512 Lysander
1271 2488 1280 2500 ‚
1317 2467 1351 2496 &
1386 2461 1538 2494 diuturna
1562 2459 1738 2493 obsidione

991 2510 1146 2559 grassatur
1169 2513 1254 2542 intra
1276 2507 1531 2547 moen'iafames‚·
1560 2509 1685 2542 tradere
1706 2507 1738 2543 se

38 2566 76 2586 Μ
92 2565 143 2589 -Λ-
195 2565 438 2595 commutavit.
479 2564 595 2608 Nuper
619 2562 770 2594 contritae
804 2561 943 2594 Athenae
991 2570 1158 2608 coguntur
1186 2558 1324 2591 Athenae
1350 2558 1381 2590 in
1408 2556 1739 2591 Lacedaemoniorum

35 2599 168 2674 bezan*
197 2609 605 2658 absqueresurgendispe3
632 2608 688 2643 sed
703 2622 780 2643 mox
793 2610 944 2644 Alcibiadis
992 2620 1120 2642 manus.
1138 2607 1738 2651 Subruijubetviistorinuros2dcstrui

183 2661 249 2693 ·vel
260 2660 376 2693 virtute
385 2662 434 2694 vel
446 2657 578 2695 fortuna
591 2659 726 2706 pristina:
735 2658 944 2694 restituuntur

196 2709 317 2756 gloriae.

249 2758 328 2791 Non
348 2755 436 2804 prius
453 2756 501 2789 vir
520 2757 551 2789 in
572 2755 689 2789 urbem
707 2756 819 2796 venit,
844 2755 940 2802 quain

199 2817 264 2840 tres
286 2806 546 2854 splendidissimae
568 2805 609 2840 de
629 2807 796 2853 Spartanis
816 2807 850 2838 in
863 2807 943 2838 mari

201 2856 343 2889 vifrotiae
361 2855 467 2889 relata:
488 2852 616 2895 fuissent
636 2869 645 2895 3
671 2858 814 2902 captivas
834 2854 941 2888 secum

201 2905 302 2937 Piraeo
320 2906 427 2939 intulit
440 2905 639 2938 hosticarum
652 2906 835 2938 triremium
852 2902 942 2952 snpra

199 2950 768 3002 ducentas,&spoliainfinitipretii.
797 2953 942 2987 Descen-

199 3001 289 3033 dcnti
305 3003 345 3035 de
362 3002 451 3037 clafl'e
472 3015 543 3038 tota
563 3003 593 3038 se
613 3006 745 3051 projicit
772 3004 883 3037 civitas
909 3005 941 3036 in

199 3048 368 3083 occursum
388 3075 398 3091 ‚
423 3054 531 3099 cunffl
558 3052 735 3088 avidissime.
764 3053 944 3097 conjiciunt

199 3100 315 3133 oculos
334 3099 366 3132 in
385 3101 490 3134 virum
504 3125 514 3141 ‚
534 3106 623 3146 cujus
633 3101 708 3150 fugi
718 3116 786 3136 rem
800 3103 942 3136 Atticam

201 3146 468 3197 praecipitaffetin
481 3151 545 3184 ima
559 3150 758 3186 miseriarum
779 3176 789 3191 ‚
813 3155 848 3186 δε
859 3164 944 3199 ⁴evc-

991 2655 1258 2706 propugnacula:
1273 2668 1361 2691 vetat
1372 2655 1454 2689 ultra
1464 2655 1580 2689 decem
1592 2657 1740 2690 triremes

992 2705 1156 2752 possidere
1168 2731 1177 2746 ,
1193 2708 1338 2753 regimen
1352 2707 1483 2752 triginta
1497 2706 1636 2751 tyrannis
1648 2707 1706 2752 qui
1719 2704 1737 2739 εὶ

991 2755 1021 2792 se
1036 2757 1097 2789 toti
1109 2755 1299 2801 penderent,
1311 2755 1421 2789 tradit.

1040 2806 1113 2850 Qi
1132 2804 1278 2838 recusant
1289 2803 1435 2850 legitime
1448 2802 1636 2845 dominari,
1661 2817 1732 2838 me-
1751 2819 1868 2847 Merita·

991 2852 1135 2886 ritissime
1161 2851 1275 2888 servire
1307 2865 1487 2901 coguntur.
1530 2853 1733 2888 Atheniensis
1753 2859 1846 2888 ,frihe-

991 2903 1141 2950 populus‚
1152 2902 1232 2936 dum
1244 2903 1338 2937 staret
1349 2904 1400 2936 sua
1411 2900 1734 2943 res,hostibiis,iociis‚
1752 2899 1869 2945 'similium

1755 2951 1769 2967 a
1778 2949 1881 2976 tringin-

993 2951 1076 2985 bene
1093 2951 1301 2985 ineritislimis
1312 2954 1435 2986 civibus
1448 2951 1630 2998 petulanter
1642 2951 1730 2986 abusi

991 3001 1180 3040 sunt‚nem0
1193 3001 1233 3035 de
1245 2998 1382 3036 fortunae
1397 3012 1471 3048 erga
1483 3000 1658 3045 injuriosos
1673 3003 1733 3035 ini·

991 3052 1115 3097 quitate
1126 3063 1293 3096 queratur.

1043 3101 1199 3146 Triginta
1211 3100 1341 3145 tyranni
1356 3121 1364 3134 ‚
1384 3097 1524 3145 primum
1548 3099 1632 3134 male*-
1651 3103 1738 3134 mul-

993 3151 1078 3184 Ctare
1092 3148 1209 3188 malos,
1222 3148 1390 3184 bonorum
1403 3161 1478 3184 cum
1490 3151 1611 3196 gaudio
1633 3163 1640 3183 :
1659 3160 1739 3183 mox

1306 3199 1364 3245 Q
1375 3211 1390 3244 3
1663 3210 1700 3231 cu
1708 3209 1739 3229 in

1711 3002 1715 3007 .
1753 2989 1779 3007 Μ
1792 2989 1876 3017 lyran-

1756 3023 1790 3048 m‘s
1799 3021 1891 3060 opprffi

1766 3074 1772 3087 s
1791 3083 1797 3089 ι
