2048 3343
436 124 514 150 ET
578 111 956 151 CHRoNor

209 185 238 221 se
245 185 282 220 ab
290 187 353 230 ejus
364 183 509 219 vicesimo
519 185 630 232 quinto
640 184 677 219 acl
683 183 868 219 tricesimum
875 183 966 230 quin·
982 195 984 198 ’

209 247 275 270 tum
293 248 301 269 :
325 247 391 268 imo
406 233 480 268 vero
493 236 630 282 integros
642 246 754 267 omnes
766 233 798 266 in
810 233 965 278 Scriptura

207 295 371 322 numeros,
387 281 498 318 scilicet
512 283 654 317 denarios
668 307 679 321 ‚
704 281 892 319 vicenarios,
908 281 964 313 tri-

205 335 347 368 cenarios
363 358 372 372 ,
397 333 588 367 centenarios
600 355 611 370 ‚
636 329 822 363 millenarios
832 332 893 363 &c.
906 329 963 362 de—

206 384 325 418 narium
339 393 371 417 ut
389 383 553 428 minimum
572 378 622 414 sua
639 378 798 413 latitudine
816 390 964 426 compre-

202 433 349 467 bendere.

251 483 381 530 Replica.
405 481 546 513 Fatemur
559 479 590 512 in
599 478 753 526 Scriptura
761 489 909 512 numeros
917 477 963 511 in-

204 541 311 578 tegros
323 554 333 570 ‚
358 534 389 564 δι
415 529 579 576 aliquando
597 529 688 562 etiarn
706 526 822 562 faustos
848 526 962 561 habere

203 580 356 628 quandam
370 580 559 614 latitudinem
573 602 584 617 ,
610 577 660 613 sed
679 589 712 611 ut
725 575 837 625 absque
851 576 911 610 ulla
924 589 960 610 ex

205 627 657 677 Scripturisipsisdemonstratfi
670 626 839 662 necessitate
851 638 960 660 nume-

203 691 254 713 rus
267 680 525 726 quilibetinteger
536 678 631 712 totius
645 678 758 711 denarii
769 675 960 709 latitudinem

203 728 330 769 habeat,
350 728 380 762 id
393 728 518 776 quidem
531 752 542 767 ‚
566 737 598 760 ut
610 727 743 765 videtur,
766 724 810 759 est
824 723 910 759 sacra:
922 737 960 758 o-

202 779 284 812 mnis
301 777 528 824 Chronologiae
546 777 607 810 ima
620 774 817 809 fundamenta
829 771 959 808 manife-

201 826 252 861 sto
270 827 395 861 arietare
413 831 445 862 &
458 825 622 866 subruere3
652 826 694 859 ita
707 835 740 859 ut
756 824 957 871 Spanhemius

201 876 349 911 omnibus
363 876 427 910 aliis
439 874 495 910 suis
509 874 672 910 machinis,
688 873 960 921 quashabetpluri-

199 938 276 966 mas,
291 925 469 965 conflastis,
477 925 532 959 hac
540 924 628 959 uuicti
636 924 730 958 valeat
737 936 866 958 omnem
873 935 960 956 com-

202 986 312 1023 putum
327 976 343 1009 εὶ
358 974 444 1010 sacris
457 974 620 1022 Scripturis
639 974 670 1007 in
683 974 818 1007 numeris
833 972 959 1020 integris

202 1024 395 1072 desumptum
410 1023 586 1072 profligare.

249 1076 307 1108 Ait
314 1074 441 1122 quarto;
456 1073 641 1108 tricesimum
651 1070 887 1106 Christiannum
895 1082 960 1104 non

203 1126 333 1172 exprimi
346 1125 362 1159 a
375 1123 475 1159 Luc&
489 1121 537 1157 sed
550 1123 642 1156 alium
656 1120 856 1169 scilicetquasi
868 1121 959 1154 trice-

203 1174 329 1213 fimum,
343 1175 397 1221 qui
409 1185 475 1207 non
489 1171 533 1206 est
545 1169 606 1219 ipse
613 1170 792 1204 tricesimus.

251 1225 392 1272 Qplica.
404 1222 510 1256 Nimis
522 1221 617 1255 multa
629 1218 785 1254 &subtilia
798 1216 874 1257 sunt,
890 1230 958 1264 quae

203 1274 333 1320 Scaltger
350 1283 408 1318 pro
426 1269 475 1310 se,
501 1275 533 1305 δε
553 1280 663 1305 contra
679 1281 751 1303 eum
769 1269 909 1302 Petavius
928 1272 957 1301 δι

203 1322 404 1368 Spanhemius
422 1319 572 1367 disputant
591 1319 629 1352 de
646 1321 733 1353 Lucae
745 1317 850 1353 ‚verbis
872 1317 960 1363 [erat

202 1372 285 1418 quast
293 1374 417 1419 trtginta
427 1381 575 1402 annorum
586 1368 745 1416 incipt'ens]
767 1380 833 1414 quae
841 1392 850 1407 ‚
865 1378 898 1400 ut
911 1379 959 1400 re-

203 1420 254 1455 &te
277 1418 387 1453 fatetur
410 1418 610 1466 spanhemius
629 1442 639 1457 ‚
669 1415 833 1451 obscurant
855 1416 978 1463 potius·

201 1471 296 1518 quam
314 1468 462 1503 illustrant
485 1465 689 1514 Euangelistae
711 1464 846 1500 sensum:
873 1465 960 1513 quod

202 1530 305 1553 autern
317 1519 353 1552 ad
367 1518 582 1564 exceptionem
596 1528 656 1562 prae
668 1515 823 1555 manibus,
841 1528 920 1554 eam,
928 1526 961 1549 ut

202 1570 260 1603 alia
271 1568 366 1602 multa
378 1568 409 1601 in
421 1567 477 1601 hac
485 1564 814 1612 SpanhemiiDiatriba
827 1563 961 1599 dorste&

201 1616 299 1653 solide
311 1616 416 1652 noster
434 1615 593 1665 Nisbetus
611 1627 648 1648 ex
659 1615 726 1661 ipsa
739 1615 894 1662 Scriptura
912 1627 961 1649 re-

200 1668 313 1702 tundit.
340 1668 424 1701 Sicut
437 1668 519 1700 enim
527 1668 619 1699 Lucae
628 1676 737 1709 23.44.
762 1671 814 1708 ἔρρε
831 1673 882 1698 ὡσεὶ
895 1670 964 1704 ’ἐκ-ιη,

197 1718 363 1765 exponitur
375 1716 414 1750 ab
426 1714 491 1763 ipso
505 1717 556 1762 Sp.
566 1714 681 1749 San&o
691 1737 702 1753 ‚
717 1711 833 1746 Matth.
846 1723 896 1756 27·
910 1723 962 1757 45.

197 1767 252 1805 A&
268 1768 330 1798 ἕκτη.
350 1765 383 1797 &
393 1765 495 1796 Aftor.
512 1774 558 1795 10.
575 1764 608 1795 ὅ(
619 1771 645 1804 3.
669 1761 720 1800 a&
735 1763 785 1790 ὡσεὶ
799 1759 875 1807 intrusa-»1
888 1769 961 1792 vers,

198 1820 248 1853 30.
274 1808 438 1854 exponitur
458 1807 531 1840 hom
544 1817 631 1839 nona.
663 1805 764 1838 Marc.
782 1812 873 1836 etiarn
886 1803 915 1837 8.
927 1816 960 1845 9.

199 1859 230 1887 ὦς
247 1857 444 1895 πτςρικιχίλιοι.
474 1855 611 1886 Matthaei
628 1858 674 1892 15'.
690 1851 737 1893 38.
766 1852 957 1890 πτρφκιχίλιὸι,

197 1896 276 1927 Item
290 1895 450 1935 Matth.27.
463 1907 490 1928 v.
500 1896 549 1936 46.
572 1893 626 1926 aab}
644 1893 706 1932 ὅρῳ
721 1892 820 1921 ἐννέπω
835 1890 962 1922 habetur

198 1946 392 1986 Marc-¹534·
417 1945 467 1985 ὄξει
484 1943 566 1982 ἐπαίτῃ
578 1965 586 1976 ,
612 1935 652 1969 ita
659 1933 768 1968 nostro
776 1934 960 1974 Lucaeloco,

200 1993 256 2020 ἐτῶν
272 1994 322 2020 ὡσεὶ
337 1991 483 2027 festiva-Q,
504 1984 589 2019 ree‘te
601 1984 696 2031 accipi
714 1996 773 2029 pro
785 1983 871 2016 annis
890 1983 962 2018 vere

201 2032 325 2079 triginta
339 2057 348 2072 ,
381 2031 430 2066 scu
448 2034 667 2082 incipientibus
683 2031 735 2068 seu
755 2031 959 2068 desinentibus

203 2078 252 2115 seu
266 2080 498 2117 consummatis.

251 2130 307 2166 Ait
319 2131 430 2178 quinto
444 2132 648 2168 Charaeteres
663 2133 784 2178 Calvisii
801 2131 963 2166 Astrono-

203 2180 305 2214 micos
317 2193 383 2214 non
395 2180 453 2215 esse
465 2195 570 2222 veros,
586 2196 626 2217 eo
638 2182 726 2230 quod
738 2183 878 2216 Petavius
891 2194 963 2228 pro-

205 2230 259 2263 bet
272 2230 384 2265 nullam
397 2231 428 2264 in
448 2233 613 2266 emortuali
634 2231 764 2280 Augusti
787 2243 869 2264 anno
877 2229 964 2264 fuisse

207 2279 287 2312 Solis
300 2280 434 2326 eclipsin.

256 2329 399 2375 Replica.
428 2329 507 2362 Non
527 2330 733 2363 controvertit
757 2327 964 2374 Spanhemius

208 2376 370 2423 primarios
383 2378 504 2421 Calvtfii
510 2377 698 2411 chara&eres
707 2375 961 2415 Astronomic0s‚

209 2438 345 2472 quorum
359 2439 435 2459 unus
454 2426 475 2459 si
488 2439 575 2460 verus
589 2425 820 2460 conclusionem
832 2424 964 2459 demon-

207 2474 296 2515 strat,
311 2488 375 2509 non
389 2486 478 2523 negat
485 2475 608 2523 eclipsin
615 2478 710 2510 Lunae
717 2476 812 2509 altero
821 2474 891 2520 post
898 2476 966 2516 Au-

207 2523 286 2570 gusti
300 2536 434 2559 mortem
447 2525 548 2560 mense
556 2539 566 2566 3
578 2537 634 2560 nec
647 2525 727 2559 Solis
740 2523 864 2571 eclipsin
877 2524 965 2570 quin-

208 2585 243 2608 to
258 2574 390 2615 Claudii,
405 2575 485 2609 unde
498 2576 532 2608 in
545 2575 653 2622 primis
671 2586 767 2609 omne
780 2572 865 2608 suum
878 2572 965 2607 insti-

207 2634 308 2657 tutum
321 2625 452 2671 probare
469 2623 497 2659 se
509 2624 694 2672 profitetur:
721 2636 779 2658 nec
799 2623 965 2671 quicquam

208 2672 268 2720 ipse
283 2671 400 2720 profert
412 2685 519 2708 contra
530 2673 653 2722 eclipsin
666 2674 829 2721 Solis‚quae
837 2671 966 2721 Augusti

208 2734 344 2757 mortem
359 2723 517 2770 praecessit,
535 2723 652 2759 tantum
665 2734 812 2771 provocat
825 2723 862 2757 ad
875 2726 964 2757 Peta-

209 2773 292 2808 vium
306 2798 316 2812 ,
341 2772 421 2820 quasi
441 2773 465 2807 is
485 2781 617 2819 φιψέμῖω
635 2773 699 2807 hoc
716 2773 765 2807 vel
777 2771 905 2807 extitisse
918 2772 964 2807 vel

210 2822 336 2857 existere
349 2834 421 2856 tunc
434 2821 564 2868 potuisse
582 2821 783 2869 improbaret.
812 2819 963 2855 Profeeffi

209 2872 263 2918 qui
275 2872 451 2916 Spanhemii
459 2872 527 2906 olicis
535 2871 751 2919 diligentissimi
758 2870 906 2905 incuriam
913 2869 964 2902 hic

209 2919 346 2955 excusem
358 2920 478 2963 nesci03
498 2935 569 2955 nam
582 2933 783 2969 praeterquam
796 2919 884 2967 quod
895 2919 963 2953 nul-

209 2969 272 3003 lum
284 2970 333 3004 hic
347 2983 382 3004 ex
395 2972 524 3006 Petavio
537 2972 641 3006 locum
655 2971 742 3007 citat,
761 2979 851 3018 caput
863 2969 895 3003 in
907 2968 964 3003 hac

210 3020 337 3055 materia
349 3020 620 3057 celeberrimum&
631 3019 704 3069 saepe
716 3020 786 3054 alias
800 3021 816 3055 a
828 3018 964 3066 Spanhe-

211 3069 278 3102 mio
291 3069 428 3106 citatum,
445 3081 586 3116 quartum
598 3070 727 3111 scilicet,
741 3068 964 3104 libriduodeci-

210 3118 254 3152 mi
269 3132 278 3159 ;
293 3118 406 3152 disertis
419 3119 520 3153 verbis
535 3119 606 3154 huic
621 3120 799 3168 Spanhemii
812 3117 966 3153 assertioni

210 3168 392 3203 contradicit
404 3193 414 3208 ,
441 3167 564 3214 eclipsin
585 3170 664 3204 Solis
685 3171 716 3204 in
734 3182 816 3204 anno
839 3167 968 3217 Augusti

211 3218 321 3253 ultimo
330 3231 365 3253 ex
372 3217 493 3263 Eufi’bio
501 3221 632 3254 &Dione
637 3219 796 3267 contigisse
804 3217 967 3255 affirmans.

986 123 1208 150 ocrcx
1273 111 1510 150 L1n.11.
1715 128 1755 164 39

1000 185 1032 217 Si
1045 183 1118 218 alibi
1132 183 1274 231 usquam,
1291 185 1376 231 quod
1384 185 1494 220 dubito
1502 209 1511 225 ,
1525 185 1588 220 hoc
1599 189 1756 233 negetPe-

1000 234 1093 267 tavius
1105 233 1180 267 nihil
1195 232 1312 280 praestat
1327 234 1397 267 miri
1410 259 1420 273 ‚
1441 248 1511 268 nam
1525 234 1587 269 hoc
1601 235 1666 283 ipso
1679 237 1754 270 loco

999 281 1192 317 manifestam
1205 282 1317 317 Petavii
1330 285 1611 319 contradietionem
1619 284 1756 332 Spanhe-

998 331 1078 364 mius
1094 330 1251 371 observat,
1265 331 1338 366 dum
1350 330 1400 365 hic
1414 333 1555 378 proterve
1568 346 1675 369 contra
1682 337 1756 367 Sca-

998 379 1123 427 lzgcrum
1136 380 1265 426 disputat
1277 379 1355 414 nihil
1369 382 1444 414 certi
1461 385 1491 416 &
1505 382 1697 418 determinati
1717 397 1754 418 ex

997 429 1106 474 Luc.3.
1116 441 1174 475 pro
1182 429 1388 464 Christianno
1400 430 1556 465 tricesimo
1569 433 1677 467 deduci
1685 433 1754 480 pos·

996 474 1042 518 se,
1058 477 1130 512 alibi
1141 489 1244 512 tamen
1258 491 1295 513 ex
1307 479 1370 512 hoc
1383 478 1448 526 ipso
1468 480 1541 514 loco
1561 481 1679 516 Christi
1698 484 1754 516 tri-

995 526 1140 563 cesimum
1147 527 1308 563 certissime
1314 527 1515 563 demonstrari
1523 528 1753 565 affirnmt.Con-

994 577 1071 622 jicio
1084 577 1210 625 quidem
1223 577 1398 625 Spanhemii
1410 577 1460 612 hic
1472 579 1621 614 calamum
1635 580 1752 614 &Scali-

991 640 1060 675 gero
1076 627 1114 661 ad
1126 628 1281 662 Petavium
1294 640 1330 663 ex
1349 628 1567 663 inadvertentia
1585 627 1752 676 dilapsum:

995 676 1214 712 inadvertentia
1227 678 1353 725 inquam
1368 676 1481 725 duplici
1493 692 1503 719 3
1529 679 1633 725 primo
1644 704 1654 719 ,
1682 680 1753 726 quia

996 738 1060 760 non
1075 725 1118 760 est
1126 727 1269 761 Petavius
1282 725 1331 761 sed
1343 729 1472 776 Scaliger
1483 727 1753 763 animadversioni-

996 776 1052 809 bus
1065 777 1097 809 in
1109 775 1262 820 Eusebium
1274 777 1310 811 ad
1323 789 1486 811 numerum
1499 778 1548 811 bis
1555 777 1752 812 millesimum

994 825 1197 865 tricesimum,
1217 827 1271 873 qui
1286 825 1384 861 asserit
1396 826 1518 874 eclipfin
1532 827 1611 861 Solis
1625 827 1641 861 a
1653 830 1752 861 Dione

994 885 1131 909 notatam
1145 885 1214 909 ante
1227 875 1356 923 Augusti
1372 886 1511 910 mortem
1524 888 1581 911 nec
1596 875 1750 916 accidisse,

994 936 1051 957 nec
1063 923 1201 957 accidere
1213 924 1345 970 potuisse
1354 938 1393 959 eo
1407 938 1501 965 anno,
1510 938 1575 973 quo
1588 925 1680 960 istum
1693 928 1752 960 eu-

984 972 1082 1016 ftbius
1093 973 1185 1007 locat.
1210 973 1371 1013 Secundo,
1384 975 1455 1008 licet
1467 974 1530 1009 hoc
1543 974 1646 1009 asserat
1658 977 1751 1008 Scali-

986 1035 1039 1069 ger
1052 1022 1090 1056 de
1102 1035 1183 1056 anno
1201 1023 1321 1066 Eufibz'i
1332 1024 1536 1058 emortualem
1555 1024 1684 1069 Augusti
1694 1037 1750 1059 an-

992 1072 1153 1106 tecedente
1161 1096 1171 1111 ‚
1183 1071 1300 1106 ibidem
1313 1083 1416 1107 tamen
1429 1070 1706 1119 expresseaflirmat
1713 1087 1750 1108 ex

992 1124 1091 1154 Dione
1103 1120 1226 1167 eclipsin
1239 1134 1306 1156 eam
1319 1135 1402 1156 anno
1415 1122 1560 1169 sequente
1574 1147 1583 1162 ‚
1603 1124 1751 1157 nimirum

993 1168 1059 1216 ipso
1074 1171 1258 1210 emortuali,
1272 1171 1421 1206 verissime
1432 1170 1605 1219 contigisse.

1040 1219 1190 1266 Denique
1202 1220 1301 1254 totius
1321 1221 1437 1255 Petavii
1456 1224 1487 1255 &
1507 1219 1685 1267 Spanhemii
1705 1220 1753 1255 di·-

993 1266 1172 1315 sputationis
1185 1267 1255 1303 finis
1274 1268 1334 1306 est,
1354 1281 1388 1304 ut
1405 1271 1492 1304 locus
1506 1271 1556 1305 ille
1569 1273 1671 1310 Luca,
1689 1281 1753 1304 tam

995 1318 1060 1353 laxe
1072 1322 1104 1352 &
1113 1318 1194 1352 tantzi
1207 1331 1277 1352 cum
1285 1319 1442 1354 latitudine
1454 1320 1628 1366 accipiatur,
1642 1330 1675 1354 ut
1682 1332 1755 1354 eum

994 1368 1085 1401 liceat
1110 1367 1273 1402 extendere
1293 1368 1330 1402 ad
1348 1368 1536 1404 tricesimum
1555 1370 1689 1417 primum
1707 1369 1754 1404 vel

995 1416 1181 1451 tricefimum
1199 1416 1363 1452 secundum
1376 1442 1386 1457 ‚
1411 1429 1461 1452 aut
1474 1420 1614 1453 tertium:
1634 1419 1699 1465 quo
1713 1418 1754 1453 fic

995 1464 1057 1500 suas
1070 1465 1205 1514 ipsorum
1218 1464 1378 1501 sententias
1393 1466 1519 1508 salvent,
1533 1469 1586 1516 qui
1595 1469 1754 1516 vulgarem

995 1529 1083 1550 aeram
1096 1529 1202 1551 verum
1214 1517 1358 1551 Natalem
1370 1517 1555 1552 arbitrentur
1569 1516 1653 1564 sequi
1661 1520 1756 1553 trien-

996 1567 1050 1600 nio
1065 1590 1077 1606 ,
1103 1579 1186 1600 anno
1199 1579 1265 1600 uno
1279 1567 1356 1600 ultra
1368 1569 1510 1616 Scaligeri
1527 1577 1684 1607 mentern3
1701 1566 1756 1602 sal-

996 1626 1067 1652 vent
1080 1617 1173 1650 etiam
1185 1616 1301 1658 Dekeri
1313 1613 1492 1651 sententiam
1506 1629 1541 1651 ac
1553 1618 1680 1666 Sufligae,
1700 1617 1756 1664 qui

997 1666 1109 1713 vulgari
1117 1678 1181 1699 aerae
1189 1665 1302 1700 addunt
1309 1666 1543 1713 quadriennium
1550 1691 1561 1707 ,
1576 1669 1644 1701 imo
1654 1671 1686 1702 &
1694 1669 1757 1702 Ke-

993 1716 1076 1764 plert'‚
1096 1716 1149 1763 qui
1163 1716 1278 1760 Dekeri
1292 1715 1528 1763 quadriennium
1540 1729 1604 1751 uno
1616 1741 1627 1758 ,
1647 1721 1679 1752 &
1692 1716 1758 1750 vul-

997 1777 1102 1813 garem
1121 1777 1211 1800 aeram
1231 1766 1370 1813 quinque
1387 1766 1472 1800 annis
1491 1764 1622 1813 superat.
1661 1768 1758 1800 Certe

997 1826 1062 1849 non
1080 1812 1141 1848 fuit
1153 1827 1233 1861 opus
1247 1826 1295 1850 tot
1311 1813 1474 1864 tantosque
1486 1815 1602 1851 fluctus
1620 1816 1759 1850 concita-

997 1878 1029 1899 re
1042 1864 1078 1899 ad
1091 1863 1155 1899 hoc
1167 1863 1342 1900 institutum
1351 1890 1361 1906 ‚
1375 1878 1445 1901 nam
1458 1866 1474 1900 a
1488 1869 1571 1902 tanta
1578 1866 1696 1901 Natalis
1705 1878 1758 1900 ex-

996 1914 1135 1949 tensione
1147 1913 1253 1949 noster
1264 1916 1383 1949 animus
1395 1927 1591 1963 nequaquam
1598 1915 1757 1955 abhorret,

998 1964 1064 1998 imo
1078 1963 1157 1998 vero
1168 1964 1234 1999 haec
1255 1966 1373 2013 Kepleri
1390 1965 1627 2012 quinquennalis
1640 1964 1758 1999 additio

998 2013 1157 2048 bellissime
1169 2027 1240 2048 curn
1252 2013 1360 2048 nostra
1367 2014 1516 2061 superiori
1528 2015 1626 2061 capite
1638 2012 1760 2048 senten-

999 2063 1040 2099 tiz‘i
1055 2064 1261 2097 concordaret
1274 2087 1284 2102 ‚
1308 2062 1347 2097 sic
1360 2065 1443 2097 enim
1456 2063 1573 2097 Natalis
1586 2075 1674 2097 verus
1688 2075 1759 2097 cum

999 2125 1082 2148 anno
1091 2112 1197 2147 mundi
1210 2123 1256 2147 ter
1264 2111 1428 2146 millesimo
1436 2111 1676 2160 nongentesimo
1684 2125 1761 2160 qua-

1000 2162 1289 2212 dragesimoquinto
1302 2162 1491 2196 concideret.
1516 2164 1759 2209 Utcunquenon

1000 2215 1042 2248 ita
1059 2213 1227 2260 peregrinis
1247 2211 1349 2259 gloffis
1369 2211 1540 2246 vexandum
1558 2211 1647 2247 illum
1666 2213 1758 2245 Lucae

1000 2264 1107 2295 locum
1118 2260 1273 2294 existimo.
1298 2260 1358 2294 Sed
1366 2260 1442 2295 ultra
1448 2273 1512 2294 non
1525 2258 1693 2308 persequor
1700 2263 1759 2295 Pe-

1001 2310 1071 2347 tavii
1085 2308 1121 2344 ad
1135 2311 1158 2344 I.
1172 2310 1294 2352 Calvisii
1305 2321 1522 2356 argumentum
1535 2308 1688 2357 responsa.

1049 2366 1194 2401 Secundo
1211 2378 1438 2414 argumentatur
1456 2367 1603 2402 Calvisius
1622 2367 1638 2400 a
1657 2377 1759 2401 morte
1773 2382 1885 2419 Calvtfic‘

1002 2415 1139 2450 Herodis.
1166 2417 1239 2449 AEra
1251 2415 1380 2461 vulgaris
1393 2414 1554 2449 Christum
1571 2427 1676 2449 natum
1690 2414 1758 2464 sup-
1771 2432 1902 2458 argumen-

1003 2465 1092 2512 ponit
1104 2477 1186 2499 anno
1194 2464 1321 2512 juliano
1334 2464 1565 2512 quadragesimo
1579 2465 1691 2512 quinto
1704 2466 1757 2500 de·
1770 2470 1826 2530 §ium
1836 2463 1923 2500 secun-

1787 2513 1839 2530 um.

1003 2514 1118 2549 sinente
1129 2538 1139 2554 ,
1164 2514 1359 2561 Olympiadis
1372 2513 1542 2548 centesimae
1554 2514 1758 2562 nonagesimae

1004 2574 1117 2612 quartae
1130 2573 1241 2610 quarto
1254 2560 1344 2597 Coss.
1360 2560 1433 2607 soff»
1447 2565 1576 2597 Cornelio
1589 2566 1714 2598 Lentulo
1726 2570 1758 2600 &

1005 2616 1077 2662 Cajo
1091 2610 1247 2661 calpurnio
1259 2611 1360 2656 Pifhne
1371 2635 1379 2648 ‚
1399 2612 1483 2646 urbis
1498 2613 1630 2648 conditae
1644 2612 1758 2660 septin-

1001 2662 1173 2713 gentesimo
1185 2660 1441 2710 quinquagesimo
1455 2663 1566 2698 tertio:
1580 2665 1678 2711 Atqui
1691 2667 1757 2699 He-

1000 2713 1098 2753 rodes,
1111 2713 1166 2761 qui
1178 2723 1253 2746 nato
1266 2711 1396 2745 Christo
1410 2712 1547 2747 vivebat,
1561 2724 1700 2748 mortuus
1713 2714 1757 2748 est

999 2764 1122 2811 integro
1140 2762 1268 2796 biennio
1281 2772 1348 2796 ante
1361 2772 1481 2809 tempus
1494 2763 1611 2797 diffisum
1626 2778 1634 2797 ;
1652 2764 1755 2810 itaque

999 2825 1056 2847 aera
1069 2812 1198 2859 vulgaris
1206 2810 1308 2845 statuit
1316 2811 1476 2846 Christum
1489 2823 1593 2847 natum
1607 2812 1697 2847 serius
1705 2816 1754 2859 ju-

999 2861 1066 2900 sto,
1079 2860 1244 2895 minimum
1258 2861 1398 2895 biennio.

1048 2918 1150 2968 Qod
1164 2918 1307 2954 Christus
1321 2930 1408 2953 natus
1424 2919 1458 2953 sit
1471 2929 1540 2953 ante
1548 2930 1684 2955 mortem
1691 2921 1756 2954 He-

1000 2969 1078 3002 rodis
1087 2993 1095 3006 ‚
1108 2981 1144 3002 ex
1152 2969 1354 3017 Euangelistis
1368 2969 1483 3003 clarum
1493 2968 1547 3009 est,
1556 2982 1628 3004 narn
1641 2969 1754 3004 Matth-

1002 3032 1028 3052 ι.
1042 3031 1066 3052 1.
1086 3029 1172 3052 natus
1185 3019 1296 3053 dicitur
1309 3019 1416 3053 diebus
1433 3019 1572 3053 Herodis
1587 3020 1702 3067 Regis,
1723 3023 1755 3054 &

1001 3069 1032 3101 in
1039 3070 1207 3115 AEgyptum
1221 3067 1338 3116 fugisse,
1347 3069 1447 3102 donec
1460 3069 1605 3104 Herodes
1615 3071 1685 3104 Rex
1693 3071 1754 3103 Ar-

1001 3117 1099 3151 chelai
1114 3128 1198 3164 pater
1210 3128 1400 3157 moreretur,
1414 3131 1479 3154 vers
1492 3130 1541 3161 19.
1553 3118 1641 3166 quod
1654 3130 1755 3153 autem

1001 3166 1130 3202 Herodes
1144 3178 1284 3202 mortuus
1295 3167 1329 3201 sit
1336 3167 1406 3215 post
1417 3179 1523 3202 natum
1535 3168 1696 3204 Christum
1705 3166 1758 3200 sal-

1001 3228 1066 3253 tem
1078 3217 1222 3255 biennio,
1240 3229 1362 3265 apparet
1375 3230 1411 3252 cx
1425 3220 1548 3254 Marta.
1561 3223 1616 3255 16.
1628 3219 1681 3254 ubi
1694 3219 1760 3298 Ιῖἰε-

1680 3279 1712 3298 7¹0
1735 3277 1761 3297 85
