2048 3343
10 1270 12 1276 ¹
23 1244 161 1273 ,Artaxer-

10 1279 13 1326 ξ
22 1281 119 1317 otisfiei's

10 1332 13 1374 i

24 1882 152 1920 insaciata

24 1926 57 1953 lis
69 1922 149 1952 ‹mde-

12 1954 82 2000 {iim
90 1968 139 1994 Pa-

13 2002 134 2044 lrysntidis

13 2032 51 2080 lin
64 2048 120 2084 Cyri

13 2086 16 2146 8
26 2087 128 2117 inimcos.

13 2153 17 2170 l

14 2184 16 2194 i

14 2210 16 2228 Ι

481 87 552 115 ετ
607 76 1205 116 CHRONOLOGICI

1266 78 1388 120 L113.
1413 80 1440 120 I.
1653 93 1732 131 127

177 147 295 189 hostis,
309 147 479 185 stationem
493 148 552 184 sibl
562 148 688 198 eligunt
702 149 826 188 Graeci,
839 147 930 192 quisi
981 150 1066 185 sena
1085 160 1162 184 nata
1181 147 1321 196 resupini
1340 151 1458 187 viscera
1477 153 1680 193 corrofiffent
1694 160 1730 191 &

177 201 212 235 in
237 197 347 232 media
366 201 436 233 acie
467 211 583 234 contra
614 201 742 245 Regem
760 195 929 237 stetissent,
977 212 1111 234 carnem
1123 199 1252 246 depasta
1263 196 1406 234 fuissent.

177 247 304 283 nullum
331 249 370 282 de
390 252 460 293 Cyri
486 246 622 283 vidtoriz'i
640 244 746 281 fuisset
765 244 928 280 dubium:

176 309 253 331 nam
277 296 450 344 oppositos
468 294 728 345 quosviscunque
748 293 837 329 facili
855 295 930 330 bra-

177 346 252 381 chio
263 343 434 385 fudissent,
453 346 502 381 sed
521 347 716 393 Regnorum
731 344 928 391 Modimpe-

180 407 271 431 tator
281 393 325 429 est
340 397 413 430 Rex
427 394 614 441 supremus.
648 397 683 428 In
696 395 763 428 acie
775 396 926 440 utrinque

181 443 293 480 media
317 443 447 478 stabant
472 442 586 479 fratres
614 456 689 478 cum
717 442 929 478 (electissimis

179 493 312 529 suorum
324 519 335 534 ‚
354 499 446 543 Cyrus
457 505 559 527 unum
577 492 709 540 petebat
722 502 927 533 Artaxerxem,

180 555 282 590 quem
299 543 485 590 assequutus
505 543 572 577 telo
593 544 735 576 minimo
747 545 855 576 minus
867 542 929 576 de-

180 595 228 627 dit
247 594 346 626 morti
376 606 384 627 ε
408 593 564 638 recipitur
584 603 695 626 tamen
719 594 792 627 Rex
803 591 929 625 istusin

181 653 289 676 tutum
327 655 335 675 :
375 650 460 686 Cyrus
481 642 649 676 indomita}
665 639 791 676 feroci&
810 641 930 674 obvios

179 689 328 738 quosque
341 690 515 739 prosternit
525 715 535 731 ‚
550 691 678 739 potitur
691 703 760 725 non
773 688 930 738 ambigue

179 739 333 780 victorii,
350 739 461 775 hostes
472 751 564 788 terga
577 740 658 774 dant
679 753 687 773 ε
713 738 866 775 caetetum
879 742 931 773 in-

177 801 315 837 gruente
326 789 518 831 meremini
533 787 757 838 generositate
772 790 848 835 equi
860 788 931 821 lon-

177 837 248 887 gius
267 839 286 873 ai
307 838 366 874 suis
376 847 466 884 cynas
478 838 683 886 abriperetur
706 866 716 879 ‚
739 837 930 872 inhostium

178 887 320 935 globum
333 889 452 923 incidit
464 902 473 929 3
490 889 548 923 ubi
560 887 732 922 vietotiam
745 890 926 922 inclaman-

180 948 250 972 tem
261 937 372 973 lethali
382 937 400 972 εὶ
410 949 505 984 tergo
516 938 611 985 plaga
621 937 755 983 quidam
770 935 929 970 Mithrida-

179 995 217 1021 tes
226 988 261 1020 in
273 989 381 1035 capite
392 987 533 1035 percutit
553 998 561 1022 ε
584 996 673 1030 equo
684 983 807 1019 decidit
818 984 929 1024 heros,

180 1048 219 1071 ex
228 1034 292 1070 suis
303 1036 440 1083 quidam
453 1035 614 1082 excipiunt
623 1057 633 1073 ‚
647 1037 681 1067 &
693 1033 773 1067 dum
786 1034 819 1066 in
830 1033 931 1066 castra

179 1096 344 1120 conantur
367 1086 517 1119 reducere
536 1107 554 1120 ‚.
571 1093 750 1116 occurrens
768 1094 854 1118 nova
865 1081 931 1114 ho-

179 1134 275 1169 stium
296 1145 400 1167 turma
420 1131 661 1166 moribundum
684 1144 761 1166 cum
775 1130 930 1180 agnovis-

176 1181 258 1223 sent,
269 1193 394 1229 cogunt
405 1181 522 1216 emori.

227 1229 404 1266 Celebrata
420 1230 540 1264 mortis
558 1232 629 1278 Cyri
647 1229 736 1265 fama
753 1230 860 1264 vistos
879 1242 930 1264 re-

179 1279 278 1314 trahit
288 1292 325 1314 ex
336 1277 413 1328 fuga
432 1294 442 1315 ε
469 1288 644 1315 Artaxerxes
655 1290 826 1313 mortuum
836 1280 930 1314 ardet

178 1331 284 1366 videre
297 1330 428 1365 fratrem
440 1355 450 1371 ,
467 1341 574 1364 certus
586 1328 666 1362 nulli
682 1328 734 1363 hic
751 1327 850 1375 quam
867 1327 929 1363 suis

176 1381 279 1414 oculis
303 1378 451 1414 credere.
486 1381 523 1412 In
545 1380 596 1413 via
616 1377 666 1412 siti
690 1380 764 1412 Rex
782 1377 867 1426 pene
885 1378 930 1412 est

175 1431 310 1464 metitus
323 1455 333 1469 ‚
354 1427 433 1462 nihil
445 1426 721 1477 poculentiullibi
734 1428 803 1463 ullo
821 1430 930 1475 pretio

174 1480 285 1525 potuit
307 1479 445 1513 inveniri
465 1502 474 1514 ‚
496 1478 633 1512 tandem
653 1489 744 1524 aquae
764 1488 929 1524 corruptae

181 1526 332 1575 pusillum
345 1528 378 1560 in
391 1539 460 1562 utre
471 1527 606 1563 sordido
624 1526 842 1561 barbarorum
856 1529 935 1573 qui-v

177 1579 252 1612 dam
269 1574 377 1611 adfert
392 1594 400 1617 ς
423 1580 586 1619 majorem
603 1590 641 1612 ex
654 1577 816 1624 hocpotu
833 1575 930 1612 volu-

180 1637 308 1673 ptatem
324 1623 497 1673 percepisse
508 1625 540 1659 se
554 1627 626 1661 Rex
637 1623 929 1673 affirmavit,quam

181 1688 219 1710 cx
229 1676 300 1711 ullo
312 1673 386 1710 alias
398 1677 431 1709 ir'i
443 1677 510 1709 vita
520 1685 608 1715 tota;
627 1675 673 1708 nil
684 1687 766 1723 ergo
777 1677 897 1709 mirum
910 1674 931 1709 fi

179 1735 250 1759 tam
271 1723 366 1760 suave
387 1725 516 1759 donum
533 1723 622 1772 large
642 1735 863 1762 remuneratus
881 1724 931 1766 fit,

180 1774 337 1821 quiprius
346 1773 396 1808 ob
408 1787 498 1820 aquae
513 1775 556 1807 nil
576 1774 758 1821 profuturae
768 1773 930 1824 pugillum

180 1822 319 1871 insignia
333 1822 526 1858 retribuisset
538 1822 638 1857 dona.

228 1872 318 1907 (jum
335 1872 380 1907 ad
398 1883 571 1907 mortuum
584 1873 716 1908 veniffet
727 1872 861 1908 fratrem
876 1881 930 1908 Ar-

180 1925 338 1964 taxerxes,
365 1924 504 1970 impetat
525 1922 689 1957 Eunucho
713 1935 750 1957 ut
776 1934 874 1971 caput
895 1926 930 1957 &

180 1970 333 2005 dextram
347 1979 418 2015 Cyro
430 1970 654 2019 praescinderet
670 1998 680 2013 ,
706 1984 798 2020 paret
817 1974 932 2006 Eunu-

179 2019 259 2054 chus
270 2046 281 2062 ,
297 2021 351 2055 sed
364 2024 397 2055 in
410 2020 498 2056 suam
511 2020 718 2055 certiffimam
730 2022 930 2070 perniciem,-

179 2067 288 2104 nullus
304 2072 395 2105 enim
421 2069 595 2118 quisquam
619 2071 660 2105 ad
679 2074 758 2118 -Cyn'
785 2083 930 2106 mortem

178 2121 359 2167 quicquam
372 2121 518 2154 contulit
531 2146 540 2159 ,
555 2132 654 2167 quem
668 2132 738 2154 non
751 2132 857 2156 mater
870 2124 932 2156 Pa-

178 2169 275 2215 ryfiztis
284 2171 428 2205 involvit
438 2171 549 2203 exitio.
576 2170 694 2204 Voluit
706 2177 881 2205 Artaxerxes
891 2171 931 2205 ab

180 2218 337 2253 omnibus
351 2219 464 2253 haberi
476 2222 542 2263 Cyri
555 2219 655 2254 caesor
665 2245 675 2260 ,
697 2219 783 2253 hanc
796 2217 931 2253 fortitu-

179 2268 263 2302 dinis
279 2268 404 2303 laudem
418 2267 477 2315 ipsi
489 2270 597 2303 nullus
615 2269 762 2303 audebat
780 2269 931 2303 detrahe-

181 2327 215 2348 re
233 2329 242 2355 3
263 2317 382 2350 accidit
393 2329 503 2351 tamen
514 2329 549 2350 ut
564 2316 647 2351 bene
658 2329 755 2364 potus
768 2320 932 2353 Mithrida‘

182 2374 222 2400 tes
238 2366 322 2397 inter
341 2364 448 2399 socios
469 2364 507 2398 sit
520 2368 678 2413 gloriatus
696 2365 758 2401 suis
780 2365 939 2402 manibus

183 2412 329 2448 cecidisse
340 2422 466 2464 cyrum.-
481 2413 586 2447 statim
598 2418 737 2460 Paryssztis
749 2416 789 2449 ad
802 2418 932 2464 Regem

181 2460 290 2497 defert
303 2464 360 2496 viri
373 2464 565 2507 Jaaestantiam
582 2488 591 2503 ,
611 2465 814 2510 &impetrat
833 2477 869 2498 ut
888 2464 934 2498 ob

182 2511 266 2546 hanc
289 2514 382 2559 regio
401 2512 522 2546 honori
546 2512 667 2547 illatam
695 2512 933 2547 contumeliam

183 2560 241 2594 sibi
254 2560 429 2596 dederetur
443 2563 474 2595 in
489 2561 682 2609 supplicium
696 2587 707 2603 ,
717 2563 936 2597 miserrimum

183 2611 359 2644 hominem
377 2610 595 2645 crudeliffima
621 2611 738 2646 mulier
763 2623 832 2646 non
857 2623 935 2645 con-

185 2670 393 2694 tentamorte
406 2658 543 2706 simplici
559 2662 692 2707 perdere
704 2686 713 2701 ,
733 2673 792 2708 per
811 2662 936 2695 multos

185 2710 252 2743 dies
279 2707 454 2743 saeviffimis
474 2708 738 2744 excarnificatum
758 2712 936 2744 tormentis

186 2760 238 2790 vix
248 2760 366 2806 patitur
380 2759 476 2792 mori.
497 2759 681 2794 Concludit
692 2761 776 2798 inter
787 2762 936 2806 geminas

187 2804 315 2851 scaphas
332 2819 445 2842 exerto
458 2809 562 2854 capite
583 2836 591 2848 ‚
617 2807 788 2854 palpebras
806 2808 937 2841 aciculis

190 2866 333 2901 pungens
346 2860 456 2904 co'e'git
476 2857 647 2891 adversum
667 2859 779 2892 Solem
794 2858 937 2904 patenti-

192 2904 254 2937 bus
266 2907 365 2939 oculis
377 2906 498 2941 affidue
509 2910 674 2947 contueri,
688 2905 783 2940 facici
795 2907 938 2941 inunCtae

190 2951 354 2987 insidebat
365 2956 544 2990 muscarum
558 2969 693 2991 examen
716 2975 725 2996 ,-
746 2955 937 2990 acutissimis

191 3004 371 3036 oculorum
409 3005 728 3051 compunctionibus
762 3006 938 3040 admittere

191 3051 374 3099 cogebatur
384 3053 416 3085 in
429 3066 466 3087 os
477 3053 637 3090 esculenta
651 3082 660 3097 ‚
680 3055 800 3102 quibus
811 3054 937 3089 invitis-

192 3099 276 3135 simo
291 3112 354 3134 Vita
369 3104 559 3137 continuata
571 3105 633 3145 est;
648 3106 758 3139 donec
769 3119 805 3139 ex
819 3117 936 3139 corrn-

192 3151 253 3192 ptis
266 3161 336 3198 quae
348 3152 508 3199 excipiant
519 3150 642 3199 scaphae
655 3156 871 3190 excrementis
884 3156 936 3190 in-

1025 248 1224 283 Eunuchum
1237 260 1312 282 cum
1325 249 1480 284 alecelusu
1489 250 1611 288 fecisset
1623 254 1730 294 suum,

979 293 1070 331 illico
1083 299 1260 332 tormentis
1278 297 1372 333 dedit
1385 322 1394 339 ‚
1409 299 1550 334 detrahit
1564 304 1603 337 ad
1616 300 1728 339 fauces

977 347 1099 393 pellem
1110 374 1118 386 ‚
1139 348 1412 394 excoriatumque
1431 360 1550 396 corpus
1561 351 1670 386 adhuc
1683 354 1729 389 vi-

980 397 1086 430 ventis
1098 396 1202 430 tribus
1213 395 1367 431 crucibus
1377 394 1491 434 affixit.

1029 442 1221 479 Insatiabilis
1242 447 1397 480 vindio‘tae
1423 448 1543 482 mulier
1568 446 1678 483 noluit
1697 449 1730 483 in

976 493 1146 529 servorum
1156 497 1331 529 tormentis
1341 494 1530 538 consistere,
1541 496 1584 530 fic
1596 499 1729 532 tandem

977 542 1035 590 ipsi
1057 545 1158 591 Regis
1168 546 1281 586 uxori,
1301 557 1373 592 quae
1393 544 1451 578 fibi
1471 550 1504 579 &
1519 553 1593 590 Cyro
1603 544 1732 595 semper

978 592 1146 627 adversata
1157 590 1262 628 fuerat
1274 619 1283 634 ,
1305 596 1482 629 maturavit
1498 592 1617 632 fatum.
1650 598 1730 631 Post

980 642 1056 675 odia
1076 642 1233 676 diuturna
1251 641 1412 679 simulavit
1433 656 1510 678 cum
1536 647 1667 694 Regina
1695 647 1730 680 in

979 689 1218 725 finceriffimam
1236 692 1267 726 se
1284 691 1389 727 redire
1407 696 1546 739 gratiam
1563 720 1573 735 ,
1591 694 1731 742 quoque

979 738 1133 774 sincerior
1147 752 1316 788 appareret
1326 744 1594 784 amicitia‚iisdem
1606 746 1653 779 uti
1665 759 1730 779 vo-

978 791 1040 824 luit
1051 790 1120 823 non
1135 789 1367 825 mensismodo
1379 791 1435 826 sed
1452 796 1483 826 δε
1497 793 1589 827 cibis.
1617 795 1732 830 Caete-

979 850 1050 872 rum
1067 850 1143 871 ecce
1154 838 1326 872 muliebris
1340 842 1460 887 ingenii
1473 844 1602 889 prorsus
1611 845 1733 879 Satani-

979 897 1030 921 cas
1043 896 1126 920 artes
1137 911 1147 927 ‚
1168 888 1310 920 cultrum
1321 888 1468 923 habebat
1480 890 1522 924 ab
1532 891 1637 926 altero
1648 894 1735 928 late-

978 948 1011 969 re
1027 933 1272 982 praesentiffimo
1287 936 1449 971 inretstum
1468 950 1598 973 veneno
1625 955 1634 975 :
1662 942 1730 976 hoc

977 984 1120 1034 Paryfatis
1140 983 1288 1019 dissecuit
1304 985 1467 1020 aviculam
1485 1013 1495 1026 ‚
1522 992 1617 1033 cujus
1627 1002 1731 1024 unam
1755 985 1759 988 ⁴

977 1033 1036 1068 fibi
1047 1045 1171 1080 partem
1185 1032 1316 1068 sumens
1327 1047 1402 1069 com
1409 1035 1478 1070 edit
1491 1033 1557 1070 fine
1566 1038 1653 1071 noxii
1663 1064 1672 1079 ‚
1682 1040 1732 1072 al-

977 1094 1081 1117 teram
1093 1095 1193 1130 quam
1204 1081 1528 1131 tetigiss‘er‘infetstum
1541 1087 1635 1120 cultri
1646 1089 1733 1122 latus

978 1133 1115 1180 Reginae
1125 1133 1270 1178 porrexit
1289 1148 1299 1173 ς
1324 1132 1392 1168 haec
1402 1144 1440 1167 ut
1449 1134 1603 1181 gustavit,
1613 1135 1734 1178 confe-

979 1181 1049 1214 stim
1061 1180 1249 1216 acutissimis
1260 1181 1448 1224 doloribus,
1459 1196 1537 1218 mox
1549 1183 1628 1219 saevfi
1639 1198 1736 1220 mor-

979 1241 1011 1265 te
1022 1228 1140 1265 affecta
1148 1229 1208 1265 est.
1242 1229 1307 1264 :Ob
1319 1232 1388 1266 haec
1406 1231 1528 1282 flagitia
1544 1235 1589 1267 nil
1600 1237 1731 1283 gravius

980 1282 1012 1313 in
1025 1290 1165 1314 matrem
1175 1287 1349 1316 Artaxerxes
1358 1281 1470 1316 statuit
1483 1308 1493 1324 ‚
1511 1282 1611 1330 quam
1625 1295 1659 1318 ut
1671 1283 1732 1319 sese

980 1329 1184 1378 Babylonem
1195 1328 1368 1365 conferret
1381 1355 1392 1373 ,
1409 1332 1484 1368 inde
1496 1356 1506 1370 ‚
1517 1334 1628 1379 quoad
1640 1335 1734 1369 vive-

977 1390 1038 1421 ret,
1053 1391 1122 1413 non
1131 1377 1311 1414 discessura.

1026 1430 1217 1464 Redeamus
1227 1432 1293 1475 jam
1313 1429 1354 1465 ad
1372 1433 1506 1466 Graecos
1525 1435 1589 1477 cyri
1601 1432 1735 1476 milites,

977 1478 1027 1511 i'sti
1047 1480 1189 1514 vistores
1205 1477 1403 1525 premebant
1420 1480 1584 1528 fugientes
1603 1482 1710 1517 hostes
1722 1507 1733 1521 ,

977 1525 1033 1561 sed
1043 1529 1178 1576 accepti
1200 1530 1266 1572 Cyri
1284 1528 1374 1563 caede
1385 1531 1507 1575 trepidi
1521 1532 1553 1564 in
1565 1531 1619 1568 sua
1629 1531 1731 1566 castra

978 1588 1162 1612 recurrunt.
1199 1577 1348 1611 Nostem
1373 1591 1445 1612 eam
1463 1579 1646 1616 insomnem
1668 1581 1732 1616 du-

980 1638 1058 1661 cunt
1073 1651 1082 1668 ,
1106 1637 1296 1660 metuentes
1315 1638 1356 1662 ne
1377 1630 1508 1663 totasin
1522 1630 1608 1676 ipsos
1619 1631 1734 1678 copias

986 1685 1159 1712 Artaxerxes
1177 1677 1376 1710 immitteret
1397 1691 1405 1711 :
1431 1678 1546 1715 verum
1558 1681 1584 1714 is
1595 1682 1734 1728 ignavia:

981 1726 1116 1762 suorum
1136 1729 1172 1762 &
1183 1726 1313 1760 virtutis
1326 1727 1519 1763 Graecorum
1533 1727 1605 1770 satis
1615 1741 1736 1777 gnarus

981 1774 1136 1810 abstinuit
1159 1775 1248 1815 vim,
1271 1776 1352 1821 quin
1365 1775 1527 1814 &lubens
1538 1777 1687 1812 securum
1701 1780 1736 1812 iri

981 1827 1119 1872 patriam
1131 1823 1276 1858 reditum
1286 1824 1477 1870 praestitisset
1487 1850 1496 1866 ‚
1512 1825 1572 1860 nisi
1584 1829 1736 1875 Tisapher-

981 1887 1028 1910 nes
1040 1871 1218 1922 suscepisset
1229 1885 1349 1907 omnes
1363 1872 1428 1909 fine
1447 1874 1580 1910 suorum
1592 1879 1738 1924 periculo

981 1924 1131 1971 perdere.
1166 1922 1307 1957 Accedit
1323 1925 1423 1969 igitur
1437 1922 1670 1960 fraudulentus
1680 1929 1736 1959 Sa-

981 1985 1074 2017 trapa
1085 1984 1158 2006 cum
1176 1970 1386 2011 selectiffimis
1395 1975 1513 2020 copiis,
1533 1975 1735 2008 Graecorum

981 2023 1090 2056 castris
1101 2023 1249 2070 adjungit
1259 2022 1313 2056 sua
1327 2047 1336 2062 ,
1356 2022 1497 2059 declarat
1507 2023 1606 2070 quam
1625 2023 1683 2061 fibi
1697 2023 1735 2059 sit

981 2070 1080 2106 facile
1094 2069 1255 2105 tantillam
1268 2083 1402 2105 manum
1416 2072 1536 2112 delere,
1547 2085 1669 2121 cupere
1682 2084 1736 2107 ta-

983 2133 1058 2155 men
1072 2134 1134 2168 pro
1148 2119 1206 2154 suo
1216 2133 1293 2168 erga
1313 2122 1466 2155 Giaecurn
1481 2133 1608 2155 nomen
1619 2134 1735 2158 amore

981 2170 1101 2206 salvare
1113 2169 1274 2216 perditos,
1284 2169 1479 2204 nificertum
1493 2169 1531 2204 sit
1542 2170 1615 2218 ipfis
1626 2174 1660 2205 in
1675 2185 1739 2206 vo-

981 2220 1157 2254 luntarium
1168 2219 1306 2253 exitium
1319 2231 1413 2253 ruere
1429 2234 1437 2254 :
1458 2220 1569 2254 multis
1586 2220 1737 2269 scpreci-

983 2269 1044 2303 bus
1065 2267 1231 2303 extorsisse
1253 2270 1340 2316 Regi
1359 2269 1554 2317 potestatem
1570 2283 1647 2305 cum
1659 2270 1737 2318 ipsis

983 2319 1083 2366 aequis
1103 2317 1363 2353 conditionibus
1382 2318 1600 2366 transigendi,
1621 2318 1740 2366 profe-

982 2378 1055 2401 rant
1066 2379 1147 2416 ergo
1160 2367 1241 2414 quid
1254 2365 1313 2401 sibi
1326 2367 1424 2402 velint
1434 2367 1568 2403 faetum.
1592 2368 1642 2401 Illi
1655 2367 1737 2403 nihil

985 2417 1126 2464 amplius
1152 2414 1354 2464 postularunt
1379 2416 1476 2463 quam
1499 2427 1608 2451 tutum
1630 2418 1663 2450 in
1681 2429 1737 2463 pa-

983 2467 1079 2498 triam
1094 2467 1177 2509 iter-3
1194 2467 1353 2500 convenit
1364 2464 1460 2499 facile
1473 2490 1483 2504 ,
1501 2465 1601 2498 Persae
1614 2468 1737 2500 Gi‘aecis

983 2513 1069 2546 fiunt
1079 2512 1266 2547 amicissimi
1280 2535 1289 2548 ,
1303 2513 1412 2546 cunffi
1424 2514 1618 2548 Graecorum
1636 2513 1736 2550 duces

984 2563 1121 2596 veniunt
1147 2564 1309 2609 Tisapherni
1334 2562 1366 2595 in
1386 2562 1487 2596 castra
1506 2578 1515 2603 ,·
1542 2562 1602 2596 hos
1627 2562 1735 2599 statim

985 2623 1105 2646 omnes
1117 2612 1174 2647 ille
1184 2611 1476 2659 comprehendens
1488 2638 1497 2652 ‚
1511 2614 1613 2646 mittit
1622 2613 1739 2659 quise.

986 2672 1080 2695 curos
1094 2659 1212 2696 milites
1223 2662 1413 2707 perderent:
1434 2659 1485 2696 sed
1498 2661 1530 2695 lii
1543 2663 1734 2698 invadentes

984 2708 1082 2744 facile
1095 2709 1248 2758 repellere
1260 2736 1269 2748 ,
1281 2710 1325 2744 nil
1335 2723 1448 2745 curare
1458 2710 1620 2744 Persarum
1634 2723 1735 2750 arma,

986 2760 1051 2792 hoc
1063 2771 1131 2792 uno
1144 2761 1218 2806 angi
1231 2784 1240 2799 ‚
1260 2757 1355 2805 quod
1377 2761 1481 2794 nullus
1495 2759 1664 2808 superesset
1674 2763 1737 2797 du-

987 2820 1063 2843 cum
1075 2810 1133 2854 qui
1143 2809 1312 2843 reduceret
1321 2809 1475 2844 domum.

1033 2859 1070 2890 In
1098 2856 1158 2891 hac
1176 2860 1390 2905 perplexitate
1409 2861 1594 2893 animorum
1612 2857 1734 2894 solatur

988 2905 1214 2941 afflitstiffimos
1226 2905 1446 2957 Philosophus
1455 2911 1603 2955 Xenophon
1620 2925 1629 2943 :
1646 2908 1735 2943 hunc

987 2967 1104 2990 omnes
1115 2967 1275 3003 expetunt
1287 2958 1498 2994 duccrmlitet
1510 2969 1584 2993 ante
1599 2957 1691 2993 nullo
1702 2959 1735 2992 in

990 3005 1105 3039 militia
1117 3005 1255 3053 publico
1267 3004 1419 3041 funerum
1435 3011 1611 3042 muncre.ls
1621 3007 1734 3043 dextre

990 3056 1075 3089 adeo
1088 3067 1160 3100 quae
1179 3055 1380 3090 didiceratin
1396 3055 1511 3091 scholis
1526 3082 1534 3098 ,
1561 3058 1685 3105 redegit
1701 3070 1736 3091 in

989 3104 1118 3153 praxim
1130 3116 1165 3138 ut
1177 3103 1263 3137 mille
1274 3105 1449 3154 longiffimi
1462 3108 1585 3140 itineris
1604 3108 1654 3140 vix
1667 3119 1739 3141 cre-

991 3152 1105 3190 dibilia
1115 3155 1355 3202 impedimenta
1369 3155 1524 3204 superans
1535 3181 1545 3199 ‚
1563 3154 1737 3204 plerosque

1637 3205 1740 3240 {alvos

1753 1441 1881 1480 Tiſspber-

1751 1485 1790 1510 nis
1798 1482 1891 1521 fraude

1753 1525 1802 1559 caefi
1811 1535 1890 1552 onmes

1767 1569 1892 1594 ucesGrae-

1751 1616 1841 1636 comm·

1755 2869 1865 2907 Xenopln
1872 2882 1887 2898 n

1754 2915 1840 2940 milites
1851 2924 1890 2939 re-

1756 2954 1829 2982 duxit
1846 2964 1872 2980 m

1755 2999 1818 3024 Gnaei
1825 3005 1879 3022 mni.
