2048 3343
92 2143 215 2181 teruan-

92 2192 133 2212 tur
146 2185 232 2210 Walte-

92 2236 118 2251 η(
130 2225 224 2261 respon-

86 2265 170 2301 fiones.

249 93 300 125 28
581 72 1011 114 Oi’ass1sH

249 155 347 204 quam
372 151 476 186 Novo
495 146 709 183 Testamento
733 145 904 194 praeiviffe‚
929 144 1003 180 cum

249 213 367 240 lrenaeus
380 202 561 235 lib.contra
578 197 710 232 haereses
729 209 759 242 3.
771 209 828 242 cap
850 209 902 242 33.
919 197 1002 229 circa

252 255 381 287 initium
394 247 593 298 profiteatur,
602 247 643 281 ab
654 246 774 282 Adamo
784 246 823 280 ad
835 245 1001 279 Christum

253 298 359 350 legisse
374 299 403 334 se
422 299 644 347 generationes
660 294 789 331 tantum
802 294 1004 342 septuaginta

250 353 348 389 duc-1⁵5
366 349 457 398 quod
469 348 490 382 si
502 347 616 382 Cainan
625 347 818 381 admittatur
827 369 837 384 ,
849 355 944 378 erunt
955 342 1004 378 se-

252 402 427 449 ptuaginta
448 409 522 433 tres.
557 408 586 443 5.
614 394 796 444 Epiphanius
816 393 920 429 haertsi
948 404 1004 439 55.

250 444 579 494 Melchisedecianorum
590 469 599 485 ,
619 445 695 479 dum
709 445 942 491 particulariter
955 456 1000 477 re-

251 502 328 534 citat
349 497 492 545 fingulos
510 494 711 531 Patriarchas
724 507 798 529 cum
811 493 876 528 suis
895 494 1007 531 annis,

251 549 412 584 Cainanem
429 548 596 593 juniorem
617 548 728 590 &ejus
747 555 851 578 annos
864 543 1006 577 omnino

251 600 399 647 praeterit.
436 602 471 635 6.
493 595 581 630 Iulius
598 595 760 640 Africanus
783 592 927 628 summus
949 593 1002 623 Pa-

252 658 339 683 trum
359 648 509 682 omnium
533 645 788 689 Chronologus,
825 639 879 673 etsi
897 637 1004 692 *leculi

251 697 296 732 sui
309 698 390 731 vitio
401 699 434 731 in
446 694 633 744 quibusdam
651 692 758 740 lapsus
770 691 804 724 sit
818 713 827 726 ‚
846 694 1005 722 Cdmanem

251 748 414 791 juniorem
427 747 594 793 expunxit.
622 756 655 790 7.
676 738 814 787 Eusebius
828 736 1002 775 Caesaricn-

251 797 289 831 {is
311 821 320 836 ,
357 801 392 830 &
410 797 462 830 alii
480 794 656 832 Africanum
674 793 706 823 in
731 788 794 823 hoc
811 785 1000 835 sequuntur.

251 847 281 879 8.
308 848 436 880 Fatetur
452 842 624 877 VValtonus
644 841 677 873 in
699 837 808 872 multo
826 835 1000 883 antiquissi-

248 907 306 929 mo
325 892 545 938 manuscripto
566 900 641 924 ante
660 889 751 922 mille
767 888 925 921 ducentos
945 899 1004 919 an-

249 956 311 978 nos
325 945 424 976 literis
436 939 628 987 capitalibus
638 949 767 972 exarato
777 939 811 970 in
823 939 920 971 lrenaei
929 936 1004 969 Mo-

249 993 389 1027 nasterio
416 990 569 1039 Lugduni
595 997 724 1034 reperto
753 1010 764 1026 ,
801 986 892 1032 quod
923 987 1006 1021 Beza

252 1039 517 1088 Cantabrigienfi
528 1036 711 1071 Academiae
723 1035 814 1069 dono
825 1034 1003 1074 misit,Cai—

253 1105 357 1125 nanem
375 1089 459 1137 apud
474 1092 595 1123 Lucam
613 1084 763 1120 omissum
782 1098 790 1119 π
814 1083 867 1119 sed
888 1085 1007 1118 nullius

251 1140 452 1175 :ruffiloritatis
472 1139 532 1172 lioc
555 1135 810 1182 manuscriptum
834 1133 1010 1169 VValtonus

251 1191 323 1225 vult
335 1214 342 1226 ,
354 1201 393 1223 eo
404 1188 493 1235 quod
506 1187 606 1222 multa
618 1185 708 1219 aliter
723 1186 809 1231 legat
820 1183 920 1232 quam
934 1183 1008 1217 libri

249 1252 445 1273 communes
458 1265 466 1278 ,
477 1242 507 1272 δε
521 1240 551 1271 in
565 1237 622 1270 illo
634 1234 703 1281 ipso
715 1236 820 1281 capite
832 1235 929 1268 tcrtio
942 1236 989 1267 Lu

250 1301 294 1324 cae
308 1300 459 1336 magnam
480 1299 516 1321 ex
533 1284 695 1320 Matthaeo
710 1285 862 1318 laciniam
876 1293 989 1317 mutue

249 1348 310 1372 tur.
335 1336 433 1384 Resp.
459 1339 492 1371 Si
507 1334 678 1369 VValtonus
689 1331 921 1381 antiquissimis
936 1345 1002 1366 ma—

250 1386 422 1433 nuscriptis
438 1386 667 1420 auctoritatem
688 1396 822 1418 omnem
841 1381 1006 1422 detrahet,

250 1450 290 1472 eo
310 1436 399 1484 quod
417 1437 509 1470 aliter
531 1436 684 1484 legantin
698 1431 780 1467 locis
795 1429 1006 1481 quibusdam.

248 1485 346 1535 quam
357 1488 511 1534 pleraque
522 1487 582 1519 alia
592 1481 807 1530 manuscripta
819 1482 1007 1516 recentiora,

249 1534 348 1570 latam
360 1536 475 1582 pandet
488 1546 620 1583 portam
633 1534 671 1568 ad
683 1534 766 1567 varia
777 1533 908 1579 optimae
920 1541 1006 1566 notae

248 1584 469 1632 manuscripta
499 1585 627 1632 prorsus
653 1581 845 1618 enervanda.
884 1581 999 1615 Manu-

247 1633 404 1682 scriptum
425 1635 597 1669 Vaticanum
615 1658 625 1674 ‚
647 1637 678 1667 δι
700 1633 798 1666 etiam
820 1629 1005 1666 Alexandn-

246 1695 315 1717 num
327 1686 359 1717 in
370 1684 442 1730 ipso
452 1684 557 1730 capite
574 1684 662 1717 Gen.
677 1694 690 1716 1
703 1693 714 1715 1
723 1706 731 1714 .
742 1691 855 1728 praeter
865 1681 1005 1715 additio-

246 1745 324 1767 nem
344 1735 480 1766 Cainanis
500 1733 618 1766 multas
638 1733 672 1766 i'n
692 1732 836 1766 numeris
851 1732 1005 1765 leffiones

248 1784 424 1816 continent
435 1807 445 1822 ,
465 1794 541 1830 quas
551 1780 670 1828 spurias
684 1806 693 1819 ‚
713 1785 744 1816 δε
756 1782 926 1827 rejeRitias
938 1793 1004 1816 non

248 1829 453 1870 diffitebitur,
464 1843 555 1877 puto,
565 1830 735 1865 VValtonus
747 1855 756 1870 ‚
766 1829 851 1864 certe
862 1830 1005 1866 fatentur

249 1879 401 1919 Salumias,
415 1880 587 1920 Torm‘ellus,
603 1881 746 1914 Henricus
759 1877 896 1927 Phihppi,
910 1884 941 1914 &
953 1881 1006 1915 alii

249 1931 344 1963 multi
357 1929 530 1963 doetorum
545 1930 601 1977 qui
622 1943 678 1977 pro
697 1929 827 1963 Cainane
839 1929 941 1971 stant,
967 1943 1007 1964 an

250 1977 420 2026 propterea
431 1991 542 2013 tamen
554 1980 619 2013 duo
631 1981 683 2013 illa
696 1977 914 2026 manuscripta
925 1992 1006 2027 prae—

251 2027 439 2063 stantissima
464 2041 603 2063 omnem
627 2030 661 2063 in
680 2028 750 2063 aliis
777 2030 1007 2064 auctoritatem

253 2078 389 2125 perdent
403 2086 413 2111 Ξ

299 2129 458 2175 Reliquus
479 2126 531 2161 hic
556 2124 708 2161 VValtoni
725 2125 821 2162 labor
837 2127 881 2162 est
905 2151 914 2164 ‚
941 2141 1008 2163 non

253 2175 393 2210 stabilire
406 2175 455 2209 sua
466 2202 476 2215 ‚
496 2176 546 2210 {ed
558 2187 701 2210 evertere
713 2177 818 2211 aliena
830 2201 838 2213 ‚
855 2178 1008 2223 optassem

253 2227 349 2258 etiam
361 2227 394 2258 in
411 2225 475 2259 lioc
489 2229 646 2269 majorem
661 2225 802 2270 ipsorum
815 2239 948 2271 operam
961 2228 1009 2260 in—

253 2272 411 2322 sumpsisse
432 2301 441 2313 ,
467 2287 540 2308 narn
563 2275 705 2307 omnino
723 2273 861 2307 transilit
881 2272 1010 2320 Spanhe—

252 2338 352 2363 mmm,
365 2321 535 2358 Boshastum
548 2348 557 2362 ,
579 2323 757 2358 ‘Petavium,
773 2323 939 2356 Cornelium
951 2348 961 2364 ‚
975 2327 1009 2357 δε

250 2375 332 2408 alios
347 2373 470 2407 multos
483 2398 490 2410 ‚
506 2374 561 2420 qui
576 2371 654 2406 serio
667 2376 697 2406 δι
709 2370 783 2406 fuse*
794 2372 1008 2420 quaestionem

250 2421 332 2457 lianc
352 2424 494 2457 trachin
508 2446 517 2458 ,
536 2421 661 2469 solique
674 2421 771 2455 Grotio
787 2426 820 2455 ὃ(
835 2422 941 2468 Ufferio
958 2436 1008 2457 re-

250 2470 409 2519 spondet,
428 2474 461 2506 in
478 2473 679 2520 argumentis
699 2471 792 2504 Gratti
807 2474 893 2506 varia
908 2474 1010 2506 omit-

249 2524 290 2556 tit
302 2523 438 2560 intacta,
451 2533 618 2569 utcunque
630 2533 703 2570 quae
713 2520 861 2568 profert,
873 2535 1012 2570 perpen-

251 2572 380 2606 damus.

298 2620 426 2664 Objicit
439 2618 581 2665 (inquit)
594 2618 725 2659 Grotius,
737 2615 827 2665 quod
840 2618 1010 2667 Africanus,

251 2667 429 2715 ‘Theophilus
451 2666 657 2702 Antiocheam
672 2691 680 2704 ‚
699 2665 837 2713 Euftln'us
852 2671 884 2701 in
900 2669 1009 2702 Chro-

252 2720 335 2752 nici's
345 2743 353 2757 ‚
369 2715 545 2764 Epiphanius
558 2730 678 2751 nomen
690 2716 828 2749 Cainanis
838 2717 1006 2754 omittant,

252 2771 282 2800 ἅ·
298 2765 429 2814 Iosephus
440 2791 448 2806 ‚
472 2770 503 2800 ὃ(
514 2765 590 2800 ante
609 2778 683 2800 eum
698 2764 817 2809 Berofiis
829 2777 864 2799 ac
880 2764 1006 2812 Eupole-

252 2830 319 2850 mon
340 2813 542 2851 Abrahamum
569 2814 587 2849 ἃ
607 2812 697 2848 Noah
721 2814 886 2848 decimum
905 2826 1006 2861 agno-

249 2865 353 2900 scint⁷
370 2867 499 2914 quierit
511 2865 717 2900 undecimus,
736 2863 756 2897 si
770 2864 923 2898 inseratur
935 2864 1006 2898 Cai-

250 2928 318 2948 παπ.
347 2916 490 2960 Replica.
518 2916 588 2949 Cur
604 2914 730 2948 omittit
747 2917 904 2953 Irenaeum,
929 2914 1002 2948 Ori-

243 2977 362 3013 genem,
375 2964 537 3009 Procopium
551 2968 700 3002 Gaurum,
713 2967 743 2996 &
758 2963 842 3011 ipsos
854 2975 870 2996 L
883 2975 899 2995 x
909 2977 938 2997 x.
953 2967 1005 2997 In-

250 3023 406 3056 terpretes
418 3015 549 3060 optimae
563 3024 662 3053 notae,
677 3025 759 3059 quos
776 3014 950 3060 Africanus,
972 3017 1004 3046 δι

251 3060 386 3101 Eusebius
406 3075 599 3108 acceperunt
625 3064 665 3096 ab
691 3063 843 3112 Origine?
879 3063 949 3097 Cur
968 3074 1007 3095 o-

252 3112 355 3142 mim:
380 3111 580 3156 paraphrasin
597 3139 605 3151 ‚
625 3111 862 3152 Chaldaicam,
882 3114 914 3146 &
935 3122 1004 3145 tex-

252 3168 304 3191 tus
322 3160 537 3194 S.1maritanos
554 3159 570 3194 ὲ
592 3162 691 3196 Grotio
718 3163 833 3198 citatos
852 3166 866 3196 ?
898 3160 953 3196 Ad
970 3173 1007 3196 ea

1047 76 1449 109 ISTORICI

1050 156 1122 193 quae
1132 143 1283 192 producit
1297 169 1306 185 ‚
1318 145 1491 193 respondet
1507 144 1586 188 tria3
1602 158 1802 196 quantopere

1052 196 1090 228 ad
1101 208 1168 230 rem
1181 197 1287 241 quivis
1298 196 1435 239 judicet.

1102 244 1224 280 Primo.
1249 243 1484 292 Antiquissima
1509 246 1666 293 (inquit)
1695 260 1807 282 exem-

1053 295 1149 342 plaria
1166 296 1279 329 Graeca
1301 296 1398 328 etiam
1419 306 1494 328 ante
1515 294 1635 328 Christi
1656 306 1808 343 tempora

1053 344 1236 379 habuerunt
1248 355 1371 379 nomen
1384 342 1521 378 Cumanis
1536 355 1585 378 ‚ut
1599 342 1713 390 probat
1725 349 1811 390 Usse-

1051 393 1106 426 rim
1115 407 1152 427 ex
1169 393 1339 428 Chronico
1352 393 1509 428 Demetrii.
1524 394 1671 440 Replica.
1700 397 1807 430 1.Ni-

1054 442 1098 476 hil
1112 442 1254 477 omnino
1275 443 1340 477 lioc
1358 443 1401 477 est
1421 445 1458 478 ad
1477 442 1726 478 controversiam
1745 457 1806 490 prae

1055 493 1215 528 manibus.
1242 493 1407 527 Existimat
1421 494 1549 533 Grotius,
1562 504 1636 527 ante
1651 505 1805 541 quartum

1051 539 1214 575 &Christo
1227 542 1370 576 seculum
1383 567 1392 581 ‚
1409 552 1512 591 neque
1522 545 1554 576 in
1578 555 1597 577 1.
1611 557 1628 576 x
1643 558 1672 577 x.
1702 544 1808 578 Inter-

1052 603 1152 637 pretes
1164 615 1172 629 ‚
1190 603 1294 638 neque
1307 593 1340 626 in
1353 603 1474 626 textum
1493 595 1571 625 Lucae
1584 590 1730 639 irrepsisse
1744 607 1808 628 no.

1054 652 1127 674 men
1138 643 1284 680 Cumanis,
1297 641 1350 675 sed
1361 654 1430 676 tum
1441 641 1573 676 demum
1587 640 1806 689 aquibusdam

1051 689 1188 724 librariis
1203 701 1353 738 corrupta
1368 691 1513 739 quaedam
1537 694 1621 725 Lucae
1639 694 1809 739 exempla-

1051 741 1095 773 ria
1115 752 1151 774 ac
1170 738 1276 786 postea
1295 752 1377 774 Lxx.
1404 744 1595 788 Interprctcs
1616 740 1674 775 effe
1693 754 1808 778 cortu—-

1052 799 1137 834 ptos.
1163 790 1288 833 Ufferius
1308 800 1425 825 contra
1445 790 1608 825 existimat
1624 799 1652 825 'L
1665 804 1722 826 xx.
1751 793 1808 827 ln-

1051 848 1227 884 terpretum
1241 840 1421 874 versionem
1436 852 1650 875 communem
1666 841 1720 875 diu
1732 853 1808 877 ante

1053 886 1223 933 Euangelii
1237 898 1385 933 tempora
1397 887 1487 923 fuiss'e
1498 902 1631 937 corrupt
1642 904 1683 925 ειη
1696 915 1704 927 ,
1724 896 1755 925 <Sc
1767 892 1810 926 ab

1051 934 1085 968 ea
1103 937 1135 969 in
1154 938 1233 968 Luca
1250 946 1374 968 textum
1392 937 1541 983 irrepsisse
1555 951 1710 974 errorem.
1736 942 1810 975 No-

1054 986 1099 1018 vit
1109 983 1283 1017 VValtonus
1294 997 1501 1033 nequaquam
1522 985 1539 1020 ὲ
1558 991 1657 1022 Grotio
1668 988 1811 1026 dissenti-

1053 1046 1085 1067 re
1094 1035 1234 1078 Uffirium
1246 1034 1277 1066 in
1293 1047 1341 1067 re:
1362 1034 1535 1069 arbitratur
1545 1038 1634 1069 enim
1647 1051 1720 1073 curn
1734 1044 1812 1075 Gro-

1051 1083 1091 1116 tio
1103 1082 1239 1116 Cainanis
1251 1095 1374 1117 nomen
1389 1085 1460 1117 vere
1475 1083 1717 1132 supposititium
1729 1090 1810 1123 irre-

1055 1132 1150 1179 psisse,
1162 1142 1226 1165 tam
1241 1133 1273 1165 in
1292 1144 1309 1165 L
1323 1147 1341 1167 x
1354 1147 1385 1167 x.
1404 1131 1501 1180 quam
1517 1137 1548 1167 in
1565 1137 1686 1176 Lucam,
1698 1149 1809 1174 utrum

1054 1193 1162 1216 autem
1178 1178 1306 1228 priiisi'n
1322 1195 1338 1214 1.
1353 1195 1371 1216 x
1384 1196 1411 1216 x.
1426 1186 1456 1216 ὃ(
1470 1184 1624 1229 posterius
1636 1187 1667 1219 in
1685 1189 1809 1229 Lucam,

1055 1231 1108 1266 seu
1120 1244 1159 1265 an
1170 1242 1261 1265 error
1269 1230 1399 1266 fluxerit
1412 1256 1420 1270 ‚
1443 1231 1458 1266 a
1471 1245 1627 1280 corrupto
1647 1237 1731 1268 Lucae
1751 1249 1811 1270 eit..

1053 1280 1185 1328 emplari
1204 1282 1237 1315 in
1262 1294 1280 1320 ι.
1295 1294 1310 1314 x
1324 1295 1352 1315 x.
1369 1295 1407 1315 an
1421 1283 1499 1316 vero
1515 1283 1622 1329 potius
1635 1297 1672 1318 ex
1688 1298 1807 1320 corru-

1055 1343 1111 1378 pto
1138 1343 1232 1365 Lxx.
1257 1333 1468 1378 Interpretum
1490 1334 1664 1380 exemplari
1687 1335 1719 1368 in
1743 1337 1811 1369 Lu-

1051 1395 1112 1415 cam
1125 1403 1134 1417 ,
1154 1380 1235 1415 nihil
1253 1383 1393 1416 omnino
1409 1380 1486 1415 facit
1505 1383 1543 1415 ad
1565 1396 1632 1417 rem
1654 1384 1810 1421 nostram.

1055 1433 1117 1466 Hic
1129 1428 1256 1464 tamum
1271 1443 1366 1467 noto,
1378 1430 1514 1479 probare
1525 1433 1716 1467 VValtonum
1728 1435 1810 1480 Uffe-

1051 1481 1127 1515 riam·
1147 1482 1334 1529 argumenti
1358 1494 1395 1516 ex
1420 1484 1573 1515 Demetrio
1594 1481 1808 1526 firmitatem,

1053 1530 1142 1579 quod
1163 1530 1329 1565 &Cumanis
1345 1531 1438 1566 annis
1467 1532 1506 1565 ad
1531 1533 1684 1568 Cainanem
1706 1536 1809 1568 valeat

1055 1579 1284 1629 consequentia
1296 1606 1307 1622 ,
1333 1582 1375 1615 ita
1387 1592 1423 1616 ut
1435 1582 1603 1616 Demetrius
1616 1610 1623 1623 ‚
1649 1586 1722 1617 licet
1734 1583 1812 1616 nul-

1054 1632 1119 1664 lam
1132 1632 1267 1664 Camanis
1277 1632 1483 1666 mentionem
1499 1630 1594 1666 faciat
1607 1656 1613 1667 ,
1626 1632 1812 1666 existiman-

1052 1681 1112 1715 dus
1123 1691 1233 1715 tamen
1247 1678 1284 1714 sit
1305 1693 1363 1728 pro
1377 1681 1507 1715 Cainane
1524 1681 1601 1715 stare
1622 1706 1630 1720 ‚
1658 1694 1700 1716 eo
1717 1681 1809 1729 quod

1052 1744 1125 1765 eum
1139 1743 1300 1765 annorum
1313 1731 1471 1765 calculum
1481 1729 1498 1764 εὶ
1510 1731 1644 1765 Diluvio
1656 1732 1692 1765 ad
1703 1730 1810 1765 Abra-

1052 1777 1170 1814 hamum
1197 1790 1346 1814 numeret
1375 1782 1431 1827 qui
1455 1779 1648 1822 wald'oyovi‘ocv
1674 1782 1811 1814 Cainanis

1054 1841 1141 1864 anno
1153 1832 1221 1874 ejus
1233 1829 1411 1863 centesimo
1423 1828 1583 1863 tricesimo
1599 1830 1762 1878 supponit.

1104 1878 1248 1913 Secunda
1265 1878 1415 1913 VValtoni
1424 1877 1588 1924 responsio
1599 1879 1641 1913 cst
1653 1904 1660 1915 ,
1685 1890 1809 1914 certum

1053 1926 1111 1962 effe
1125 1927 1279 1976 Euſs’ln'um
1294 1932 1325 1962 δι
1348 1924 1541 1976 Epiphamum
1554 1953 1564 1967 ,
1581 1929 1656 1962 licet
1672 1936 1685 1962 ί
1700 1929 1811 1961 ainanis

1055 1991 1178 2013 nomen
1189 1976 1308 2013 alicubi
1331 1981 1506 2013 omittant,
1531 1988 1641 2011 tamen
1661 1977 1811 2011 alibiex-

1054 2027 1191 2075 primere
1202 2055 1210 2067 ‚
1237 2038 1419 2072 nunquam·
1435 2039 1567 2075 negare.
1600 2027 1735 2074 Replica
1761 2039 1814 2060 re-

1055 2077 1262 2124 sponsionem
1291 2076 1375 2111 hanc
1408 2086 1477 2111 non
1505 2075 1692 2111 satisfacere.
1724 2077 1813 2111 Nam

1058 2139 1083 2161 1.
1111 2128 1235 2161 multos
1267 2129 1374 2160 Patres
1401 2125 1577 2160 adduxerat
1616 2125 1730 2158 Grotius
1752 2126 1811 2172 qui

1057 2177 1219 2210 Cainanem
1243 2175 1423 2209 omiserunt
1440 2200 1449 2213 ‚
1489 2173 1609 2222 quibus
1635 2173 1812 2208 VValtonus

1059 2226 1142 2259 nihil
1159 2226 1302 2259 omnino
1320 2222 1506 2270 respondet.
1537 2221 1631 2266 Quid
1646 2223 1684 2256 ad
1702 2223 1814 2274 Orige-

1058 2287 1124 2307 nem
1145 2275 1200 2320 qui
1215 2275 1246 2306 in
1260 2273 1319 2306 hac
1333 2286 1363 2308 re
1373 2273 1525 2307 omnium
1540 2274 1732 2307 mortalium
1745 2282 1814 2307 erat

1057 2322 1339 2357 exercitatissimus
1385 2332 1420 2367 15
1460 2322 1594 2355 traRatu
1637 2324 1671 2357 in
1711 2326 1814 2356 loann.

1060 2385 1087 2407 2.
1116 2369 1336 2406 eAbrahamum
1349 2369 1489 2406 affirmat
1506 2371 1695 2406 vicesimum
1708 2371 1747 2405 ab
1761 2373 1814 2404 A-

1057 2422 1139 2455 damo
1162 2423 1195 2454 &
1217 2420 1384 2456 decimum
1406 2421 1421 2455 ὲ
1438 2421 1534 2454 Noa?
1560 2423 1642 2456 Vera
1659 2421 1724 2456 haec
1742 2431 1813 2454 non

1058 2470 1127 2506 sunt
1137 2498 1145 2510 ,
1158 2470 1215 2505 nisi
1228 2472 1465 2516 (ainanjunior
1475 2480 1694 2518 expungatur.
1718 2467 1814 2515 Quid

1057 2521 1096 2555 ad
1109 2521 1272 2567 Procopium
1288 2524 1427 2556 Gazaeum
1437 2520 1469 2553 in
1481 2519 1567 2553 Gen.
1583 2531 1594 2552 1
1608 2531 1630 2552 i.
1645 2520 1701 2566 qui
1714 2518 1814 2551 testa-

1058 2581 1111 2604 tur
1123 2570 1230 2604 vidisse
1243 2568 1314 2604 sein
1328 2568 1548 2614 manuscripto
1561 2568 1681 2601 Graeto
1700 2568 1815 2600 caina-

1057 2621 1098 2652 nis
1112 2620 1242 2653 nomini
1263 2623 1295 2652 &
1314 2619 1407 2651 annis
1429 2618 1564 2665 Origenis
1582 2615 1715 2650 obelum
1732 2630 1815 2663 prae-

1057 2668 1160 2701 fixum
1179 2671 1193 2701 ?
1231 2666 1325 2712 Qid
1347 2665 1387 2700 ad
1407 2668 1541 2699 Irenaeum
1559 2668 1575 2698 ?
1608 2667 1678 2710 Qii
1700 2678 1815 2700 contra

1057 2715 1187 2751 haercses
1199 2714 1257 2749 lib.
1272 2729 1300 2761 3.
1316 2727 1386 2762 cap.
1402 2727 1456 2761 33.
1476 2712 1614 2748 affirmat
1625 2716 1664 2748 ab
1677 2715 1816 2749 eAdamo

1055 2766 1092 2799 ad
1109 2763 1276 2799 Christum
1295 2766 1522 2812 generationes
1534 2761 1592 2798 esse
1614 2764 1815 2812 septuaginta

1055 2814 1145 2850 duas,
1159 2814 1216 2849 nisi
1228 2825 1335 2848 autem
1350 2825 1558 2861 expungatur
1571 2813 1813 2855 Cainanjunior,

1054 2873 1150 2898 erunt
1163 2889 1172 2904 ,
1195 2874 1230 2897 ut
1250 2862 1339 2910 supra
1355 2863 1478 2897 dietum
1491 2887 1500 2903 ‚
1525 2863 1727 2909 septuaginta
1738 2873 1815 2896 tres.

1055 2913 1150 2960 Qid
1171 2913 1209 2947 ad
1224 2913 1330 2946 Iulium
1345 2914 1536 2960 Africanum,
1548 2912 1601 2959 qui
1615 2912 1644 2943 in
1658 2912 1782 2945 calculo
1795 2912 1813 2947 τὶ

1057 2964 1196 2997 Diluvio
1208 2962 1247 2996 ad
1260 2960 1474 2999 Abrahamum,
1486 2968 1503 2995 ί
1514 2973 1645 2993 amanem
1658 2973 1731 2993 curn
1749 2959 1812 2995 suis

1054 3013 1144 3046 annis
1156 3014 1342 3058 expungit?
1370 3011 1463 3051 Quid
1484 3009 1525 3043 ad
1535 3007 1723 3056 Theophilum
1736 3013 1810 3043 An-

1053 3059 1231 3099 tiochenam,
1248 3064 1337 3103 cujus
1349 3059 1435 3093 idem
1448 3058 1490 3093 est
1503 3060 1642 3092 calculus
1658 3063 1669 3093 ?
1699 3061 1813 3094 Fateor

1054 3111 1201 3145 editione
1220 3111 1314 3143 tertia
1331 3109 1543 3142 Bibliotliecae
1562 3112 1693 3142 Patrum
1712 3106 1810 3143 Theo-

1048 3158 1160 3208 philum
1177 3159 1339 3195 camanem
1360 3160 1532 3194 nominare
1544 3180 1554 3198 ‚
1581 3155 1630 3193 sed
1648 3161 1680 3193 in
1692 3158 1812 3239 editgo-

1711 3219 1744 3240 ni
1775 3216 1810 3239 us
