2048 3343
318 113 371 151 90
655 103 985 140 Ovi-:nis

363 173 468 216 Quod
479 183 590 208 autem
602 173 639 208 ad
650 172 802 209 nauseam
814 172 913 223 usque
927 175 1069 222 ingemi-

313 236 395 261 nant
405 224 444 258 de
454 223 542 258 sensu
555 226 643 260 vocis
653 227 777 266 ἐγέννησε
789 249 798 264 ,
813 223 902 272 quasi
914 237 950 258 ea
961 226 999 259 de
1010 238 1068 259 na—

313 273 474 309 turalibus
485 273 559 308 solis
575 273 684 309 liberis
696 273 887 322 accipienda
899 273 946 308 fit.
972 275 1069 323 Resp.

314 323 502 359 Gratishoc
511 321 599 358 afferi
611 350 620 363 ,
632 325 756 358 nullam
771 326 858 357 enim
871 324 981 359 inuno
990 337 1068 359 con-

309 375 501 422 jugatorum
520 376 683 416 majorem
705 373 912 421 agnoscimus
924 374 1069 421 Empha-

312 423 360 458 sin
380 421 476 471 quam
493 424 526 457 in
549 424 651 458 altero
672 436 680 457 :
707 423 892 458 concedunt
910 424 957 458 illi
976 424 1067 472 geni-

313 483 386 507 tum
396 499 405 512 ,
417 484 554 521 gnatum
569 497 577 512 ,
591 471 697 507 filium
707 474 822 514 ‚etiam
834 474 1020 521 genitorem
1035 475 1069 506 &

310 533 436 570 patrem
448 522 485 556 de
495 520 648 557 civilibus
667 536 734 557 non
746 520 857 557 mincis
869 522 964 568 quam
975 532 1069 555 natu-

309 571 437 606 ralibus
452 572 554 618 accipi
578 573 665 620 poffe
693 576 727 606 δε
752 571 940 618 frequenter
965 571 1068 617 accipi

310 632 467 669 oportere
480 646 489 660 ‚
502 620 566 656 haec
578 633 687 656 autem
703 621 723 655 si
733 620 772 653 de
784 617 977 653 nominibus
988 632 1069 654 con-

306 672 431 719 jugatis
442 670 630 705 concedunt
641 695 650 710 ,
665 671 776 703 eadem
790 667 827 701 de
838 667 941 703 verbo
951 671 1066 714 conju-

307 731 386 768 gato
388 720 513 774 gignere
524 718 636 754 frustra
647 717 849 766 negaverint.

450 816 757 856 QUAESTIO
800 815 899 843 xxx.

305 884 467 931 ‚Quomodo
484 882 628 930 Joachaz
645 882 754 932 primus
764 882 897 929 filiorum
913 882 1006 929 Joiiae
1028 881 1066 917 ὠ

327 944 427 967 tamen
438 934 534 979 junior
544 933 803 980 Joakimo‚etiam
815 933 950 982 quomodo
960 932 1022 979 Joa
1033 953 1043 958 -

350 981 430 1017 chaz
447 982 600 1029 Johanan
616 982 653 1017 &⁹
667 982 813 1017 Shallum
829 983 905 1017 idem
922 979 1017 1020 homo,

459 1031 498 1066 (ῥ’
507 1032 744 1083 tamengeminus
755 1032 912 1068 Shallum.

390 1112 515 1147 Uaestio
535 1113 695 1149 tricesima
714 1113 952 1149 fitconciliatio
963 1111 1065 1147 trium

377 1164 476 1197 ‘inter
485 1161 512 1197 se
522 1164 686 1204 locorum,
696 1165 841 1211 Jeremiae
851 1176 868 1197 2
877 1177 905 1198 2.
916 1161 997 1199 vers.
1012 1175 1024 1196 1
1037 1173 1048 1195 1
1057 1187 1067 1197 .

306 1222 322 1245 1
339 1213 478 1258 Paralip.
494 1226 522 1259 3.
536 1226 566 1248 v.
581 1223 636 1259 15.
664 1227 680 1248 2
700 1215 782 1262 Reg.
796 1226 850 1260 23.
865 1226 942 1259 v.4.
970 1214 1065 1245 Loco

298 1261 409 1307 primo
419 1259 595 1296 affirmatur
613 1260 744 1297 §ballum
765 1265 822 1311 qui
841 1276 900 1310 pro
911 1273 999 1308 patre
1012 1273 1065 1295 re-

296 1311 421 1355 gnavit,
436 1311 621 1345 traduetum
641 1313 673 1345 in
686 1316 865 1360 AEgyptum
885 1311 1004 1359 absque
1016 1323 1064 1344 re-

295 1358 386 1400 ditu5
406 1358 546 1394 secundo
559 1360 635 1395 vcro
649 1358 778 1396 Shallum
790 1360 881 1396 fuisse
893 1364 965 1406 Iofiae
974 1359 1061 1397 filio-

294 1420 365 1442 rum
378 1412 603 1457 quartum‚qui
616 1423 784 1458 nunquam
798 1411 926 1446 videtur
935 1411 1061 1458 regnfis·

292 1454 335 1493 se,
349 1471 422 1492 cum
437 1472 476 1494 ex
491 1462 564 1508 Iofiae
574 1458 651 1494 filiis
662 1471 726 1495 tres
739 1458 868 1495 tantum
879 1460 1059 1508 regnarinn

292 1508 391 1541 tertio
409 1519 521 1543 autem
551 1510 586 1544 in
611 1512 793 1558 AEgyptum
831 1510 1016 1545 ττειάιιᾶυῐη
1042 1509 1058 1544 zi

290 1552 443 1590 Pharaone
456 1555 562 1592 Necho
573 1564 644 1593 non
662 1571 814 1606 quartum
829 1558 970 1595 filiorum
983 1562 1057 1601 Iofiae

291 1601 423 1639 Shadum
435 1606 487 1641 sed
501 1608 645 1655 primum
658 1605 800 1646 Ioachaz,
810 1611 864 1657 qui
877 1610 973 1644 etiam
987 1623 1055 1644 non

292 1654 420 1690 videtur
441 1660 564 1702 primus
578 1656 722 1692 filiorum
736 1660 825 1705 Izfiae,
846 1661 943 1706 primi
965 1662 1053 1694 enim

291 1715 418 1738 nomen
431 1705 493 1740 fuit
504 1704 639 1742 lohanan
649 1721 721 1742 non
733 1706 860 1744 loachaz
870 1733 880 1749 ‚
895 1708 1054 1744 secundus

291 1767 426 1801 quoque
438 1755 545 1797 Ioakim
563 1757 696 1792 biennio
709 1757 769 1793 fuit
780 1760 885 1801 major
893 1756 1050 1801 Inachazo,

290 1805 345 1849 qui
358 1805 389 1836 in
402 1809 544 1853 AEgypto
554 1809 699 1854 captivus
709 1807 752 1843 est
763 1817 923 1844 mortuus.

341 1853 394 1886 Ad
408 1855 465 1888 ista
483 1857 537 1889 alii
551 1859 643 1891 aliter
654 1856 846 1904 respondent
859 1881 868 1896 ‚
890 1857 986 1892 nobis
1005 1858 1050 1893 se-

291 1904 426 1947 quentia
445 1917 524 1939 vero
545 1905 699 1940 videntur
725 1906 889 1941 simillima
904 1925 914 1947 ς
944 1909 1052 1953 primo

290 1952 503 1987 concedimus
515 1952 691 1992 loachazum
703 1981 712 1996 ‚
724 1958 779 2003 qui
792 1958 913 2002 primus
923 1957 1049 1992 libero-

288 2011 360 2032 rum
374 2003 445 2045 lostae
453 2005 656 2041 nominatur,
666 2018 773 2039 revera
784 2003 874 2040 fuiffe
884 2008 1048 2042 minorem

288 2061 368 2082 natu
380 2052 518 2086 secundo
530 2051 654 2094 Ioakz'nio
663 2079 674 2094 ‚
687 2056 851 2089 nominari
862 2065 971 2090 tamen
982 2059 1049 2104 pri-

288 2110 397 2140 mum,
407 2102 482 2147 quia
492 2104 614 2148 primus
624 2105 776 2139 omnium
788 2103 924 2139 fratrum
936 2109 966 2140 ἃ·
977 2118 1050 2142 ante

286 2145 420 2181 fratrem
442 2162 521 2184 natu
537 2156 693 2197 majorem
712 2153 871 2194 Ioakimtcm
888 2159 1048 2204 regnavit.

288 2196 358 2230 Ubi
374 2199 462 2231 enim
482 2202 565 2240 Iofias
589 2212 675 2246 pater
694 2201 860 2249 expirfisset
870 2229 881 2244 ,
907 2207 1048 2251 populus

286 2247 356 2289 ejus
369 2244 475 2280 filium
487 2246 663 2286 loachazum
675 2263 762 2284 anno
771 2253 872 2284 aetatis
881 2252 940 2285 suae
952 2265 969 2285 2
979 2255 1044 2287 2-in

283 2292 368 2329 solio
382 2306 515 2341 paterno
528 2299 717 2339 collocavit3
729 2299 778 2333 sed
793 2299 863 2346 post
875 2311 938 2334 tres
949 2312 1042 2335 men-

282 2342 330 2377 ses
349 2342 462 2383 Joahaz
474 2347 507 2380 in
518 2351 697 2395 AEgyptum
710 2348 829 2382 ἀυᾶιιε
840 2349 884 2383 est
895 2374 904 2390 ‚
927 2353 960 2383 &
977 2352 1046 2384 Ioa-

282 2390 342 2432 kim
355 2398 423 2439 ejus
433 2393 530 2431 frater
543 2401 646 2442 major
657 2411 743 2433 anno
753 2399 853 2433 aetatis
868 2411 884 2433 2
893 2410 906 2444 5
915 2424 922 2432 .
934 2397 951 2433 εὶ
962 2399 1043 2434 Pha-

282 2455 368 2476 raone
379 2446 619 2491 regnarejufl'us
629 2447 682 2482 est.
699 2447 863 2486 Secundo,
875 2450 946 2483 [offa
955 2448 1041 2484 filius

281 2493 340 2538 qui
354 2494 387 2526 in
398 2497 577 2542 AEgyptum
588 2497 701 2532 duetus
711 2498 755 2532 est
764 2499 952 2534 trinominis
963 2497 1042 2533 fuis-

280 2540 314 2575 se
329 2543 453 2576 videtur
464 2568 473 2582 ‚
485 2542 623 2582 lahama,
633 2543 749 2583 Ioahaz
758 2551 790 2581 &
800 2546 942 2582 Shallum.
955 2550 1042 2583 Ter-

281 2589 331 2623 tio
342 2616 352 2630 ‚
374 2604 412 2625 ex
424 2604 565 2639 quatuor
579 2597 654 2640 Itfiae
664 2595 743 2630 filiis
755 2596 821 2631 duo
833 2597 984 2632 videntur
993 2598 1040 2632 di-

280 2641 323 2673 eti
336 2637 466 2675 Shallum
477 2668 485 2680 ,
506 2644 627 2678 scilicet
647 2647 768 2690 primus
778 2647 832 2692 qui
849 2648 884 2681 in
894 2651 1040 2694 AEgypto

280 2700 431 2724 mortuus
452 2690 497 2725 est
511 2695 674 2739 captivus,
706 2698 881 2740 &quartus
892 2697 949 2741 qui
966 2706 1039 2730 ante

280 2749 406 2784 patrem
431 2742 575 2775 moriens
596 2743 629 2776 in
647 2742 727 2776 solio
745 2755 915 2791 nunquam
942 2744 1040 2781 sedit,

281 2792 372 2830 cujus
383 2789 460 2823 alibi
472 2789 570 2838 quam
583 2792 617 2825 in
633 2790 823 2838 supradicto
833 2793 911 2826 loco
928 2793 1039 2828 Chro-

276 2838 427 2871 nicorum
441 2842 527 2874 nulla
540 2839 577 2875 fit
590 2842 736 2875 mentia*
751 2843 841 2876 Cum
853 2843 886 2876 in
897 2842 1040 2888 ejusmo-

277 2885 309 2919 di
329 2888 559 2933 quaestionibus
581 2891 873 2926 demonstrabiliter
891 2906 978 2927 certa
996 2892 1037 2928 ab

277 2935 494 2984 interpretum
513 2939 606 2975 nullo
619 2939 790 2975 afferantur
801 2966 809 2978 ‚
828 2942 915 2988 quod
929 2944 1038 2989 proxi-

276 2995 368 3066 :imm
381 2987 435 3040 est,
446 2991 481 3025 in
494 3002 574 3027 vero
585 2989 757 3028 simillimis
769 2991 814 3027 est
830 2992 1035 3040 acquiescen-

302 3043 368 3068 um.

1047 101 1521 142 H18TOR1c1

1260 226 1573 265 QUAESTlo
1614 229 1734 259 xxxr.

1126 298 1283 343 „Ogmmodo
1302 298 1479 348 Babylonica
1496 300 1648 349 captivitas
1669 301 1804 348 inceperit
1825 301 1864 336 Θ

1201 350 1294 396 primo
1306 354 1342 388 (y
1353 351 1452 385 oflavo
1477 350 1513 384 Εἰ·
1525 352 1708 386 decimonono
1721 353 1788 387 Ne-

1351 399 1629 436 buchadnezaris?

1121 474 1322 553 QUaestio
1344 492 1382 525 31
1392 505 1400 514 .
1412 480 1481 527 Qi
1494 483 1689 518 concilietur
1701 481 1795 530 primi
1805 484 1873 518 Da-

1194 529 1287 563 nielis
1296 527 1452 564 secundus
1464 543 1535 564 cum
1546 533 1655 577 primo
1667 541 1708 576 25
1717 533 1875 580 .Jeremiae

1115 580 1146 611 &
1160 578 1267 625 primo
1279 579 1512 628 quadragesimi
1525 579 1698 622 Ezekielis3
1709 583 1876 617 etiamvi-

1115 627 1238 662 cesimo
1258 630 1367 674 primo
1398 628 1549 663 tricesimi
1571 628 1653 664 sexti
1685 628 1873 676 posterioris

1116 676 1376 713 chronicorum.
1397 679 1489 713 Velle
1503 679 1630 714 videtur
1642 679 1875 727 Danielssaby-

1114 727 1257 762 lonicam
1273 727 1589 775 transmigrationem
1605 733 1636 763 &
1649 730 1876 776 captivitatem

1114 776 1240 823 coepiffe
1264 775 1544 814 Nebachadnezaris
1571 780 1679 826 primo
1701 782 1733 813 &
1754 776 1875 819 Ioakimi

1115 827 1224 864 terti05
1236 828 1370 860 Ieremias
1381 826 1457 861 vero
1469 825 1589 867 Joakimt
1598 838 1729 876 quarto,
1741 839 1777 862 ut
1788 831 1876 865 Eze-

1113 868 1172 912 kiel
1182 874 1290 920 primo
1300 875 1417 908 lemnia
1427 900 1436 915 ‚
1454 879 1508 923 qui
1522 876 1582 911 fuit
1594 876 1876 914 Nebuchadnezaris

1106 923 1248 956 oetavus
1261 927 1291 956 &
1312 922 1430 963 Ioakimi
1449 926 1640 961 undecimus
1659 927 1875 975 ultimusque:

1114 972 1225 1006 aurstor
1240 983 1350 1006 autem
1371 973 1619 1008 Chronicorum
1648 978 1872 1021 captivitatem

1112 1021 1344 1066 Babylonicam
1364 1021 1499 1057 inchoat
1526 1022 1543 1056 a
1560 1024 1659 1069 captis
1686 1025 1875 1074 Hierosoly-

1114 1072 1194 1111 mis,
1215 1071 1293 1118 qnid
1315 1072 1458 1119 contigit
1480 1070 1763 1109 Nebnchadnezaris
1783 1074 1874 1110 deci-
1897 1093 1901 1096 >

1113 1133 1264 1155 monono
1306 1124 1340 1154 &
1379 1119 1514 1160 Zedekiae
1544 1121 1729 1157 undecimo.
1776 1124 1875 1173 Resp.

1113 1171 1270 1216 Qiatuor
1279 1169 1408 1204 fuerunt
1418 1171 1762 1218 partiales-ludaeorum
1777 1176 1877 1208 trans-

1112 1221 1326 1268 migrationes
1338 1220 1545 1268 Babylonicae
1559 1244 1568 1256 ,
1595 1234 1665 1268 quae
1677 1234 1774 1255 unam
1788 1235 1874 1257 con-

1110 1268 1244 1303 stituunt
1256 1269 1456 1316 completam
1472 1268 1489 1303 ἂ
1503 1269 1604 1317 primii
1618 1270 1874 1318 Hierosolymo-

1108 1330 1180 1352 rum
1193 1332 1248 1364 per
1258 1317 1561 1356 Nebuchadnezarem
1573 1322 1744 1355 vexatione
1753 1344 1763 1359 ‚
1776 1321 1814 1354 ad
1825 1324 1874 1357 ul-

1108 1369 1226 1402 timum
1238 1382 1292 1415 per
1303 1368 1596 1406 Nehuzgaradanem
1615 1371 1757 1419 regionis
1774 1374 1805 1404 δέ
1815 1384 1871 1406 ur-

1107 1417 1155 1452 bis
1164 1421 1406 1453 exterminium.
1417 1421 1525 1454 Prima
1536 1421 1664 1454 vexatio
1676 1419 1792 1455 accidit
1804 1425 1871 1455 loa-

1107 1464 1180 1507 kimi
1196 1470 1292 1502 tertio
1313 1468 1432 1503 fluente
1450 1493 1461 1508 ‚
1488 1480 1523 1502 ut
1544 1467 1645 1503 habet
1671 1468 1808 1510 Daniel,
1836 1475 1870 1506 ὃς

1105 1528 1221 1564 quarto
1239 1517 1413 1552 inchoante
1427 1542 1436 1557 ,
1475 1517 1564 1564 quod
1590 1518 1688 1553 habet
1714 1519 1870 1557 Ieremias,

1104 1567 1236 1612 quando
1250 1568 1415 1611 conjeftus
1435 1569 1505 1602 Rex
1525 1564 1675 1606 Ioakimin
1686 1569 1817 1602 vincula
1834 1572 1869 1602 &

1104 1616 1305 1651 Danielcum
1329 1628 1415 1664 parte
1436 1617 1546 1664 populi
1569 1629 1603 1650 ac
1617 1628 1706 1663 parte
1717 1616 1865 1652 vasorum

1102 1668 1219 1711 templi
1232 1663 1509 1703 Nehachadnezaris
1527 1667 1633 1712 primo
1654 1665 1862 1713 Babylonem

1103 1715 1245 1749 transsati
1258 1714 1350 1749 sunt:
1377 1716 1453 1749 hinc
1467 1716 1603 1749 Ieremias
1621 1717 1780 1750 &Daniel
1791 1717 1865 1752 suos

1102 1775 1283 1812 computos
1294 1762 1429 1799 faciunt.
1457 1765 1603 1799 Secunda
1618 1764 1863 1815 transmigratio

1101 1813 1183 1849 faeta
1205 1814 1250 1849 est
1261 1812 1541 1851 Nebachadnezasis
1559 1816 1677 1849 oc'tavo
1689 1841 1700 1856 ‚
1726 1817 1864 1863 quando

1101 1875 1219 1899 necato
1233 1862 1359 1904 Ioakimo
1370 1877 1457 1898 anno
1469 1865 1559 1912 regni
1574 1864 1619 1898 sui
1632 1865 1864 1906 undecimo,&

1099 1926 1216 1960 quarto
1230 1913 1402 1960 postquam
1416 1912 1432 1946 :¹1
1447 1913 1656 1960 Babylonicis
1669 1915 1808 1949 vinculis
1823 1914 1862 1949 ad

1098 1962 1213 1998 solium
1225 1962 1313 1997 suum
1326 1962 1662 2010 Hierosolymitanum
1674 1962 1767 1996 rediit
1783 1966 1862 1996 leco-

1098 2013 1159 2047 πίω(
1172 2017 1239 2059 ejus
1252 2011 1336 2047 filius
1352 2038 1362 2054 ‚
1385 2014 1444 2059 qui
1456 2013 1533 2047 loco
1544 2014 1642 2059 patris
1656 2013 1766 2059 paucis
1782 2023 1859 2046 tan-

1098 2061 1169 2096 tum
1183 2062 1346 2098 mensibus
1360 2063 1510 2110 regnavit
1528 2074 1602 2096 cum
1622 2062 1744 2109 septem
1758 2063 1861 2095 milli-

1096 2112 1155 2146 bus
1173 2112 1550 2158 Hierosolymitanorum
1563 2135 1572 2150 ‚
1589 2115 1619 2144 &
1631 2124 1667 2144 ex
1681 2110 1861 2156 totfigente

1095 2162 1208 2196 decem
1227 2162 1374 2196 millibus
1385 2185 1395 2200 ‚
1421 2162 1505 2194 inter
1520 2172 1606 2205 quos
1632 2158 1697 2192 fuit
1723 2157 1859 2200 EzekieL

1094 2210 1298 2254 Babylonem
1312 2209 1471 2243 deduetus
1483 2207 1538 2248 est,
1551 2208 1627 2242 hinc
1641 2206 1772 2247 Ezekiel
1783 2209 1858 2242 suos

1094 2269 1251 2291 numeros
1274 2258 1356 2291 solet
1371 2257 1540 2291 deducere.
1574 2259 1687 2291 Tertia
1708 2258 1858 2291 transmi-

1092 2307 1198 2353 gratio
1217 2305 1278 2341 fuit
1290 2306 1359 2353 post
1373 2305 1542 2340 secundam
1563 2307 1656 2340 annis
1681 2307 1855 2347 undecim3

1094 2358 1182 2390 Cum
1193 2352 1476 2393 Nebuchadnezaris
1497 2356 1721 2391 decimonono
1739 2360 1770 2390 δε
1788 2359 1855 2390 Ze-

1091 2402 1178 2445 dekiae
1192 2406 1371 2440 undecimo
1393 2410 1424 2440 δέ
1447 2407 1566 2440 ultimo
1585 2417 1679 2453 capta
1696 2405 1856 2440 Hieroso-

1091 2456 1198 2501 lyma,
1216 2454 1387 2490 incensum
1406 2456 1568 2504 templum
1589 2458 1619 2488 &
1632 2468 1705 2489 cum
1721 2453 1854 2494 Zedekti

1091 2516 1256 2539 occaecato
1274 2515 1362 2539 totus
1381 2504 1465 2551 pene
1486 2504 1626 2552 populus
1649 2503 1850 2548 Babylonem

1090 2553 1248 2588 abductus
1262 2554 1305 2588 est
1321 2567 1331 2593 ;
1356 2554 1403 2586 -ab
1415 2555 1477 2587 hoc
1497 2554 1639 2586 termino
1652 2553 1765 2586 audior
1783 2553 1853 2586 Re-

1088 2616 1168 2650 gum
1188 2607 1221 2637 &
1243 2599 1769 2649 Chronicorum,scriptorumque
1781 2602 1853 2636 vul-

1089 2664 1150 2698 gus
1177 2653 1396 2698 captivitatem
1435 2650 1669 2695 Babylonicum
1701 2650 1848 2685 inchoat.

1092 2702 1222 2746 Qiarta
1237 2699 1476 2747 transmigratio
1490 2699 1552 2734 fuit
1565 2700 1636 2747 post
1649 2703 1778 2735 tertiam
1792 2712 1851 2733 an-

1089 2751 1138 2783 nis
1149 2760 1306 2798 quatuor,
1328 2748 1612 2785 Nabuchadneeafa
1627 2763 1681 2795 23.
1700 2760 1735 2783 ut
1746 2748 1848 2782 habe·

1089 2811 1161 2833 mus
1177 2800 1403 2847 Jerem.5z.v.
1417 2811 1471 2844 30.
1502 2801 1591 2834 Cum
1613 2797 1683 2845 post
1700 2796 1843 2831 occisum

1090 2848 1242 2883 Gedalcam
1263 2861 1379 2896 paucas
1400 2850 1513 2896 populi
1528 2848 1676 2893 reliquias
1695 2844 1849 2882 Nebuea-

1087 2898 1186 2937 radan,
1199 2900 1249 2932 cui
1264 2900 1380 2945 templi
1392 2896 1579 2932 incendendi
1592 2899 1625 2929 &
1639 2895 1724 2930 urbis
1735 2909 1848 2931 eruen-

1087 2947 1133 2981 dae
1152 2944 1315 2981 servitium
1337 2947 1353 2980 ἓι
1370 2943 1644 2981 Nabuchadnezare
1656 2944 1743 2992 prius
1753 2958 1848 2980 com-

1086 2994 1212 3030 missum
1225 2994 1286 3029 fuit
1304 3020 1313 3032 ‚
1337 2996 1539 3042 Babylonem
1549 2995 1688 3029 traduxit
1701 3020 1710 3035 ‚
1735 2995 1774 3029 ab
1787 2995 1845 3029 hac

1083 3058 1262 3092 paucorum
1285 3044 1491 3079 traduetione
1514 3057 1615 3079 nemo
1638 3043 1844 3092 transmigra-

1084 3096 1184 3130 tionis
1195 3107 1298 3131 annos
1316 3092 1396 3129 solet
1409 3106 1589 3129 numerare.

1715 3190 1839 3233 QAE·
