2048 3343
99 1186 132 1212 In
139 1182 239 1212 mbtibsu

91 1225 207 1263 syderum

101 1276 134 1296 (9¹
143 1265 224 1304 eclipsi
230 1282 237 1286 -

101 1306 145 1334 bus
161 1318 208 1334 nrm

92 1348 225 1384 stabils‘mr

96 1389 189 1426 firmm

101 1438 232 1468 temporum

103 1471 177 1501 chara
181 1472 215 1499 ele
220 1481 238 1498 ν.

207 130 336 184 ,ἀ44
604 125 914 166 OPERIS
975 123 1443 164 Hxsrontet

249 202 370 238 cesimo
385 198 474 237 sexto
491 211 566 236 ante
584 201 754 237 Christum
767 226 777 242 ,
803 212 914 235 tamen
933 197 1006 233 edi-

251 255 341 287 stum
357 254 424 301 Cyri
435 252 472 286 de
484 250 792 297 redituJudaeorum
808 247 917 284 differt
932 258 1008 282 toto

250 302 422 348 septennio
443 301 484 336 ad
499 299 799 348 quingentesimum
815 296 1008 332 vicesimum

251 362 384 385 nonum
404 373 413 388 ,
442 349 505 398 quz'i
529 352 660 385 ratione
687 360 803 384 motus
831 359 904 381 non
931 343 1007 380 affe-

252 412 351 446 quon

299 449 385 484 Uera
399 447 532 483 istarum
550 447 750 482 summarum
768 444 870 480 nobis
883 446 1006 492 eligen-

247 498 289 533 da
300 497 347 539 fir,
358 496 465 545 postea
476 497 758 538 videbimus‚cum
771 507 882 530 extum
902 505 1006 542 mein-

246 546 304 583 bta
313 560 346 581 ac
366 558 471 594 partes
486 547 650 594 explicatae
665 547 805 582 fuerint:
818 556 878 577 nec
891 542 932 574 ad
943 552 1006 587 po-

246 596 416 631 steriorem
427 596 550 643 quaesiti
565 607 695 643 partem
706 590 886 628 commode
899 588 1007 636 potest

248 644 548 692 responderi‚qu5m
562 645 603 679 de
616 646 709 678 variis
721 642 852 674 istarum
865 639 1006 673 summa-

249 708 322 730 rum
353 694 510 729 membris
535 691 673 728 diversas
699 689 894 736 quaestiones
919 700 1005 722 enu-

252 742 637 789 cleaverimus.1nprimis
648 740 710 773 tria
723 737 791 772 haec
804 737 1006 771 elucidanda

253 794 326 828 sunt
338 818 348 834 ,
378 793 482 839 Qod
494 790 530 825 iit
542 801 654 825 verum
668 798 767 836 caput
784 810 794 824 2
820 790 855 822 δε
866 786 938 832 quis
953 796 1008 827 pes

252 841 458 890 septuaginta
468 851 635 873 annorum
647 837 845 886 captivitatis
862 832 1009 880 Babylo-

253 894 355 924 nicae.
394 886 599 924 Secundum.
627 887 740 935 Qod
757 885 953 934 principium
975 887 1009 917 &

256 942 330 986 quis
341 938 412 973 finis
424 938 628 973 Monarchiae
638 937 821 972 Persarum.
841 934 1009 967 Tertium.

257 987 435 1035 Qamdiu
461 988 535 1036 post
554 985 685 1020 finitum
717 982 878 1019 Perficum
900 985 1010 1029 Impe-

257 1038 345 1072 rium
357 1038 471 1072 vixerit
485 1037 667 1071 Alexander?
693 1035 767 1073 Ista,
778 1036 812 1067 &
824 1030 884 1065 alia
894 1032 1010 1077 partim

259 1099 297 1122 ex
316 1087 491 1134 Scripturis
508 1111 518 1125 ,
546 1086 665 1132 partim
679 1097 717 1118 ex
727 1080 1012 1130 scriptishumanis

259 1134 459 1171 conabimur
471 1133 643 1183 explicare.

311 1183 376 1219 Hic
389 1196 500 1219 autem
515 1181 727 1230 praefabimur
737 1191 949 1227 nequaquam
963 1179 1013 1213 10-

261 1246 332 1268 care
351 1246 410 1267 nos
429 1245 555 1267 tantum
578 1232 744 1267 momenti
766 1232 798 1263 in
810 1226 1012 1263 stabiliendis

259 1285 474 1330 antiquorum
498 1283 656 1316 horumce
679 1290 874 1327 temporum
901 1278 1012 1310 termi-

260 1334 309 1367 nis
322 1345 357 1366 ac
368 1331 629 1372 characteribus,
647 1329 698 1366 vel
708 1331 741 1362 in
755 1330 839 1362 Solis
852 1329 901 1361 vel
916 1328 1014 1359 Lunae

261 1380 435 1428 eclipiibus
446 1406 453 1418 ‚
464 1380 514 1417 vel
529 1381 688 1416 stellarum
701 1378 838 1412 fixarum
852 1374 1014 1410 motibus,

261 1431 279 1465 τὶ
298 1430 463 1466 Chaldaeis
492 1435 524 1465 ὅ(
550 1429 619 1463 aliis
638 1430 671 1463 in
691 1426 819 1463 Perfico
840 1439 877 1460 ac
892 1428 1012 1459 Graeco

264 1482 410 1529 Impeiio
437 1479 615 1515 observatis
644 1504 653 1518 ‚
689 1488 848 1525 quantum
877 1475 893 1509 a
919 1475 1015 1509 variis

265 1529 492 1577 Chronologis
528 1540 596 1562 tam
624 1525 886 1562 Protestantibus
913 1523 1014 1570 quzlm

263 1578 465 1619 pontificiis,
477 1581 507 1612 in
522 1578 634 1623 primis
648 1575 664 1610 Ξι
678 1577 794 1611 Petavio
806 1574 878 1623 post
889 1575 1014 1618 Scalige-

263 1641 328 1664 rum
341 1629 499 1663 collocati
511 1628 614 1662 video.
634 1624 733 1660 Certe
747 1625 766 1658 (i
779 1624 928 1671 perfectae
941 1634 1014 1655 mo-

265 1689 362 1712 tuum
375 1678 535 1712 stellarum
552 1675 688 1719 fixarum
701 1687 738 1708 ac
750 1674 955 1722 planetarum
969 1681 1015 1703 ta-

265 1726 353 1762 bulae
364 1728 402 1761 ab
416 1727 512 1762 initio
526 1725 644 1761 mundi
663 1723 804 1759 adhunc
817 1723 905 1757 diem
916 1718 1016 1754 essent

267 1778 308 1809 ad
336 1789 470 1812 manum
502 1801 511 1814 ‚
547 1775 701 1822 adeoque
734 1770 852 1820 praecifi
886 1771 1017 1806 termini

268 1827 421 1860 omnium
450 1824 616 1874 eclipfium
651 1824 756 1858 oculis
793 1820 1019 1867 objicerentur

269 1875 382 1921 (quod
402 1877 557 1909 accuratis
586 1872 829 1908 Mathematicis
855 1869 1021 1903 hodierno

270 1925 326 1958 die
346 1922 436 1959 faeta
455 1921 532 1958 esset
555 1935 626 1957 non
638 1933 797 1970 perquam
811 1918 959 1962 difficile)
987 1922 1021 1953 δέ

267 1971 350 2008 veto
361 1973 650 2019 quemadmodum
665 1974 824 2006 Ptolemaeus
834 1982 951 2018 paucas
961 1997 968 2010 ‚
978 1970 1022 2002 ita

269 2024 325 2058 alii
339 2023 467 2069 antiqui
478 2023 628 2056 auctores
642 2019 704 2056 fide
716 2021 824 2069 digni,
844 2022 958 2055 multas
971 2018 1022 2054 seu

271 2073 356 2106 Solis
368 2071 419 2106 seu
432 2077 529 2106 Lunae
546 2071 680 2117 eclipses
698 2082 771 2104 cum
785 2082 897 2117 regum
913 2073 945 2105 ἃ
956 2070 1024 2103 Re-

270 2121 426 2167 rumpub.
437 2120 532 2154 rebus
544 2121 639 2169 gestis
654 2118 823 2154 contuliss'e
837 2120 1025 2153 inveniren-

273 2179 347 2208 tur,
358 2168 624 2216 elegantissimam
638 2194 647 2208 ,
661 2167 862 2202 clariffimam
876 2193 885 2209 ,
904 2171 938 2202 &
956 2179 1025 2202 cer-

273 2216 428 2251 tissimam
451 2216 663 2264 figendorum
686 2216 936 2250 fluxiffimorum
950 2215 1026 2250 alias

275 2276 469 2314 temporum
481 2268 645 2300 rationem
657 2264 734 2298 hinc
745 2266 811 2298 erui
820 2263 959 2310 potuisse
974 2261 1024 2295 fa-

274 2326 414 2350 teremur
436 2330 443 2350 z
467 2315 519 2350 sed
531 2313 805 2362 quandoquidem
819 2314 913 2347 unius
932 2312 1027 2346 semi-

274 2363 416 2405 horulae‚
428 2377 468 2398 ne
480 2365 558 2399 dum
571 2363 660 2404 diei,
674 2362 789 2397 mensis
802 2387 811 2402 ‚
823 2373 876 2396 aut
888 2363 963 2396 anni
976 2363 1026 2394 in-

275 2413 452 2461 tercapedo
467 2414 677 2461 magnam'in
696 2423 792 2445 motu
809 2410 935 2457 fituque
955 2422 1025 2444 c'oe-

274 2462 385 2497 lorum
396 2488 405 2502 ,
424 2462 585 2497 stellatum
596 2462 605 2499 ,’
618 2466 651 2497 &
664 2460 829 2507 eclipsium
843 2460 1028 2507 discrepan-

276 2515 357 2545 tiam
380 2516 414 2546 δε
434 2512 592 2547 diversam
614 2512 796 2545 admodum
817 2508 934 2544 faciem
945 2522 1028 2543 con-

277 2562 407 2598 stimat,
423 2565 453 2595 &
475 2558 552 2596 vero
564 2559 863 2606 Chronologotum
874 2557 1027 2606 paucissi-

279 2623 357 2644 mos
370 2635 378 2649 ,
395 2609 416 2642 si
429 2609 566 2645 omnino
579 2621 781 2655 quemquam
797 2634 805 2646 ,
827 2610 967 2654 reperire
979 2607 1028 2647 sit,

279 2662 335 2705 qni
348 2659 387 2692 ab
400 2659 468 2694 aliis
480 2661 512 2692 in
522 2670 711 2705 temporum
724 2656 940 2690 calculatione
956 2668 1026 2689 non

278 2711 357 2742 totis
368 2712 459 2742 annis
472 2706 618 2742 differant
631 2732 641 2747 ,
659 2710 690 2740 &
708 2707 806 2753 etiam
817 2717 888 2751 qna:
904 2715 1027 2738 notarae

276 2757 351 2792 sunt
371 2757 502 2805 eclipses
528 2769 601 2791 cum
620 2754 760 2788 historiis
773 2755 957 2797 conjuncta?
967 2753 1028 2787 ad-

277 2807 418 2840 modum
432 2819 539 2855 paucae
558 2808 709 2853 legantur
727 2817 735 2843 ;
762 2805 794 2836 in
807 2801 1028 2838 celebr-ihoca

278 2855 427 2890 motibus
446 2856 630 2890 coelestibus
645 2865 841 2901 argumento
861 2878 870 2893 ‚
902 2865 1029 2900 nequa-

279 2918 399 2950 quam,
418 2917 576 2951 quantum
591 2906 685 2938 multi
704 2903 853 2948 jastitant
867 2927 877 2942 ‚
898 2903 1027 2936 intem-

279 2954 416 3000 poribus
435 2954 634 2989 stabiliendis
655 2952 783 3000 pondus
804 2964 866 2987 nos
888 2952 1026 2999 quidem

281 3004 512 3049 collocandum
525 3003 732 3040 arbitramur.

1230 245 1541 285 QuAEST10
1587 248 1632 276 11.

1105 319 1231 364 Quodstt
1245 320 1418 366 principium
1432 319 1615 368 septuaginta
1625 329 1765 356 annorum

1240 370 1418 414 captivitatis
1430 370 1596 419 Babyloniae
1606 372 1622 401 ?

1058 443 1190 504 REsp.
1217 449 1304 483 Inter
1325 447 1569 496 Chronologos
1591 447 1812 496 &Scripturae

1118 496 1315 542 interpretes
1332 508 1400 532 tam
1420 508 1549 532 veteres
1569 496 1668 542 quam
1692 508 1814 534 novos,

1057 543 1352 581 tarnl’totestantes
1362 559 1463 593 quam
1478 545 1814 593 l³ontificios,magna

1058 592 1101 625 est
1120 591 1332 642 discrepantia
1359 595 1401 630 de
1435 596 1517 628 veris
1540 595 1690 628 terminis
1711 606 1818 628 anno-

1058 654 1129 675 rum
1140 645 1336 690 captivitatis
1353 642 1560 691 Babylonica?
1574 668 1584 684 ‚
1607 645 1639 677 in
1652 644 1763 691 primis
1774 642 1816 678 de

1058 691 1096 724 de
1107 704 1223 726 eorum
1239 693 1411 741 principio.
1435 694 1509 727 Hac
1522 693 1563 727 de
1577 705 1610 727 te
1621 692 1762 734 diximus
1774 691 1816 727 ad

1059 741 1256 785 quaestiones
1276 742 1473 776 tricesimam
1496 744 1635 788 primam
1649 746 1682 777 δέ
1696 739 1816 776 tricefi-

1060 800 1148 821 mam
1160 802 1309 836 quartam
1323 790 1494 835 superioris
1504 792 1660 840 Epochae‚
1672 791 1725 825 hic
1737 788 1817 826 veto

1060 836 1153 884 plura
1166 839 1321 873 duximus
1334 840 1494 874 addenda.

1109 887 1275 922 Auum-es
1304 888 1400 921 multi
1423 892 1457 921 ὃ(
1478 900 1588 934 graves
1615 887 1815 935 captivitatis

1061 936 1194 969 initium
1205 936 1410 970 constituunt
1422 937 1455 969 in
1473 935 1562 969 urbis
1582 938 1709 971 excidio
1726 949 1816 971 anno

1061 982 1207 1019 zedechia
1222 985 1403 1020 undecimo
1419 1009 1428 1022 ‚
1444 986 1712 1022 Nebuchadnezaris
1724 986 1818 1020 deci-

1062 1046 1119 1067 mo
1141 1047 1246 1070 nouo.
1288 1035 1353 1070 Alii
1366 1047 1435 1068 non
1447 1036 1619 1081 pauciores
1631 1046 1691 1068 nec
1706 1037 1816 1070 minus

1060 1095 1174 1130 graves
1190 1083 1348 1120 undecim
1361 1095 1470 1118 annos
1479 1085 1660 1130 anticipant
1672 1108 1682 1124 ‚
1704 1084 1816 1118 termi-

1061 1145 1140 1166 num
1162 1131 1246 1168 hunc
1269 1135 1473 1169 collocantes
1493 1133 1525 1166 in
1540 1131 1816 1170 Nebuclmdnezaris

1063 1184 1185 1216 oeiavo
1196 1206 1205 1219 ,
1220 1181 1274 1216 scu
1290 1185 1398 1218 tecam
1409 1184 1536 1230 primo,
1554 1184 1608 1228 qui
1620 1182 1682 1217 fuit
1694 1184 1819 1226 waldini

1062 1231 1271 1269 undecimus.
1297 1230 1654 1278 Aliidenique‚quibus
1665 1231 1816 1264 nostrum

1063 1293 1123 1315 nos
1135 1280 1290 1315 addimus
1303 1280 1466 1316 calculum
1479 1307 1488 1322 ,
1501 1280 1628 1314 malunt
1640 1281 1817 1315 Nehuchad-

1062 1335 1177 1365 nezaris
1187 1330 1331 1377 ptimt'im
1345 1355 1354 1370 ,
1371 1333 1427 1377 qui
1439 1332 1472 1363 in
1484 1327 1604 1370 Ioalfflni
1617 1332 1738 1378 partim
1749 1341 1817 1364 ter-

1065 1381 1160 1420 tium,
1174 1381 1294 1426 partim
1308 1391 1462 1425 quartum
1477 1380 1576 1414 cadit.

1111 1432 1284 1463 vanorum
1298 1429 1350 1463 hic
1362 1428 1580 1462 diversitatem
1594 1426 1701 1463 minus
1714 1429 1810 1463 mira-
1834 1431 1960 1471 Scaliger-3*

1064 1490 1148 1511 mur.
1160 1490 1234 1513 cum
1246 1478 1425 1512 eorundem
1436 1477 1452 1512 32
1464 1475 1571 1524 seipsis
1583 1475 1812 1512 dissonantiam
1834 1472 1851 1501 ἷῑ
1863 1474 1941 1511 [9Ῥρ
2002 1510 2009 1517 Ὗ

1063 1529 1239 1560 intuemur.
1266 1530 1441 1574 Scaligermn
1455 1537 1568 1563 taceo,
1587 1529 1678 1570 cujus
1690 1526 1814 1573 ubique
1834 1512 1956 1561 diffisum-

1064 1589 1137 1611 cum
1149 1573 1254 1622 seipso
1269 1576 1467 1611 discordiam
1479 1575 1600 1620 Jcsuita
1613 1578 1743 1611 petavius
1753 1578 1815 1610 im-
1835 1595 1970 1631 ,am-„pm

1064 1624 1239 1673 postumius
1252 1637 1397 1664 venatur,
1406 1624 1519 1658 nasum
1533 1624 1575 1659 ad
1588 1625 1816 1673 sanguinisex-
1837 1635 1948 1674 munifi,
1969 1627 1972 1635 ¹

1063 1673 1258 1722 preslionem
1270 1674 1429 1720 injuriose
1441 1686 1640 1721 emungens,
1652 1675 1743 1709 nullo
1755 1676 1819 1709 alio
1861 1674 1864 1678 ’

1065 1723 1129 1757 fine
1143 1722 1240 1769 quam
1253 1735 1288 1758 nt
1302 1727 1335 1757 in
1349 1724 1464 1757 invida:
1482 1714 1542 1756 suae
1566 1721 1733 1758 societatis
1745 1737 1822 1772 gra-

1066 1774 1144 1808 tiam
1166 1773 1207 1808 de
1232 1772 1351 1820 magn&
1370 1773 1427 1807 viri
1441 1775 1574 1806 maximi
1593 1771 1698 1822 gioria⁴
1709 1773 1823 1809 detta-

1067 1823 1122 1858 hat
1144 1839 1155 1858 ι
1182 1824 1247 1857 Hic
1269 1823 1405 1869 quidem
1418 1822 1459 1857 de
1471 1824 1716 1857 Emendatione
1736 1835 1823 1857 tem-

1070 1886 1187 1921 porum
1210 1871 1306 1907 lib.6.
1329 1871 1423 1917 hujus
1443 1870 1824 1920 septuagciiinaeprinci-

1070 1924 1158 1971 pium
1171 1924 1268 1971 ponit
1279 1924 1310 1957 in
1323 1925 1432 1970 primo
1446 1923 1555 1957 iecom'ae
1566 1946 1574 1958 ‚
1592 1922 1725 1968 quando
1739 1919 1822 1954 scili-

1072 1984 1121 2008 cet
1141 1985 1216 2007 cum
1235 1973 1330 2021 Rege
1351 1975 1385 2006 δε
1405 1973 1473 2006 aliis
1488 1968 1598 2010 Ezekiel
1612 1969 1824 2016 Babylonem

1072 2021 1234 2058 deduffiis
1253 2023 1297 2057 est
1312 2047 1321 2062 ,
1348 2033 1417 2055 non
1431 2019 1508 2055 vero
1521 2021 1551 2053 in
1564 2032 1681 2067 quarto
1692 2017 1824 2060 Ioakimi,

1072 2072 1209 2120 quando
1223 2073 1329 2107 Daniel
1346 2083 1419 2105 cum
1434 2069 1504 2103 aliis
1519 2068 1825 2118 migravitBabylo-

1072 2135 1168 2157 nem:
1185 2123 1271 2156 idem
1284 2132 1394 2155 tamen
1405 2119 1490 2154 libro
1500 2120 1620 2164 quinto
1634 2120 1701 2150 vult
1713 2117 1825 2150 Danie-

1072 2174 1126 2205 lem
1149 2175 1184 2205 &
1203 2170 1360 2209 Ezekielem
1383 2167 1477 2201 simul
1498 2167 1666 2199 traduecos
1678 2163 1826 2209 Babylo-

1075 2231 1149 2251 nem
1160 2243 1167 2254 ,
1181 2217 1270 2263 quasi
1282 2216 1403 2254 Ioakimi
1413 2219 1446 2249 δε
1462 2216 1570 2248 ieconiae
1582 2226 1646 2258 una
1659 2217 1692 2248 &
1704 2213 1822 2247 eadem

1073 2264 1179 2299 fuisset
1199 2266 1384 2311 captivitas.
1409 2265 1553 2298 {Mirum
1574 2262 1670 2308 quod
1691 2265 1765 2310 Argi
1789 2267 1825 2298 ἃ

1076 2316 1178 2361 arguti
1191 2314 1321 2359 Jesuitae
1339 2314 1450 2348 Patavii
1462 2310 1690 2346 oculatiffimas
1708 2324 1825 2346 manus

1076 2363 1142 2397 haec
1154 2363 1392 2397 inadvettentia
1401 2361 1561 2410 effugerit.
1741 2405 1745 2409 ι

1126 2412 1237 2458 Qud
1260 2423 1428 2446 mutuatur
1446 2410 1463 2445 32
1481 2413 1588 2445 Polano
1600 2410 1732 2456 Nisbetm
1745 2409 1826 2451 σοφόν
1864 2412 1868 2415 ’

1075 2461 1234 2507 φάρμακον
1252 2474 1322 2495 non
1349 2460 1478 2495 excusat
1497 2471 1640 2493 erratum
1668 2473 1677 2493 ε
1703 2460 1824 2492 eodem

1076 2523 1163 2544 anno
1177 2510 1245 2544 vult
1263 2511 1314 2544 hic
1333 2510 1444 2544 deduci
1457 2509 1652 2554 Babylonem
1664 2511 1698 2542 δε
1711 2510 1826 2541 Danie-

1076 2563 1131 2595 lem
1146 2564 1179 2594 &
1193 2561 1348 2604 Ezekielem
1361 2583 1371 2599 ‚
1394 2558 1434 2591 eo
1448 2557 1540 2604 quod
1550 2557 1638 2590 nulla
1649 2554 1747 2590 fuerit
1758 2564 1826 2591 loa-

1077 2608 1147 2650 kimi
1159 2611 1331 2655 captivitas
1341 2619 1415 2640 ante
1425 2605 1517 2640 suum
1530 2606 1754 2647 undecimum,
1765 2606 1824 2652 qui

1076 2658 1137 2692 fuit
1149 2660 1256 2692 ieconiae
1268 2658 1390 2703 primus
1404 2669 1411 2690 ε
1426 2668 1496 2701 quae
1509 2667 1617 2688 autem
1631 2655 1747 2689 dicitur
1759 2662 1824 2689 Da-

1077 2708 1152 2741 m'elzk
1167 2708 1276 2754 primo
1289 2703 1373 2739 facta
1396 2704 1553 2738 abd-aetio
1571 2706 1692 2747 loalgimi
1714 2705 1824 2740 tertio,

1078 2768 1150 2790 cam
1166 2754 1388 2801 accipiendam
1406 2755 1567 2788 existimat
1584 2766 1651 2792 non
1669 2754 1710 2785 de
1729 2753 1825 2786 tertio

1077 2803 1260 2852 Regni‚sed
1273 2804 1314 2838 de
1327 2804 1424 2838 tertio
1437 2803 1595 2838 servitutis
1605 2800 1725 2844 loalQ'mi
1735 2813 1823 2846 ,quo

1077 2854 1268 2888 tributarius
1297 2852 1461 2887 Chaldaeis
1487 2852 1629 2885 evaserat
1647 2875 1656 2889 ‚
1683 2852 1740 2896 qui
1761 2848 1825 2883 fuit

1079 2903 1188 2949 Regni
1199 2901 1243 2936 sui
1260 2897 1823 2939 undecimus&ult111111s.200321110c

1078 2952 1196 2985 vocavi
1207 2950 1383 2994 φοίςμεικονς
1405 2959 1616 2996 praeterquam
1629 2949 1715 2981 enim
1729 2947 1824 2995 quod

1078 2997 1212 3045 hujusce
1238 2997 1416 3033 Rabbinici
1444 3000 1626 3031 commenti
1654 3009 1823 3045 nunquam

1080 3049 1262 3082 meminerit
1288 3049 1441 3093 Scaliger3
1476 3045 1622 3093 expressis
1649 3049 1822 3093 Scripturae

1079 3096 1183 3131 verbis
1211 3094 1368 3144 effugium
1395 3094 1458 3128 hoc
1486 3098 1691 3131 contradicit.
1730 3096 1821 3129 Nam

1079 3144 1194 3180 Daniel
1206 3157 1274 3191 cap.
1288 3157 1315 3177 1.
1337 3143 1451 3179 vers-1.
1471 3144 1597 3178 disertis
1620 3146 1724 3178 verbis
1736 3141 1824 3177 affit-

1079 3206 1147 3230 mat
1166 3194 1348 3230 addutflum
1368 3193 1397 3228 se
1420 3194 1624 3239 Babylonem
1643 3205 1710 3227 non
1725 3194 1822 3225 tertio

1699 3241 1825 3284 tributi,
