2048 3343
152 467 172 491 S
175 458 259 488 eleusia'
260 470 278 487 ,ε

150 503 211 529 bellu
219 503 279 527 inte-

146 543 254 578 stmuse

147 583 262 621 perdunt.

305 99 381 129 233
663 86 970 125 Ornars

303 164 385 198 adeo
399 160 558 197 vexabant
569 184 579 201 ‚
597 169 632 192 ut
644 157 724 192 nihil
740 157 780 193 ab
791 158 850 192 illis
866 153 969 201 Judaei
981 164 1051 186 rne-

304 223 442 247 tuerent.
455 213 614 258 AEgyptus
623 207 712 243 bello
722 205 806 242 civili
817 202 986 252 permultis
997 213 1052 236 an-

305 264 354 296 nis
367 259 523 307 flagrabat
537 285 546 300 ‚
571 261 710 305 Clepatra
730 256 836 301 quoad
859 253 936 285 vixit
948 251 1050 285 filium

306 311 503 359 Lathyrumin
522 310 632 354 Cypro
653 305 778 340 exulem
799 306 944 349 AEgypto
958 300 1054 335 abar-

308 359 404 393 cebat
416 383 427 400 ‚
455 363 490 394 &
510 359 614 404 copiis
633 355 788 401 inprimis
805 351 996 397 Judaeorum
1008 362 1053 383 re-

307 409 394 455 giam
404 408 492 442 suam
503 405 708 453 tyrannidem
721 399 900 435 curabatur.

353 458 500 492 Seleucida.
521 456 642 488 mutuis
660 453 755 486 armis
782 452 824 483 ita
852 446 884 483 se
905 457 1057 482 contere-

308 505 408 546 bant,
436 517 471 540 ut
491 505 606 539 vicinis
620 504 778 546 majorem
801 495 1056 531 misericordiam

307 556 406 602 quam
421 567 543 588 metum
557 561 741 586 moverent.
767 544 893 597 Gryphzu
915 550 948 580 &
967 544 1056 588 Cyzi-

306 618 386 639 cenus
402 603 513 638 fratres
529 604 567 637 ad
587 611 725 634 mortem
748 594 849 643 nsque
870 598 896 628 le
915 596 1056 628 invicem

306 653 512 688 infestabant.
541 651 650 695 Grypho
662 648 839 682 Heracleam}
850 642 973 678 insidiis
983 642 1057 680 sub-

305 705 387 742 lato,
398 707 467 747 ejus
480 700 564 735 filius
576 700 699 733 Seleucus
711 706 866 742 patruum
877 696 1056 743 Cyzicenum

304 755 339 786 in
351 751 461 798 praelio
478 750 616 783 necavit.
652 745 788 796 Cyziceni
805 742 890 777 filius
909 740 972 775 fuit
990 737 1053 775 'An-

305 803 413 835 tiochus
426 799 487 834 Pius
499 824 508 839 ,
529 796 571 831 sic
580 795 621 830 ab
636 797 807 842 impietate
818 793 924 826 dietus
935 815 945 828 ,
962 789 1055 837 quod

305 860 441 884 uxorem
454 845 583 882 duxillet
594 847 719 881 Selenen,
731 855 801 890 quae
815 843 901 888 prius
913 843 1057 891 Cyziceno

305 900 485 946 patri‚quin
498 895 647 946 &Grypho
659 895 748 928 fratri
759 890 922 936 nupserat,
931 893 981 923 uti
992 890 1057 935 pri-

306 946 398 981 mum
411 946 468 981 suo
479 945 575 993 ipsius
585 939 832 992 frati-irathyrm
844 952 912 985 quo
924 951 980 985 per
991 950 1059 971 ma-

306 1009 390 1031 trem
404 999 588 1042 Cleopatram
608 993 771 1026 abstracta
792 995 825 1025 &
844 991 952 1035 Grypho
968 986 1058 1021 missa

307 1047 364 1080 est.
392 1048 442 1079 De
456 1046 515 1078 hac
527 1046 589 1079 Pius
604 1045 772 1076 Antiochum
784 1041 938 1087 Afiatztum
957 1036 1057 1071 sustu-

305 1096 356 1135 lit,
368 1097 435 1141 qui,
446 1096 522 1129 dum
535 1103 684 1140 regnaret
695 1093 727 1124 in
744 1089 832 1136 Syrizi
843 1087 1059 1138 Tygrane5‚de-

308 1145 397 1178 lituit
415 1146 450 1177 in
472 1141 547 1177 Asia
566 1142 705 1176 Minori.
751 1142 814 1173 Pius
834 1138 888 1172 hic
914 1139 1059 1172 Seleucum

310 1193 400 1229 bello
413 1195 539 1227 vinitam
558 1192 590 1224 in
604 1191 758 1225 Ciliciam
774 1188 898 1235 expulit
909 1211 918 1226 ,
937 1185 994 1220 ubi
1007 1193 1056 1220 Se-

306 1246 396 1277 leucus
407 1243 483 1277 dum
497 1241 541 1275 ad
559 1241 772 1287 reparandum
785 1236 961 1271 exercitum
974 1234 1058 1267 seve-

307 1291 341 1326 re
355 1293 451 1325 nimis
465 1288 673 1337 Mopsuestiae
687 1288 839 1335 pecunias
851 1285 1004 1330 exigeret,
1017 1281 1058 1316 ab

307 1342 493 1389 insurgente
505 1338 602 1387 plebe
613 1349 686 1372 cum
705 1336 766 1371 suis
783 1337 816 1370 in
829 1333 959 1369 theatro
972 1334 1060 1367 vivus

309 1389 355 1424 est
368 1400 612 1424 concrematus,

357 1442 468 1489 Grypho
479 1449 593 1487 praeter
602 1438 747 1472 Seleucum
759 1445 899 1482 quatuor
909 1429 960 1466 alii
970 1442 1059 1466 erant

304 1486 386 1529 filii,
399 1500 543 1535 quorum
555 1486 685 1521 historia
702 1484 774 1518 satis
786 1485 830 1518 est
846 1494 912 1516 tam
924 1480 964 1515 ab
977 1482 1057 1514 anti-

303 1539 377 1584 quis
388 1537 488 1584 quam
502 1533 741 1571 recentioribus
754 1535 904 1567 intricata
915 1555 925 1572 ,
943 1529 985 1565 sic
996 1542 1058 1564 nos

304 1599 377 1622 eam
395 1587 503 1635 paucis
523 1583 674 1630 expedire
687 1594 859 1619 conamur.
890 1581 1059 1615 Secundus

303 1647 458 1671 natorum
472 1636 577 1681 Gryphi
590 1645 667 1668 cum
676 1632 724 1669 Pio
739 1633 916 1671 dimicans,
931 1631 1055 1664 exerci-

309 1696 381 1720 tum
402 1684 544 1720 simul&
557 1683 657 1718 vitam
669 1680 787 1716 amifit.
814 1679 891 1715 Post
902 1691 977 1713 eum
989 1690 1055 1713 ter-

307 1736 372 1769 tius
384 1737 522 1782 Philippus
541 1731 686 1780 aliquam
704 1733 798 1778 Syriae
810 1741 936 1778 partem
956 1740 1057 1762 occu-

306 1785 413 1831 pavit,
433 1786 532 1819 etiam
546 1793 678 1830 quattus
691 1781 852 1816 Demetrius
864 1779 979 1826 Lathyri
999 1778 1058 1811 mi-

304 1834 361 1867 lite
393 1834 538 1867 munitus
563 1844 727 1866 coronam
754 1830 870 1864 induit.
909 1828 1059 1873 Uterque

307 1880 408 1916 frater
420 1891 533 1916 contra
545 1884 624 1915 Pium
638 1879 839 1927 belligeravit
850 1902 858 1915 ,
875 1876 984 1910 donec
999 1880 1058 1911 Pius

308 1930 558 1966 Galadenorum
588 1930 752 1976 Reginam
776 1938 892 1962 contra
918 1924 1055 1961 Parthos

305 1981 469 2026 adjuvans
489 1981 523 2012 in
547 1980 660 2027 praelio
685 1977 846 2013 cecidillet
865 1994 874 2016 ς
903 1976 1059 2022 Astaticum

305 2027 411 2078 pusllli
424 2030 524 2063 animi
536 2032 689 2073 juvenem
702 2027 770 2072 post
784 2027 815 2061 se
830 2025 1031 2072 relinquens.

353 2081 512 2114 Demetrius
523 2077 539 2112 a
551 2076 785 2113 l'harisaeorum
797 2073 943 2109 faetione
953 2076 985 2107 in
998 2074 1055 2121 Ju—

307 2127 410 2161 daec'tm
421 2137 573 2166 vocatus,
597 2138 720 2175 magno
738 2126 849 2171 praelio
864 2126 1057 2159 Alexandrum

307 2175 484 2210 debellavit
501 2188 509 2208 t
540 2174 595 2208 sed
615 2175 690 2209 cum
711 2175 844 2208 interim
864 2172 962 2206 frater
982 2175 1055 2206 Phi-

305 2227 391 2271 lippus
409 2228 477 2269 ejus
499 2223 662 2257 ditionem
682 2220 859 2260 invasisset,
877 2222 1049 2255 Demetrius,

307 2285 345 2307 ut
355 2272 406 2307 sua
424 2283 568 2307 tueretur
580 2295 588 2308 ,
605 2271 748 2318 Judaeam
766 2268 898 2315 reliquit
912 2292 923 2308 ,
940 2271 974 2301 δε
988 2269 1055 2301 Phi-

305 2324 410 2369 lippum
421 2324 535 2355 Beraeae
555 2319 694 2356 obsedit.
724 2322 846 2353 Verum
861 2329 936 2350 mox
950 2315 1065 2362 Philip.

301 2383 336 2418 po
361 2383 393 2404 in
421 2369 577 2404 auxilium
603 2366 799 2404 advolfirunt
835 2378 902 2400 tam
930 2364 1056 2399 Arabes

1030 80 1506 122 H1sroR101

1097 164 1154 194 tu,
1172 153 1212 188 de
1226 155 1351 202 Philippo
1367 155 1445 202 quid
1463 155 1585 193 saecum
1604 159 1684 195 nihil
1704 163 1788 195 ultra
1802 159 1847 195 le-

1097 205 1219 250 gimus,
1239 205 1364 239 videtur
1381 205 1502 239 morbo
1517 219 1675 254 metuque
1688 208 1848 257 expirfiss'e.

1101 255 1138 286 In
1154 265 1194 287 eo
1214 254 1307 300 periit
1319 266 1391 288 tota
1413 257 1622 303 Seleucistirps
1636 282 1646 298 ‚
1666 257 1776 292 saltem
1799 266 1851 293 Se-

1098 304 1275 338 leucidarum
1291 305 1447 351 Regnum
1460 308 1595 340 interiit.
1625 308 1758 353 Asiaticus
1774 309 1851 354 qui-

1100 351 1173 384 dem
1200 351 1242 385 Pii
1263 352 1347 387 filius
1362 366 1434 387 cum
1447 357 1481 388 in
1498 358 1619 402 angelo
1640 355 1762 390 Ciliciae
1775 367 1850 391 toto

1102 400 1212 445 Regni
1232 407 1366 452 Tygranis
1377 404 1771 440 octodecenniolatuiffet
1783 430 1793 445 ,
1816 409 1852 439 &

1103 451 1231 483 Lucullus
1240 452 1372 485 tandem
1387 460 1515 499 Tigranis
1531 457 1720 501 potentiam
1739 454 1856 503 fregis-

1103 496 1157 551 set,
1168 497 1211 531 ad
1224 500 1321 544 Syriae
1333 502 1490 548 Regnum
1504 503 1726 549 alpiravit‚sed
1737 510 1863 550 Pompe-.

1097 560 1143 591 yut
1153 559 1270 582 ornnes
1281 553 1352 594 ejus
1362 549 1431 597 spes
1444 554 1575 592 accidit,
1588 553 1678 598 Syriz‘i
1688 554 1721 586 in
1731 554 1851 601 populi

1101 597 1466 645 Romaniprovinciam
1478 600 1618 636 redacta.

1150 647 1194 679 Ex
1207 649 1364 682 Alexandri
1377 648 1500 683 ducum
1516 650 1664 698 prosapiti
1679 654 1712 686 δε
1724 652 1849 700 Regno
1859 653 1992 682 *Ptolemai

1103 696 1333 738 Graeciae-niliil
1354 709 1423 732 tum
1435 700 1520 735 aliud
1538 701 1727 734 remanebat
1738 712 1850 747 praeter
1870 692 2000 741 ragidaest

1866 744 1969 762 lnvlcem

1860 774 1979 815 perdunt.

1100 746 1241 792 Lagidas,
1267 749 1302 779 in
1329 750 1471 794 AEgypto
1493 749 1535 783 ad
1546 749 1758 796 paucissimos
1775 750 1849 785 red-

1102 795 1206 826 aeros.
1218 796 1373 829 Ptolemaem
1387 799 1506 846 Physcon
1514 804 1539 833 C
1542 801 1672 845 leopatrae
1683 800 1774 833 uxori
1790 801 1849 834 AE-

1102 853 1239 895 gyptum
1259 842 1390 889 reliquit
1410 847 1601 882 tradendam
1622 851 1672 882 cui
1694 852 1793 884 vellet
1812 862 1851 884 ex

1103 892 1191 926 liliis.
1225 892 1381 926 studebat
1392 893 1447 927 illa
1456 897 1617 930 Alexandro
1626 909 1704 932 natu
1717 900 1851 940 minori,

1103 939 1185 975 seda
1201 942 1328 988 populo
1340 944 1457 977 coacta
1469 944 1513 978 est
1526 948 1681 996 Lathyrum
1694 959 1771 982 natu
1782 961 1853 982 ma·

1101 993 1208 1034 'iorem
1226 991 1501 1038 Regemdicere5
1530 993 1617 1029 hunc
1639 1007 1749 1030 tamen
1776 1010 1854 1031 mox

1103 1040 1229 1087 expulit
1243 1041 1275 1073 in
1291 1042 1452 1088 Cyprum,
1465 1047 1495 1077 ἀ
1508 1043 1680 1092 permultis
1692 1047 1786 1080 annis
1796 1046 1859 1093 ipsa

1105 1091 1252 1136 regnavit
1263 1088 1327 1124 sola
1341 1116 1350 1130 ‚
1364 1091 1475 1126 donec
1486 1093 1621 1128 tandem
1635 1096 1777 1144 Regium
1791 1108 1860 1129 no-

1106 1149 1183 1170 men
1205 1141 1367 1174 Alexandro
1389 1141 1514 1176 tribuit.
1544 1145 1610 1177 Hic
1626 1144 1855 1181 animadverso

1105 1189 1218 1242 matris
1238 1191 1334 1223 ctiam
1356 1187 1398 1224 sui
1413 1188 1543 1226 fastidio
1565 1197 1727 1230 &contra
1738 1193 1872 1229 scinu--

1104 1236 1259 1290 diis,eam
1273 1241 1440 1285 praevenit‚
1453 1253 1685 1289 venenumque
1695 1248 1785 1291 quod
1799 1243 1860 1278 fibi

1105 1284 1156 1319 1lla
1169 1298 1347 1333 paraverat,
1360 1289 1460 1335 ipsam
1473 1289 1586 1325 bibere
1599 1294 1720 1340 coegit.
1742 1294 1858 1341 Popu-

1102 1335 1150 1390 lus
1170 1336 1408 1388 Alexandrinus
1428 1339 1615 1386 praeclarum
1630 1366 1640 1378 ‚
1658 1354 1692 1376 ut
1705 1345 1776 1378 vult
1794 1346 1857 1377 Sa-

1103 1386 1214 1426 ltanus,
1236 1389 1287 1420 led
1308 1397 1343 1420 ut
1362 1387 1434 1428 alii,
1463 1390 1603 1435 impium
1622 1391 1749 1426 facinus
1761 1391 1857 1426 resci-

1102 1432 1192 1468 scens
1212 1459 1222 1474 ‚
1258 1437 1451 1471 Alexandrum
1479 1439 1625 1485 AEgypto
1649 1441 1792 1486 expulit,
1821 1445 1858 1475 &

1102 1485 1258 1526 Lathyrum
1279 1496 1316 1517 cx
1338 1486 1455 1532 Cypro
1477 1487 1519 1520 ad
1543 1486 1659 1520 solium
1673 1491 1856 1524 revocavit.

1103 1534 1264 1567 Alexander
1292 1534 1370 1578 Tyri
1390 1534 1547 1582 expiravit
1560 1563 1568 1576 ,
1594 1534 1761 1571 thesauros
1778 1537 1857 1573 suos

1101 1593 1173 1616 curn
1185 1580 1256 1615 filio
1264 1584 1365 1616 etiam
1378 1586 1536 1620 Alexandro
1546 1587 1786 1622 Romanorum
1798 1599 1858 1623 cu·-

1101 1643 1142 1665 rae
1153 1632 1353 1679 relinquens.

1151 1683 1288 1724 Lathyrus
1302 1694 1370 1716 non
1388 1681 1443 1717 diu
1454 1681 1644 1731 supervixit,
1665 1699 1707 1721 eo
1718 1698 1857 1722 mortuo

1102 1733 1179 1780 Syllae
1198 1733 1233 1765 &
1262 1731 1498 1767 Romanorum
1529 1732 1643 1770 favore
1669 1735 1860 1772 sublevatus

1103 1781 1264 1815 Alexander
1273 1782 1425 1816 Alexandri
1444 1781 1529 1817 filius
1550 1786 1856 1832 AEgyptiRegnum

1104 1830 1279 1876 occupavit
1290 1855 1300 1872 ‚
1315 1831 1370 1866 sed
1385 1832 1547 1879 tyrannice
1557 1834 1711 1881 segerens
1723 1835 1762 1869 ab
1777 1835 1860 1870 Ale-

1102 1879 1263 1913 xandrino
1283 1882 1410 1927 populo
1430 1880 1549 1916 diebus
1564 1883 1800 1918 novemdecim
1813 1883 1856 1918 ab

1102 1929 1198 1962 initio
1211 1930 1329 1976 Regno
1340 1941 1472 1965 necatus
1482 1930 1537 1964 est.
1550 1932 1627 1966 1³0st
1638 1931 1727 1967 hunc
1737 1935 1858 1981 Lathyri

1102 1976 1206 2013 filius,
1222 1977 1401 2014 secundum
1419 1980 1548 2027 aliquos
1565 1980 1708 2023 nothus,
1729 1995 1857 2026 cogno-

1104 2038 1220 2061 mento
1233 2030 1352 2068 Auletes,
1366 2031 1520 2078 Regnum
1532 2029 1673 2076 possedit
1689 2046 1697 2065 z
1715 2033 1748 2064 in
1761 2019 1855 2074 cujus

1102 2077 1172 2111 filio
1186 2079 1325 2128 Dionyſjo,
1339 2077 1468 2125 filiaque
1481 2075 1632 2124 cleopatra
1653 2080 1721 2120 (de
1732 2078 1855 2125 quibus

1100 2124 1199 2173 post)
1217 2127 1392 2177 Lagidarum
1416 2131 1677 2172 Graecorumque
1699 2129 1855 2162 omnium

1105 2175 1292 2217 Principum
1308 2186 1413 2219 genus
1433 2176 1579 2208 evanuit.
1606 2179 1724 2226 Lathyri
1744 2180 1776 2210 &
1790 2179 1858 2212 Ale-

1100 2222 1208 2254 xandri
1225 2219 1325 2255 frater
1348 2223 1473 2256 nothus
1496 2231 1612 2267 Cyrenes
1629 2226 1784 2272 Regnum
1807 2237 1858 2260 te-

1103 2270 1173 2303 nuit
1187 2294 1197 2309 ,
1226 2268 1288 2303 hoc
1309 2269 1362 2305 ille
1383 2274 1528 2305 moriens
1549 2274 1710 2307 Romanis
1737 2274 1855 2308 Testa-

1103 2329 1215 2352 mento
1236 2318 1388 2365 reliquit,
1413 2320 1509 2367 quod
1528 2321 1561 2355 hi
1582 2323 1618 2355 in
1644 2325 1855 2358 Provinciam

1101 2367 1312 2415 redegerunt.

306 2418 405 2466 quam
427 2418 556 2458 Parthi,
585 2420 642 2465 qui
670 2429 805 2464 captum
826 2418 1005 2451 Demetrium
1024 2415 1055 2447 in

307 2468 474 2504 Parthiam
488 2466 643 2503 miserunt
658 2479 666 2500 ε
694 2466 751 2500 ubi
768 2466 785 2501 ὲ
801 2467 972 2499 Mirbrniate
981 2462 1056 2498 satis

304 2516 492 2553 honorifice
511 2516 659 2552 habitus,
687 2528 767 2549 mox
783 2514 904 2549 morbo
925 2514 1055 2548 interiit.

306 2568 434 2603 Exinde
454 2569 488 2601 in
507 2565 594 2613 Syria
603 2578 640 2600 ex
654 2566 801 2601 seleucidis
813 2565 961 2611 regnavit
972 2562 1056 2598 solus

305 2619 462 2665 Philippus,
489 2617 536 2651 illi
557 2615 664 2649 statim
685 2614 824 2660 abripuit
849 2625 885 2646 ex
902 2611 1058 2646 fratribus

1148 2416 1212 2451 Sed
1224 2419 1469 2452 revertamurin
1490 2419 1649 2466 Judaeam.
1683 2424 1852 2458 Alexandra
1871 2423 1991 2455 Arina-

1101 2466 1286 2501 vicinorum
1302 2479 1393 2502 metu
1412 2467 1515 2503 libera
1530 2473 1734 2505 mercenario
1748 2472 1852 2506 milite
1871 2467 2002 2494 h‘dussm·

1100 2519 1130 2550 &
1143 2515 1374 2551 Pharisaeorum
1386 2516 1496 2553 favore
1505 2520 1666 2566 populum
1678 2522 1711 2554 in
1721 2521 1782 2554 altzi
1793 2533 1849 2567 par
1867 2515 1906 2534 “a
1918 2518 1974 2535 ma-

1101 2578 1138 2599 ce
1156 2578 1210 2612 per
1227 2567 1432 2600 novennium
1453 2570 1637 2609 continuit,
1664 2568 1851 2605 seddiutu'is
1867 2556 1999 2616 ιιζῗῖνῗζο,

1102 2612 1332 2654 Pharisaeorum
1345 2615 1559 2650 crudelillima
1570 2619 1754 2654 dominatio
1766 2617 1851 2652 tole·
1868 2628 1972 2658 rebellat.

155 2930 275 2966 Tygranes

154 2975 252 3005 occupat

154 3010 262 3046 syriam.

308 2668 441 2712 quintus
453 2666 605 2700 Antiochus
618 2664 760 2709 Dionyfius
770 2660 983 2701 Damascum,
999 2661 1056 2694 etsi

309 2727 378 2749 non
402 2727 525 2763 magno
546 2714 605 2749 suo
627 2711 836 2746 commodo:
864 2722 937 2744 nam
955 2709 1056 2758 paulo

310 2763 383 2812 post
396 2764 512 2798 contra
529 2761 653 2797 Arabas
670 2758 802 2795 fortiter
824 2771 971 2806 pugnans
988 2766 1057 2793 1)ιο-

311 2814 393 2860 nyfius
410 2823 544 2847 necatus
566 2811 632 2852 est,
656 2814 691 2845 &
708 2817 804 2844 Aretas
826 2808 931 2842 Arabs
951 2808 1058 2842 ditio-

310 2874 386 2897 nem
396 2865 461 2906 ejus
472 2860 708 2895 Damascenam
722 2858 779 2892 suo
793 2860 916 2904 Regno
933 2858 1059 2902 adjecit.

356 2913 422 2957 Syri
436 2912 602 2945 continuis
617 2909 830 2944 Seleucidarum
842 2908 923 2939 inter
935 2906 964 2940 se
975 2918 1055 2940 con-

312 2959 516 2994 tentionibus
529 2958 642 2994 afflicti
654 2983 664 2998 ‚
688 2957 730 2992 de
742 2969 833 2990 novo
844 2966 989 3003 patrono
1001 2967 1059 2989 co—

313 3008 448 3052 gitantes
464 3015 620 3057 Tygranem
645 3007 809 3041 Armeniae
822 3030 833 3046 ‚
859 3005 915 3052 qui
936 3003 1060 3038 Parthis

314 3055 593 3102 Mesopotamiam
606 3061 640 3091 &
661 3057 721 3091 alia
736 3056 852 3102 Regna
871 3054 1041 3088 abstulerat
1052 3078 1061 3091 ‚

315 3114 351 3136 ut
367 3101 426 3135 fibi
440 3105 610 3149 imperaret
629 3105 842 3141 advocarunt.
881 3102 982 3143 Adest
1002 3110 1058 3147 Ty-

307 3163 415 3202 granes
427 3163 500 3186 cum
513 3155 771 3200 quingentorum
786 3151 925 3189 millium
938 3152 1059 3188 exerci-

1086 2661 1164 2696 'rari
1179 2675 1249 2696 non
1271 2666 1393 2710 potuit.
1427 2666 1518 2699 Dum
1540 2666 1614 2714 ipsis
1635 2669 1761 2715 Regina
1780 2680 1854 2714 per-

1103 2713 1247 2746 mitteret
1260 2715 1372 2747 omnia
1386 2737 1395 2752 ‚
1414 2714 1622 2759 illi-inimicos
1632 2717 1718 2757 suos,
1732 2717 1853 2764 quibus

1104 2763 1269 2796 Alexander
1298 2763 1371 2796 Rex
1395 2763 1540 2810 inprimis
1563 2762 1694 2799 favebat
1716 2789 1725 2805 ‚
1749 2778 1852 2800 uuum

1104 2809 1178 2857 post
1190 2809 1328 2845 alterurn
1340 2812 1607 2853 necidedebant,·
1622 2825 1764 2860 cumque
1778 2814 1853 2848 nul-

1103 2862 1154 2894 lus
1170 2859 1290 2894 modus
1300 2885 1309 2900 ,
1324 2861 1432 2895 nullus
1444 2860 1517 2894 finis
1528 2859 1602 2894 esset
1614 2863 1766 2903 caedium,
1779 2875 1854 2897 tan-

1104 2907 1181 2940 dem
1201 2907 1442 2952 conspiratione
1462 2906 1547 2943 faeti}
1575 2908 1759 2958 superstites
1786 2916 1853 2948 Ale-

1104 2955 1209 2990 xandri
1220 2957 1316 2989 amici
1331 2959 1493 3003 Reginam
1508 2971 1626 3004 magno
1640 2973 1780 2995 numero
1791 2963 1852 2995 cir-

1104 3003 1313 3044 cumfistunt,
1340 3006 1380 3039 de
1399 3005 1633 3042 Phanilaeorum
1656 3012 1852 3046 crudelitate

1103 3064 1371 3099 conqueruntur,
1391 3056 1505 3101 &quo
1524 3057 1564 3090 ab
1585 3057 1732 3106 ipsorum
1748 3061 1853 3093 mani-

1105 3103 1165 3137 bus
1175 3102 1271 3136 securi
1282 3104 1314 3136 in
1327 3103 1490 3147 posterum
1503 3108 1661 3149 viverent,
1671 3112 1700 3142 in
1711 3110 1852 3157 propin—

1103 3164 1184 3199 quas
1201 3163 1287 3188 arces
1314 3152 1488 3200 secedendi
1514 3158 1708 3203 potestatem
1737 3157 1852 3204 postu-

1764 3206 1849 3241 lunt<
