2048 3343
138 1918 222 1944 Grotii
236 1922 272 1944 et-

137 1958 190 1984 iam
211 1967 245 1991 (99

138 1997 266 2024 Hamwdl

137 2036 246 2071 abstarda

138 2076 270 2111 explodtm.

138 2122 188 2142 tur.

282 103 330 148 84
643 87 1037 132 OrnxrsH

282 179 409 206 cuerunt
420 166 578 203 Christum
591 167 622 200 in
635 165 743 199 ultima
755 163 844 198 coenii
855 175 919 197 non
932 161 1033 196 omni-¹

282 220 327 254 no
341 216 505 252 comedisse
512 228 624 264 agnum
637 213 825 252 Paschaiem,
844 224 945 260 neque
953 214 1035 259 Azy-

283 266 401 308 ma‚sed
410 266 636 301 soliuncoenam
644 259 1036 299 communem.Absurdum

284 318 347 352 hoc
358 327 570 351 commentum
581 314 625 348 est
635 339 643 353 ,
671 318 702 348 &
716 325 780 346 non
792 309 912 345 tantum
929 321 1037 345 contra

286 367 429 401 omnium
444 365 574 398 aliorum
589 362 837 398 Christianorum
846 385 856 400 ,
882 371 944 394 tarn
959 361 1038 394 anti-

285 427 421 463 quorum
440 413 533 462 quam
551 413 759 446 recentiorum
772 408 902 446 sensum,
929 408 978 444 sed
994 419 1038 443 et-

286 467 345 499 iam
361 475 468 498 contra
481 461 645 509 expressam
659 462 846 508 Scripturam
858 461 932 493 Luc.
943 471 989 492 η.
999 469 1039 502 ¹5·

286 513 452 548 Desiderio
465 512 625 546 desideravi
638 511 700 544 hoc
714 507 822 544 Pascha
835 509 924 542 edere
938 503 1042 540 vobis-

288 575 369 598 cum.
405 562 528 607 Ecquid
545 562 606 594 hoc
625 571 688 594 tam
708 557 882 594 vehementi
894 554 1043 589 desiderio

288 611 431 647 Christus
439 611 481 646 est
490 609 666 645 frustratus?
680 620 754 642 num
763 607 826 640 baec
833 604 923 639 verba
931 604 1042 651 loquu-

289 671 337 694 tus
351 660 395 694 est
409 662 439 694 in
453 659 516 707 ipso
531 661 599 693 aftu
613 655 786 692 celebrandi
799 652 966 688 Paschatis?
980 653 1042 700 ³¹¹}

291 709 345 758 pso
359 710 519 744 cceuaculo
535 712 547 742 Ρ
582 706 667 754 quod
683 704 736 738 suo
749 703 894 737 mandato
908 713 1044 749 paratum

292 771 370 798 erat,
390 756 524 804 expresse
537 757 598 790 hoc
613 755 674 788 fine
689 766 722 787 ut
735 752 842 787 Pascha
851 765 922 786 cum
935 751 991 786 suis
1000 752 1046 786 di-

290 808 407 855 scipulis
421 809 464 840 ibi
475 805 652 840 comederet
664 806 755 838 Matr.
766 808 813 837 26.
822 803 984 848 17.18.19.

337 859 372 890 Iu
390 855 575 902 argumentis
589 866 655 900 qua:
670 865 727 899 pro
742 852 805 886 hoc
818 849 949 886 absurdo
962 849 1049 884 affert

290 907 457 954 Spalatenfis
470 905 550 937 nulla
558 903 600 937 est
609 901 779 937 difficultas.
804 900 925 935 Primo.
938 897 1049 934 Pascha

290 954 530 992 comedebatur,
546 953 661 999 inquit,
675 953 690 986 a
704 950 851 985 stantibus
863 953 894 985 &
906 946 1048 983 festinan-

292 1004 385 1038 tibus.
411 1005 454 1037 At
466 1014 553 1036 coena
566 1001 685 1036 Christi
698 1002 804 1035 ultima
818 997 874 1034 fuit
888 998 1007 1046 prolixa
1020 1002 1050 1033 &

294 1054 444 1087 celebrata
459 1052 474 1087 a
488 1051 670 1086 sedentibus.
689 1086 691 1088 ,
707 1048 801 1097 Resp.
813 1050 911 1083 Statio
923 1053 954 1084 &
967 1047 1051 1082 festi-

294 1104 380 1136 natio
396 1112 479 1136 erant
500 1101 665 1135 accidentia
678 1101 770 1147 primi
790 1097 937 1134 Paschatis
957 1099 1051 1146 AEgy-

295 1153 386 1199 princi
407 1164 474 1199 quae
486 1163 642 1198 nunquam
660 1150 790 1197 legimus
811 1146 895 1182 fuisse
915 1151 1052 1195 repetita.

295 1202 483 1235 Secundum.
508 1203 541 1234 In
555 1200 645 1234 coena
658 1199 775 1233 Christi
790 1195 847 1231 fuit
859 1199 905 1242 jus
917 1198 1053 1232 carnium

297 1251 328 1284 in
344 1264 408 1297 quo
425 1252 507 1297 panis
524 1249 613 1297 Judae
626 1249 711 1282 datus
729 1247 953 1294 intingebatur,
979 1256 1007 1280 at
1023 1247 1054 1279 in

296 1298 438 1333 Paschate
452 1301 558 1333 omnia
571 1309 654 1331 eraut
669 1299 737 1332 aisa,
763 1296 839 1330 nihil
850 1297 985 1337 carnium
999 1308 1054 1328 co-

297 1349 457 1396 quebatur.
472 1347 566 1394 Resp.
578 1347 654 1381 Illud
665 1348 805 1384 ἕμβκμμκ,
818 1345 849 1378 in
862 1346 948 1391 quod
960 1343 1055 1378 Chri-

299 1399 360 1432 stus
369 1398 568 1445 panemJudae
577 1396 776 1431 intinxit‚non
784 1396 898 1439 eratjus
907 1394 1054 1433 carnium,

299 1447 348 1482 sed
360 1458 479 1482 acetum
498 1459 568 1480 cum
583 1445 722 1484 nemeis,
754 1448 786 1479 δε
806 1435 914 1477 amaris
933 1443 1053 1482 herbis,

298 1510 367 1532 cum
381 1497 492 1543 quibus
507 1494 615 1530 Pascha
626 1493 749 1528 comedi
763 1495 778 1528 a
794 1495 870 1527 Deo
882 1492 992 1538 jussum
1001 1491 1054 1526 est.

297 1547 454 1581 Tertium.
468 1544 614 1581 Putabant
623 1542 756 1587 discipuli
765 1542 874 1587 jussum
884 1542 999 1590 Judam
1010 1540 1055 1576 fe-

296 1596 408 1630 stinare
423 1606 454 1628 ut
469 1605 583 1628 emeret
597 1591 755 1626 necessaria
769 1592 807 1626 ad
821 1590 951 1626 festum:
968 1593 1055 1640 Ergo

299 1644 410 1679 festum
424 1642 576 1680 paschatis
589 1643 728 1676 nondum
735 1653 865 1676 venerat.
892 1640 985 1688 Resp.
997 1643 1055 1675 Fe-

297 1695 376 1729 stum
385 1697 576 1739 Azymorum
584 1703 645 1726 erat
654 1690 767 1739 septem
781 1703 831 1725 aut
838 1691 916 1725 οξὶο
925 1691 1054 1731 dierum,

298 1746 415 1791 primus
429 1744 491 1778 dies
505 1744 659 1788 inceperat
673 1766 683 1781 ,
720 1742 819 1775 caeteri
834 1739 1034 1789 sequebantur
1046 1765 1054 1777 ‚

300 1794 337 1828 ad
350 1806 485 1842 quorum
508 1792 750 1827 celebrationem
763 1790 857 1825 multa
871 1801 958 1825 erant
969 1788 1057 1826 disci-

303 1845 381 1891 pulis
394 1843 533 1878 emenda.

350 1896 454 1928 Paucae
468 1892 533 1927 sunt
545 1904 606 1928 tam
619 1892 750 1927 absurdae
765 1890 918 1927 sent-entiae
938 1892 1013 1940 quin
1026 1902 1058 1925 a-

306 1941 408 1989 liquos
428 1941 589 1977 seetatores
609 1942 768 1989 reperiant.
786 1944 874 1990 Httgo
887 1945 1009 1975 Grotius
1021 1940 1058 1974 ad

305 1994 384 2027 Mat.
393 1995 499 2027 26.18.
533 1992 727 2040 Spalascnsem
749 1991 800 2026 hic
824 1990 974 2038 sequitur,
1006 1989 1058 2024 etfi

305 2054 375 2077 eum
388 2054 451 2076 non
464 2042 621 2078 nominet,
644 2053 677 2076 ut
690 2039 752 2086 ipse
764 2041 852 2085 hujus
865 2053 993 2088 quoque
1000 2052 1060 2074 no-

303 2092 399 2126 vitatis
412 2090 506 2125 semet
517 2092 651 2126 celebret
660 2091 832 2124 auCtorem.
857 2091 959 2137 Magis
973 2090 1060 2138 inge-

305 2153 382 2174 nnus
395 2140 438 2174 est
451 2143 515 2185 ejus
531 2139 634 2176 assecla
653 2136 830 2174 Hrzrrlondus
843 2163 852 2179 ‚
891 2141 945 2187 qui
962 2139 1012 2173 hic
1026 2149 1058 2173 ut

305 2189 414 2235 vulgo,
433 2189 549 2223 suarum
558 2189 1059 2223 absurdarumnovitatumincom-

307 2238 470 2284 parabilem
483 2238 555 2271 vere
568 2242 706 2271 Grotmm
719 2236 935 2283 praecursorem
949 2235 1059 2270 fatetur

307 2287 343 2320 ad
359 2290 494 2331 Mar.14.
508 2298 549 2320 12.
570 2288 654 2320 litera
666 2288 706 2320 C.
721 2285 924 2331 Distinguunt
935 2283 967 2316 hi
982 2285 1060 2316 inter

306 2333 416 2370 Pascha
433 2334 528 2372 ου’ωμῳ
539 2336 571 2365 &
582 2338 657 2364 inter
665 2338 848 2370 favnpom‘amoev
865 2345 871 2361 ε
884 2332 1060 2366 hocvolunt

307 2383 468 2418 Christum
483 2380 648 2415 comedisse
656 2381 705 2414 die
713 2379 806 2413 Nisan
819 2379 942 2416 decimo
955 2381 1058 2416 tertio,

307 2446 399 2467 unam
411 2432 540 2466 ηοὸὶειῃ
550 2430 758 2476 auteJudaeos‚
768 2442 833 2463 non
846 2440 947 2464 tamen
954 2427 1060 2465 violas-

308 2482 336 2516 se
349 2484 448 2530 legem
457 2505 466 2520 ,
481 2480 552 2527 quia
561 2477 668 2514 Pascha
674 2479 739 2513 hoc
752 2480 988 2513 memorativum
996 2491 1060 2513 non

308 2530 366 2566 fuit
389 2534 456 2579 lege
480 2529 654 2564 mandatum
667 2553 677 2568 ‚
704 2527 754 2562 sed
778 2528 852 2562 ritus
876 2529 1062 2564 voluntarius

308 2594 372 2629 quo
386 2580 446 2614 fine
459 2579 547 2613 omni
559 2591 640 2625 agno
655 2590 745 2623 panes
758 2578 855 2624 azymi
870 2591 941 2613 cum
957 2578 1062 2612 herbis

309 2631 415 2664 amaris
423 2631 453 2663 in
461 2629 644 2662 memoriam
652 2625 800 2662 paschatis
808 2628 1059 2663 comedebantur.

308 2680 416 2713 Audax
430 2687 660 2716 commentum3
681 2675 767 2723 quod
775 2675 939 2722 Judaeitale
953 2676 1063 2711 Pascha

309 2728 368 2762 fine
379 2727 524 2762 sacrificio
532 2727 563 2759 in
570 2725 1060 2771 terrassabylonicacomedebann

309 2778 393 2811 nullo
411 2778 558 2823 probatur
569 2775 728 2821 exemplo:
747 2776 1063 2822 quantumviscunque

309 2838 409 2861 autem
416 2825 634 2873 superstitionis
647 2823 888 2870 infidelesJudaei
897 2824 967 2871 post
982 2823 1062 2859 suam

310 2876 512 2919 rcjcetionem
520 2884 708 2921 perpetrent,
723 2873 796 2919 quid
804 2873 1063 2908 ad'Christianos?

310 2926 352 2958 Et
367 2925 386 2957 si
395 2938 460 2971 quae
468 2923 553 2957 affert
561 2926 681 2969 ejrotius
690 2947 698 2961 ‚
713 2934 748 2956 ex
756 2924 911 2971 Procopio,
925 2925 989 2966 ejus
1000 2921 1063 2956 sen-

310 2974 434 3006 teutiam
447 2973 484 3007 de
497 2970 636 3007 Paschate
651 2971 711 3005 sine
718 2983 799 3018 agno
808 2969 966 3006 manifeste
975 2973 1063 3018 jugu-

311 3021 386 3054 lant:
417 3033 572 3069 utcunque
599 3020 690 3066 (sicut
713 3021 914 3055 novatoribus
941 3019 1064 3054 solenne

312 3068 373 3112 est)
389 3071 423 3102 ad
437 3069 613 3103 solvendum
633 3070 726 3104 levius
743 3069 887 3109 dubium,
920 3071 950 3104 in
965 3069 1064 3104 multo

312 3118 427 3163 gravius
442 3119 594 3158 incidunt3
616 3118 648 3151 hi
663 3130 694 3152 ut
707 3118 841 3164 probent
873 3120 974 3154 udaeos
988 3120 1062 3166 legi-

312 3167 391 3200 timo
405 3166 452 3201 die
461 3167 696 3214 decimoquarto
705 3167 789 3203 suum
798 3171 840 3204 Pa
854 3168 909 3205 cha
917 3166 1064 3205 celebras-

1066 101 1438 129 ISTORICI

1067 159 1094 196 se
1105 185 1116 202 ,
1145 159 1298 194 affirmant
1312 159 1474 195 Christum
1493 164 1658 200 comedisse
1679 157 1765 201 suum
1777 166 1828 200 die

1068 210 1287 245 decimotertio
1307 209 1472 257 illegitimo
1480 234 1490 249 ,
1523 212 1590 247 imo
1611 214 1687 248 vero
1707 215 1827 251 Christi

1070 256 1183 297 Pascha
1192 271 1257 293 non
1265 256 1350 292 fuisse
1359 257 1479 299 Pascha,
1492 260 1547 295 nisi
1559 262 1685 299 ὁμωνύμως
1692 287 1702 302 ‚
1727 276 1828 311 neque

1072 308 1230 344 omnino&
1243 309 1320 342 Deo
1334 307 1521 346 institutum,
1547 307 1597 344 sed
1609 310 1826 352 voluntarium,

1070 359 1133 393 hoc
1146 357 1206 397 est,
1229 356 1477 404 superstitionem
1489 358 1698 394 voluntariam.
1726 363 1830 411 Qic—

1073 407 1147 454 quid
1169 406 1300 453 fingatur
1322 407 1360 441 de
1380 407 1495 454 Judaeis
1516 407 1721 443 Chananaeam
1742 410 1832 449 habi-

1072 455 1226 494 tantibus,
1256 465 1359 489 tamen
1376 456 1472 490 ullum
1487 457 1630 503 Judaeum
1643 458 1833 506 Hierosoly-

1073 505 1131 538 mis
1155 504 1320 550 degentem
1335 502 1446 539 Pascha
1463 517 1600 552 unquam
1619 508 1781 544 celebrasse
1801 511 1834 542 in

1075 553 1186 600 azymis
1198 556 1230 587 &
1253 551 1358 587 herbis
1372 553 1479 587 amaris
1492 554 1554 589 fine
1568 568 1648 603 agno
1657 581 1668 597 ‚
1700 558 1792 605 idque
1804 559 1836 592 in

1075 603 1124 637 die
1140 602 1378 641 decimotertio,
1403 603 1529 650 quando
1548 605 1638 639 Deus
1652 618 1757 653 azyma
1770 619 1836 641 non

1076 651 1268 699 requirebat,
1287 651 1368 684 nulla
1381 649 1527 699 scriptura
1536 653 1662 700 probari
1675 655 1788 702 potest.

1127 699 1228 750 Qod
1241 711 1384 748 premunt
1396 701 1525 736 Christo
1535 714 1648 751 agnum
1656 703 1835 741 paschalem

1078 761 1161 785 extra
1172 751 1255 785 diem
1267 750 1441 797 legitimum
1453 753 1679 799 expe<standum
1687 766 1752 788 non
1765 752 1839 789 fuis-

1079 797 1108 833 se
1122 799 1139 833 a
1152 796 1358 833 sacerdotibus
1369 800 1401 833 in
1412 802 1531 848 templo
1544 815 1640 850 agnos
1654 815 1764 838 omnes
1778 807 1838 839 Pa-

1080 847 1192 883 schales
1204 848 1420 883 maetantibus.
1454 849 1549 898 Resp.
1568 851 1692 886 Diebus
1710 853 1836 901 singulis

1080 897 1255 933 mactabant
1268 894 1438 932 sacerdotes
1451 899 1483 932 in
1494 901 1613 947 templo
1627 913 1740 949 agnos,
1752 904 1840 936 alias-

1082 960 1142 996 que
1160 946 1293 995 pecudes
1306 948 1562 995 quamplurimas,
1582 962 1657 997 quas
1669 952 1839 986 reddebant

1083 995 1315 1045 quibuscunque
1336 996 1539 1033 offerentibus
1560 999 1767 1035 comedendas
1780 1002 1840 1036 do-

1083 1047 1142 1081 mi:
1163 1047 1255 1094 quam
1270 1059 1346 1094 ergo
1362 1045 1513 1083 facilefuit
1522 1048 1619 1095 pridie
1634 1046 1784 1084 Paschatis
1791 1063 1842 1098 pa-

1085 1094 1252 1131 trifamilias
1264 1097 1342 1143 apud
1355 1109 1448 1144 quem
1462 1096 1605 1132 Christus
1619 1098 1763 1134 ultimum
1776 1112 1842 1134 coe-

1085 1147 1181 1185 navit,
1200 1147 1363 1192 impetrare
1377 1147 1545 1182 ma&atum
1557 1148 1589 1182 in
1600 1149 1721 1196 templo
1729 1161 1842 1197 agnum

1086 1195 1101 1229 a
1117 1193 1272 1229 sacerdote
1287 1195 1364 1229 nihil
1377 1196 1552 1243 inquirente
1570 1197 1615 1231 ob
1628 1211 1709 1246 quos
1722 1198 1798 1233 fines
1811 1211 1844 1232 a-

1085 1257 1162 1291 gnus
1174 1244 1229 1278 iste
1241 1246 1449 1280 comedendus
1463 1246 1551 1288 esset;
1569 1248 1734 1288 Praeterea‚
1753 1247 1775 1282 si
1788 1260 1845 1282 ne-

1087 1306 1228 1339 garemus
1246 1305 1341 1342 agnos
1363 1307 1473 1330 omnes
1498 1294 1651 1331 Paschales
1670 1298 1701 1332 in
1725 1297 1843 1344 templo

1087 1341 1171 1377 fuiffe
1180 1344 1329 1377 mactatos
1342 1344 1358 1377 a
1371 1345 1605 1384 Sacerdotibus,
1630 1347 1781 1380 Philonem
1790 1347 1846 1380 ha-

1089 1393 1230 1427 beremus
1243 1393 1300 1427 hac
1312 1394 1344 1428 in
1357 1406 1389 1427 re
1404 1393 1547 1431 ἱκέψηφόν»
1561 1395 1614 1441 qui
1627 1392 1734 1430 diserte
1749 1395 1845 1430 asserit

1088 1442 1120 1475 in
1134 1440 1214 1476 festo
1223 1441 1372 1477 Paschatis
1384 1454 1495 1476 omnes
1506 1441 1730 1488 patresfamilias
1743 1445 1845 1479 §Deo

1088 1490 1247 1538 permissos
1266 1492 1345 1525 intra
1359 1491 1421 1525 suas
1440 1491 1555 1525 domos
1569 1504 1681 1539 agnum
1695 1494 1827 1528 ma&are
1837 1509 1848 1529 z

1090 1539 1221 1575 fatemur
1231 1540 1395 1588 aliquando
1402 1539 1574 1575 sacerdotes
1581 1540 1718 1577 Paschata
1728 1543 1758 1576 in
1765 1553 1845 1577 tem-

1088 1592 1141 1637 plo
1161 1591 1292 1625 maetam
1307 1589 1429 1625 familiis
1447 1589 1630 1625 distribuiffe
1643 1601 1676 1625 ut
1695 1592 1845 1628 comede-

1087 1651 1191 1674 rentur
1197 1664 1208 1679 ,
1233 1650 1266 1673 ut
1278 1650 1340 1674 tam
1349 1653 1384 1674 ex
1397 1640 1559 1687 Scripturis
1567 1653 1659 1688 quam
1669 1641 1781 1691 Iofipho
1790 1654 1843 1689 pa-

1088 1701 1148 1729 ter,
1175 1688 1224 1723 sed
1249 1689 1280 1723 id
1304 1687 1420 1736 semper
1445 1688 1610 1736 praestitum
1629 1701 1719 1738 negat
1742 1690 1836 1726 Philo.

1092 1738 1192 1788 Qod
1204 1749 1305 1773 autem
1321 1742 1442 1773 Grotius
1458 1738 1611 1773 Philonem
1624 1750 1675 1774 aut
1688 1741 1846 1775 eAlexan-

1089 1789 1211 1822 drumm
1221 1799 1300 1823 taxat
1317 1789 1497 1837 ignorantiae
1511 1789 1599 1836 patrii
1614 1790 1646 1823 iu
1660 1789 1722 1824 hoc
1734 1790 1846 1829 moris,

1090 1837 1210 1873 censura
1223 1837 1267 1874 est
1279 1838 1397 1873 tantum
1411 1851 1470 1886 pro
1485 1839 1634 1886 imperio3
1657 1839 1742 1876 refice
1753 1840 1847 1872 ‘Philo

1091 1900 1160 1923 aute
1181 1888 1372 1924 destruetum
1395 1889 1543 1935 templum
1562 1886 1725 1923 secundum
1743 1889 1848 1924 vivens

1091 1952 1154 1973 non
1161 1938 1279 1974 videtur
1288 1937 1528 1974 circumstantias
1539 1935 1686 1972 Paschatis
1700 1937 1847 1972 omnibus

1087 1990 1200 2038 Judaeis
1210 1990 1386 2037 ubicunque
1394 1986 1565 2026 viventibus
1577 1987 1742 2022 notiffimas
1754 1987 1848 2035 igno-

1090 2052 1155 2074 rare
1166 2038 1306 2087 potuiffc.

1137 2089 1312 2124 Secundum
1324 2087 1464 2123 nostrum
1471 2101 1530 2136 pro
1544 2089 1634 2124 tertia
1645 2086 1790 2121 sententia
1798 2096 1844 2118 ar-
1857 2099 1997 2133 Argumen-

1090 2149 1271 2187 gumentum
1296 2138 1342 2173 est
1360 2152 1397 2173 ex
1416 2140 1512 2185 Joan.
1523 2150 1562 2182 ¹3·
1576 2150 1596 2170 1.
1621 2134 1763 2170 Christus
1777 2134 1845 2168 ulti·
1857 2145 1912 2164 tum
1924 2138 2012 2175 secun-

1092 2201 1174 2222 mam
1186 2187 1268 2223 suam
1281 2200 1403 2222 coenam
1417 2198 1486 2220 ante
1498 2186 1584 2219 diem
1596 2182 1707 2219 festum
1719 2177 1977 2253 Pascha-{Z't’ssf’sfa

1857 2259 1992 2286 communi.

1090 2238 1127 2270 tis
1140 2237 1279 2269 comedit
1290 2258 1299 2270 ,
1335 2235 1397 2267 hoc
1409 2235 1494 2267 aliter
1510 2246 1576 2267 non
1594 2232 1697 2280 potest
1717 2233 1845 2280 intelligi

1090 2283 1183 2329 quam
1196 2283 1283 2330 quod
1297 2281 1439 2317 Christus
1453 2282 1538 2315 suum
1552 2282 1764 2316 Paschaederit
1778 2293 1847 2316 ante

1091 2330 1390 2378 PaschaJudaeorum
1406 2355 1416 2370 ‚
1447 2343 1520 2367 nam
1532 2328 1735 2378 supponendo
1751 2331 1848 2366 Chri-

1091 2379 1171 2414 stum
1183 2384 1214 2415 δε
1223 2380 1350 2428 Judaeos
1358 2380 1467 2414 eadem
1480 2380 1593 2421 noeste,
1609 2380 1706 2429 ez'ique
1714 2381 1852 2429 legitima

1093 2428 1141 2464 sua
1147 2428 1286 2465 Paschata
1295 2428 1459 2465 celebrasse
1468 2443 1477 2469 ;
1485 2429 1577 2465 v'erba
1582 2433 1698 2464 loannis
1709 2442 1773 2464 non
1782 2427 1854 2476 pos-

1093 2477 1155 2514 sent
1163 2480 1289 2525 concipi
1297 2479 1357 2513 sine
1366 2477 1527 2514 manifesta
1534 2477 1853 2519 contradiffione3sci-

1093 2529 1164 2564 licet
1176 2528 1337 2564 Christum
1349 2527 1510 2563 celebrasse
1524 2528 1633 2563 Pascha
1641 2530 1689 2563 die
1699 2529 1851 2576 legitim0‚

1093 2585 1122 2615 &
1135 2590 1239 2613 tamen
1254 2577 1414 2622 antediem
1429 2579 1602 2626 legitimum
1615 2577 1781 2617 Paschati53
1794 2580 1854 2610 Ba-

1092 2632 1201 2668 romhs,
1207 2632 1238 2663 &
1245 2629 1441 2661 Bellarminns
1449 2627 1520 2674 post
1530 2629 1662 2662 Toletum
1670 2626 1856 2674 respondent

1094 2679 1177 2713 diem
1190 2676 1336 2711 paschatis
1347 2674 1420 2711 sumi
1429 2677 1592 2724 aliquando
1605 2690 1664 2724 pro
1676 2675 1850 2712 dienaturali

1093 2727 1199 2774 viginti
1207 2737 1339 2773 quatuor
1346 2728 1492 2760 horarum
1500 2726 1516 2760 a
1525 2726 1643 2774 vespera
1651 2728 1682 2761 in
1690 2724 1851 2771 vesperam:

1094 2775 1258 2823 aliquando
1276 2788 1334 2822 pto
1356 2774 1503 2810 artificiali
1520 2776 1685 2810 duodecim
1707 2775 1853 2807 horarum

1094 2825 1132 2859 ab
1145 2835 1215 2859 ortu
1230 2822 1300 2859 solis
1313 2824 1349 2860 ad
1358 2823 1498 2859 occasum
1506 2839 1516 2865 ;
1535 2825 1623 2872 loqui
1636 2823 1708 2858 vero
1716 2825 1852 2855 loannem

1095 2875 1132 2909 de
1146 2873 1306 2913 artificiali,
1320 2887 1384 2908 non
1399 2874 1536 2908 naturali.
1551 2873 1684 2919 Replico
1698 2884 1720 2906 1.
1730 2870 1853 2905 Distin-

1096 2924 1234 2956 &ionem
1252 2922 1329 2955 hmc
1348 2935 1413 2955 non
1432 2923 1540 2956 tollere
1558 2921 1729 2957 ἒνανπσφκνέε,
1771 2920 1852 2954 celc-

1096 2969 1192 3005 braffe
1201 2969 1363 3005 Christum
1372 2970 1481 3004 Pascha
1490 2969 1631 3016 legitimo
1638 2970 1686 3004 die
1696 2980 1763 3003 ante
1771 2970 1854 3003 diem

1097 3021 1282 3068 legitimum.
1307 3019 1461 3053 Secundo.
1476 3019 1634 3066 Nusquam
1648 3019 1711 3053 dies
1725 3017 1852 3053 Pascha-

1097 3071 1134 3104 tis
1147 3082 1205 3117 pro
1219 3069 1267 3103 die
1284 3067 1430 3102 artificiali
1449 3067 1574 3103 sumitur
1586 3092 1595 3104 .
1629 3081 1699 3102 nam
1714 3067 1764 3101 hic
1778 3065 1854 3101 sem-

1097 3131 1150 3166 per
1161 3119 1269 3165 incipit
1281 3117 1296 3151 a
1310 3130 1398 3151 mane
1413 3117 1595 3164 posteriori,
1616 3121 1647 3152 δι
1660 3116 1733 3152 vero
1749 3116 1853 3150 secun-

1096 3169 1170 3204 dum
1185 3165 1352 3215 expressum
1365 3168 1430 3202 Dei
1439 3167 1631 3207 mandatum,
1647 3164 1853 3201 nihilPascha-

1814 3224 1853 3246 tis
