2048 3343
278 144 328 186 96

275 210 345 261 Cyri
361 206 493 244 tertium
514 207 614 244 vitam
627 209 820 258 produxerit
831 234 841 251 ‚
860 211 1026 257 Scriptura

276 270 373 298 tacet,
385 257 515 294 tantum
527 270 653 294 certum
665 258 808 302 est‚sicut
819 271 894 293 cum
907 260 1026 293 Ieremia

275 309 402 356 aliquot
414 320 517 342 annos
528 333 537 347 ‚
554 309 600 343 ita
615 321 691 343 cum
702 308 831 354 EzeQele
841 309 948 356 plures
962 309 1026 341 Ec-

275 354 567 394 clefiaeinservi'iffe.

417 455 720 494 QUAESTIO
763 457 889 484 XLv1.

271 528 278 573 ζ
297 534 380 564 Num
392 528 510 563 historia
524 523 807 574 Susannaeexfizc'ra
817 526 1018 577 chronologia,

564 579 706 626 refutetur
716 582 730 610 ?

356 657 524 699 Uaeritur,
547 660 598 693 An
621 670 691 704 quae
713 659 801 690 Dan.
818 665 869 699 13.
888 654 1027 689 traditur

359 709 553 756 Apocrypha
564 707 693 741 historia
704 700 845 749 Susanna,
855 717 931 738 cum
943 703 1026 738 sacra

274 753 505 806 Chronologia
518 754 611 801 possit
622 753 792 788 consistere
804 756 817 787 ?
845 752 944 800 Resp.
956 753 1024 787 Ne-

271 814 442 852 quaquam
454 804 545 841 vero.
580 802 798 838 Mendacium
813 806 845 836 ὃ(
860 801 1025 835 fabulato-

271 863 347 887 rum
368 854 547 889 hominum
566 853 698 888 interest
712 850 771 887 csse
787 850 880 885 valde
895 862 1026 884 memo-

233 940 238 945 ,
271 909 342 942 res,
359 906 493 947 parvula
513 904 599 939 enim
617 905 700 937 rima
711 899 948 948 perspicacibus
960 900 1026 933 lata

271 947 413 989 fenestra
425 950 511 986 solet
521 950 582 987 esse
594 951 636 986 ad
649 950 851 998 prodendam
867 953 901 984 &
913 948 1027 996 explo-

273 998 420 1035 dendam
431 999 559 1041 totamss
577 1013 678 1048 quam
693 998 750 1047 ipsi
763 997 821 1034 fibi
832 999 959 1047 egregie
971 997 1027 1032 visi

272 1046 348 1082 sunt
367 1048 566 1085 contexuisse
591 1048 764 1084 falsitatem
777 1074 785 1083 .
831 1050 948 1082 Praeter
967 1047 1027 1092 alia

272 1110 468 1146 argumenta
485 1099 527 1134 ad
541 1099 667 1134 hancce
680 1110 739 1146 prae
754 1097 907 1131 manibus
920 1095 1025 1131 fabel-

272 1146 337 1180 lam
347 1146 770 1184 falsitatisconvincendam
784 1172 792 1187 ‚
810 1146 883 1181 satis
902 1147 947 1180 est
961 1147 1028 1180 haec

272 1208 341 1230 una
355 1198 608 1246 Chronologica
620 1197 875 1233 demonstratio.
897 1197 1024 1243 Capitis

271 1245 364 1281 istius
379 1261 432 1295 13.
450 1247 558 1283 versus
569 1259 629 1295 45.
643 1259 720 1281 cum
733 1253 789 1291 65.
805 1248 944 1281 collatus
957 1250 1025 1281 Da—

271 1297 376 1332 nielem
390 1294 492 1331 efficit
512 1299 686 1344 puerulum
703 1297 785 1331 dum
799 1308 932 1344 regnare
945 1297 1025 1328 inci-

269 1356 362 1392 peret
374 1350 467 1392 CJyrm.
503 1349 589 1381 Veta
601 1357 712 1380 autem
724 1358 761 1380 ex
774 1347 867 1386 variis
881 1345 1027 1391 Scriptu-

269 1395 315 1427 ris
331 1396 512 1430 Canonicis
527 1394 808 1443 Chronologia,ut
816 1407 852 1430 ex
864 1393 1028 1441 praedistis

270 1454 431 1492 apparet,
454 1457 524 1479 non
542 1446 662 1492 patitur
683 1446 834 1479 Danielem
849 1456 939 1477 anno
955 1445 1029 1492 Cyri

271 1497 324 1529 vel
345 1496 454 1541 primo
476 1495 642 1528 minorem
667 1491 760 1528 fuiffe
785 1493 1030 1540 odrogcnari03

273 1540 333 1576 ista
358 1554 470 1577 autem
509 1542 605 1578 fimul
634 1542 805 1577 consistere
838 1553 1028 1589 nequeunt.

270 1594 456 1627 Bellarminns
469 1595 502 1626 &
515 1593 568 1626 alii
580 1605 618 1626 ex
626 1591 809 1626 Pontifitiis
825 1616 836 1633 ,
865 1603 901 1626 ut
913 1591 1027 1626 duram

272 1638 572 1680 hancc’mv'lmaalev
593 1642 776 1677 concilient
798 1666 809 1682 ‚
834 1641 918 1676 duos
929 1653 1028 1674 com-

273 1689 398 1725 minisci
416 1701 580 1738 coguntur
589 1694 744 1733 Danieles,
761 1703 864 1725 unum
883 1692 1026 1738 quicum

273 1737 546 1775 Nol-uelo.1dize;are
559 1743 682 1776 vixerat
701 1767 710 1780 ,
737 1745 771 1775 &
794 1741 892 1774 initio
911 1742 978 1784 Cyri
994 1741 1028 1773 in

273 1789 461 1835 capularem
472 1791 679 1826 senecionem
696 1789 836 1824 evaserat
848 1814 858 1829 ,
878 1791 1030 1825 alterum,

275 1840 333 1884 qui
354 1843 422 1887 Cyro
438 1851 593 1887 regnante
612 1842 750 1887 primam
763 1837 894 1872 tantum
909 1838 1030 1873 adole-

275 1886 432 1922 scentiam
450 1889 606 1935 ingressus
621 1890 667 1923 est
686 1914 701 1930 ,s
719 1889 758 1922 cle
772 1890 885 1934 quoin
897 1887 1030 1922 historia

278 1937 430 1983 Sufitnnae.
471 1938 536 1972 Sed
563 1940 696 1973 Torniello
724 1941 757 1972 ἅ
779 1937 849 1970 aliis
871 1935 1030 1984 plerisque

275 1985 467 2020 Pontificiis
485 1988 721 2033 multiplicatio
734 1986 799 2020 haec
818 1989 942 2021 Danielis
965 1999 1032 2021 non

277 2037 388 2083 placet
407 2060 416 2076 ‚
443 2046 562 2082 utpote
586 2035 818 2082 nulloyeteris
840 2035 1031 2084 cujusquam

277 2086 425 2118 arfioris
442 2087 492 2120 vel
512 2086 592 2120 sacri
613 2085 665 2119 vel
685 2086 819 2132 profani
841 2086 1030 2120 testimonio

279 2132 420 2168 suffulta:
431 2133 489 2181 ipsi
501 2147 579 2182 ergo
590 2133 653 2169 alio
665 2136 799 2170 tibicine
811 2136 1031 2183 apocrypham

279 2181 366 2215 hanc
381 2184 481 2215 :edem
501 2183 715 2219 statuminant
732 2209 741 2222 ‚
768 2187 859 2227 ajunt
870 2196 966 2232 caput
977 2186 1032 2221 de·

280 2233 406 2265 timum
433 2234 566 2265 tertium
599 2245 653 2278 per
681 2233 847 2277 Hysteron
874 2246 1032 2280 proteron

281 2291 369 2315 extra
380 2279 471 2314 suum
486 2282 598 2315 locum
610 2280 767 2315 collocati
779 2306 788 2321 ,
803 2286 836 2315 ὃς
850 2283 880 2313 in
894 2293 967 2313 veta
981 2280 1030 2313 hi-

281 2329 381 2363 storia
400 2329 481 2363 flare
492 2328 614 2364 debere
627 2341 703 2363 ante
716 2342 785 2377 cap.
803 2343 830 2367 1.
850 2329 1029 2363 Historiam

281 2380 370 2412 enim
382 2379 510 2423 Sussznnae
521 2380 639 2427 gestam
651 2377 740 2414 fuisse
751 2403 759 2415 ‚
775 2389 950 2425 antequam
963 2386 1031 2413 Da—

279 2430 339 2463 niel
356 2430 389 2461 in
407 2426 679 2466 Nebuchadnezarie
697 2428 912 2476 conspectum
933 2430 1031 2462 venit.

281 2476 392 2522 Qod
415 2489 525 2525 autem
547 2477 686 2525 legimus
710 2491 779 2525 cap.
802 2490 853 2524 13.
879 2479 1031 2512 Danielem

279 2524 522 2560 adolescentem
559 2539 597 2561 ea
631 2526 750 2576 gessisse
788 2527 860 2574 post
888 2538 1032 2561 mortem

280 2575 420 2624 Afyagia,
435 2583 506 2623 Cyro
517 2577 651 2610 ineunte
665 2578 815 2624 Regnum
831 2591 839 2610 .·
856 2579 947 2621 ajunt
959 2588 1033 2624 per-

280 2627 385 2658 tinere
398 2637 468 2657 non
480 2625 520 2657 ad
533 2638 609 2671 cap.
625 2638 637 2660 1
651 2637 681 2670 ς.
699 2625 753 2659 sed
766 2626 895 2658 initium
911 2625 970 2660 effe
981 2638 1033 2658 ca—

279 2676 358 2720 pitis
374 2684 428 2719 14.
456 2675 668 2720 Replicamus
680 2698 690 2713 ‚
710 2674 778 2707 esto
794 2686 851 2720 per
864 2675 1034 2719 Hysteron

284 2733 445 2770 proteron
466 2733 566 2769 caput
591 2736 642 2767 ¹3·
672 2721 855 2756 collocetur
873 2733 948 2755 ante
967 2724 1035 2768 pri-

284 2776 430 2811 murm&
443 2770 524 2806 lianc
537 2770 709 2813 α’μεθιέεέιιν
720 2772 751 2802 in
762 2772 858 2805 Sacro
870 2772 1036 2818 Scriptore

284 2819 406 2866 absque
419 2820 481 2854 ullfi
490 2822 613 2854 ratione
626 2820 840 2854 admittamus
857 2832 864 2853 :
885 2818 1037 2863 praessrca

281 2868 457 2903 secantium
471 2870 555 2904 hunc
570 2869 689 2904 librum
704 2869 849 2913 demam
860 2867 1036 2912 fateamur,

284 2919 365 2953 dum
387 2925 441 2965 63.
459 2916 585 2953 versum
615 2920 728 2966 capitis
760 2932 806 2964 ¹3·
838 2918 991 2952 dividunt
1019 2918 1035 2953 a

282 2964 388 3012 capite
414 2981 467 3014 14.
487 2971 578 3012 cujus
589 2969 786 3015 principium
801 2965 861 3001 csse
878 2967 1033 3002 debebat.

283 3016 340 3048 ista
360 3019 536 3064 largiamur
558 3019 600 3052 ad
629 3030 759 3051 merum
787 3015 1032 3063 beneplacitum

283 3075 500 3109 patronorum
522 3066 730 3114 Apocryphae
748 3068 932 3111 Scripturae.
969 3066 1033 3100 Sed

287 3113 442 3146 volumus
455 3114 673 3161 respondeant
685 3115 742 3163 qui
760 3123 799 3163 63
816 3115 871 3149 iste
889 3114 1032 3149 versicu—

289 3163 338 3195 lus
351 3162 463 3205 capitis
479 3163 752 3211 13.legip0tuerit
764 3177 911 3199 unacum
925 3167 1031 3208 primo

291 3209 406 3256 capitis
431 3209 656 3258 decimiquarti
691 3212 813 3262 absque
849 3212 1032 3249 crassissima

604 132 913 196 Oannts
976 136 1443 176 HtsToR1c1

1076 209 1309 258 Tautologifi?
1343 211 1385 244 Et
1412 210 1491 245 vero
1516 211 1589 260 quis
1612 211 1678 248 sani
1706 213 1831 248 cerebri

1074 256 1210 306 scriptor
1229 260 1350 307 absque
1374 262 1468 293 omni
1487 260 1642 306 woodo-4,
1671 263 1761 298 idem
1774 276 1830 309 pet

1075 307 1166 342 idem
1203 309 1321 344 codem
1360 322 1532 344 momento
1567 311 1794 357 ingeminasset
1817 321 1827 346 Ξ

1078 357 1172 397 Quid
1185 357 1347 392 attinebat
1357 360 1478 394 eodem
1493 358 1618 406 spiritu,
1633 360 1746 394 iisdem
1756 373 1828 395 ver-

1076 404 1125 438 bis
1138 405 1274 440 narrasse
1286 433 1296 447 ‚
1313 408 1429 458 Astyage
1448 419 1588 443 mortuo
1609 417 1715 460 Cyrum
1730 422 1831 444 occu-

1080 452 1162 500 passe
1183 454 1372 495 thronum?
1411 457 1492 505 ergo
1518 459 1625 493 valere
1650 456 1732 503 jusso
1761 458 1829 492 hoc

1075 505 1174 536 etiam
1194 503 1388 552 sophismate
1409 510 1608 553 eloquamur
1629 507 1764 555 aperte,
1783 506 1833 542 fa-

1075 551 1241 592 bulosam,
1252 560 1463 600 nugacem,&
1474 557 1489 590 {1
1501 555 1830 600 Judaeis,boininibus

1076 600 1249 636 vanissimis
1286 604 1366 637 dum
1394 603 1411 638 a
1436 605 1612 647 Scripturis
1644 605 1829 646 discedunt,

1075 649 1258 685 confletam
1286 652 1375 686 illam
1392 652 1447 688 sub
1467 652 1548 688 falso
1578 654 1708 690 Danielis
1729 655 1829 691 titulo

1077 702 1206 748 Susanna:
1216 700 1398 737 historiam.

1211 811 1464 849 QUAESTI
1489 814 1516 840 o
1557 813 1698 842 XLVH.

1112 898 1193 926 Num
1202 891 1347 938 lissoriam
1358 894 1428 927 Beli
1442 896 1478 932 &
1489 895 1651 930 Draconis
1662 895 1796 930 Chrono-

1341 953 1418 999 logia
1430 954 1532 999 refutet
1544 961 1555 986 ἒ

1155 1050 1318 1090 Uaeritur,
1337 1061 1379 1083 an
1398 1062 1470 1096 quae
1483 1052 1601 1086 Danieli
1614 1049 1743 1086 assuitur
1756 1054 1829 1101 cap-¹

1168 1113 1225 1144 14.
1241 1100 1284 1134 de
1302 1101 1368 1134 Belo
1379 1103 1414 1133 &
1429 1108 1559 1136 Dracone
1572 1100 1705 1135 historia
1718 1101 1830 1137 Chro-

1077 1151 1243 1195 nologicis
1262 1147 1447 1183 rationibus
1459 1149 1622 1196 quadret?
1662 1151 1762 1199 Resp.
1788 1153 1830 1186 Et

1077 1197 1145 1232 haec
1157 1197 1577 1247 assumentaChtonologia
1587 1199 1672 1233 sacra
1685 1200 1834 1234 demon-

1077 1247 1154 1281 strat
1163 1249 1351 1296 apocrypha
1370 1264 1381 1292 3
1401 1259 1620 1296 praetcrquam
1634 1251 1722 1282 enim
1737 1250 1834 1297 quod

1080 1297 1244 1344 Propheta
1257 1296 1447 1338 Hizbbakukns
1465 1324 1474 1337 ,
1501 1300 1559 1345 qui
1579 1299 1631 1332 sua
1646 1309 1722 1332 ante
1741 1311 1838 1333 ever·

1076 1344 1145 1380 sum
1159 1349 1321 1393 templum
1336 1349 1485 1381 vaticinia
1494 1347 1837 1394 edidit‚teinporibus

1078 1399 1145 1445 Cyri
1167 1395 1264 1430 Persae
1281 1395 1324 1430 ad
1339 1397 1515 1431 ministeria
1529 1396 1726 1431 messoribus
1743 1409 1836 1431 carn-

1077 1445 1192 1492 pestria
1213 1445 1356 1480 idoneus
1378 1444 1439 1480 esse
1456 1459 1514 1494 per
1533 1456 1663 1481 aetatem
1691 1458 1760 1481 non
1773 1460 1834 1494 po-

1077 1497 1175 1529 tuerit
1190 1519 1201 1535 ‚
1227 1493 1310 1530 ade&
1335 1505 1370 1529 ut
1393 1496 1674 1544 Apocrypbotum
1695 1498 1834 1543 patroni

1077 1543 1199 1592 fingere
1211 1543 1333 1580 necesse
1348 1544 1492 1578 habeant
1503 1570 1512 1584 ,
1526 1557 1561 1579 ut
1571 1544 1711 1579 alterum
1722 1545 1836 1580 Danie-

1076 1596 1130 1627 lem
1150 1596 1193 1627 ita
1213 1598 1247 1628 &
1265 1593 1400 1628 alterum
1418 1592 1626 1636 Habbakulqum
1639 1593 1836 1641 &Propheta

1077 1642 1241 1677 diversum
1262 1662 1271 1684 ς
1300 1645 1374 1678 Hoc
1394 1642 1514 1677 omiss'o
1539 1641 1662 1676 fatetur
1680 1645 1832 1678 Torniellus

1077 1692 1149 1739 post
1165 1695 1250 1727 alios
1273 1718 1284 1733 ,
1310 1700 1420 1743 Cyrum
1438 1693 1526 1726 hunc
1546 1704 1645 1738 quem
1661 1691 1832 1727 &colendo

1077 1744 1141 1777 Belo
1154 1744 1188 1775 δέ
1200 1749 1332 1776 Dracone
1346 1743 1424 1776 alter
1445 1742 1496 1775 ille
1507 1743 1614 1776 Daniel
1627 1740 1769 1776 avertisse
1782 1741 1835 1776 di-

1076 1793 1170 1831 citur,
1186 1799 1253 1824 non
1266 1788 1357 1824 fuisse
1378 1790 1506 1825 Persam
1528 1789 1580 1825 sed
1592 1791 1829 1837 Babylonium,

1079 1842 1342 1876 evilmerodaclmm
1362 1838 1639 1878 Nebuchadnezaris
1665 1840 1771 1874 filium
1796 1843 1832 1875 δε

1079 1890 1234 1937 Baltasar&
1248 1900 1399 1925 matrem.
1435 1889 1601 1924 Persarum
1617 1890 1706 1923 enim
1721 1891 1831 1936 Reges

1080 1940 1261 1974 adorabant
1271 1941 1387 1974 Solem
1401 1943 1434 1974 δέ
1446 1939 1578 1980 Stellas,
1592 1937 1646 1973 sed
1660 1938 1699 1972 ab
1711 1939 1832 1986 imagi-

1081 1989 1176 2024 nibus
1187 1995 1219 2025 &
1233 1989 1577 2025 idolis‚Chaldae0rum
1589 1990 1621 2022 in
1633 1989 1836 2035 primissselo‚

1080 2038 1450 2074 dicunturabhorruiffe.
1461 2038 1550 2073 Utut
1562 2038 1628 2073 haec
1637 2037 1665 2071 se
1674 2035 1833 2078 habeant,

1080 2088 1284 2123 durissimum
1297 2088 1428 2124 videtur
1439 2087 1699 2122 incommodum
1711 2086 1833 2133 absque

1081 2138 1144 2174 ullzi
1163 2140 1354 2173 at1&oritate
1374 2136 1428 2172 seu
1440 2137 1525 2171 sacra
1537 2134 1749 2182 seuprofanfi,
1770 2142 1833 2178 Cy-

1081 2200 1145 2222 rum
1156 2187 1287 2222 Persam
1306 2189 1340 2219 in
1360 2187 1620 2221 Erilmerodaehum
1639 2182 1830 2218 Chaldaeum

1080 2233 1452 2274 transsubstantiat-estis}
1463 2232 1667 2267 Struchionis
1679 2234 1832 2277 cuiquam

1081 2283 1270 2316 stomachus
1290 2284 1466 2331 contigerit
1495 2284 1551 2328 qui
1571 2279 1673 2316 ferrea
1692 2281 1832 2316 absurda

1081 2329 1176 2365 facile
1189 2333 1387 2378 concoquit,
1400 2330 1457 2378 qni
1469 2342 1580 2364 tamen
1592 2332 1623 2365 in
1634 2333 1771 2366 leonum
1784 2333 1833 2366 la-

1081 2393 1153 2415 cum
1165 2379 1312 2414 secundo
1324 2392 1378 2414 aut
1390 2383 1489 2416 etiam
1509 2380 1607 2415 tertio
1621 2383 1729 2415 Daniel
1746 2391 1831 2427 pro—

1076 2432 1186 2474 jicitur
1196 2456 1205 2472 ,
1223 2432 1365 2465 &toties
1379 2431 1453 2465 inde
1467 2429 1660 2464 miraculose
1673 2431 1831 2477 eripitur?

1085 2482 1134 2513 An
1146 2493 1206 2527 pto
1216 2479 1312 2514 libitu
1327 2480 1516 2513 mortalium
1531 2491 1599 2512 tam
1612 2476 1705 2513 facile
1719 2478 1832 2511 multi-

1081 2527 1231 2577 plicanda
1244 2530 1418 2563 miracula?
1451 2531 1555 2563 Verus
1568 2529 1673 2562 Daniel
1682 2526 1787 2572 capite
1799 2532 1831 2560 6.

1084 2589 1191 2612 narrat
1216 2577 1288 2612 sein
1300 2581 1409 2613 lacum
1425 2580 1561 2614 leonum
1573 2575 1590 2609 ὲ
1602 2577 1697 2610 Dario
1709 2575 1831 2615 Medo,

1081 2641 1121 2662 ne
1153 2629 1353 2661 violarentur
1381 2625 1491 2659 edicta
1518 2624 1721 2664 Medorum,
1748 2636 1833 2671 prae-

1084 2675 1255 2721 cipitatum
1276 2689 1297 2714 a.
1311 2677 1420 2709 Daniel
1432 2674 1760 2720 autcmapocryphus
1779 2685 1833 2706 ca-

1084 2725 1150 2771 pite
1176 2736 1230 2768 14.
1258 2735 1396 2757 mortuo
1411 2726 1508 2758 Dario
1525 2724 1628 2757 Medo
1648 2722 1703 2756 seu
1716 2723 1832 2772 Astyage

1084 2774 1101 2807 a
1121 2778 1196 2823 Cyro
1218 2773 1248 2807 se
1267 2774 1650 2821 injeetumpronunciat.
1683 2767 1833 2805 Torn'z‘cllus

1085 2834 1194 2857 autem
1218 2827 1251 2856 δε
1270 2821 1321 2856 alii
1342 2848 1352 2863 ,
1386 2833 1422 2856 ut
1443 2821 1718 2868 Apocryrhorum
1745 2832 1836 2853 men·

1085 2871 1176 2905 dacia
1207 2882 1387 2918 contegant
1406 2897 1414 2909 ‚
1448 2871 1489 2905 ab
1515 2870 1745 2904 Ei’zlmerodacho
1767 2872 1836 2903 Bal-

1083 2921 1206 2965 tliasaris
1232 2932 1323 2967 patre
1347 2919 1452 2953 multo
1471 2931 1544 2952 ante
1569 2918 1618 2951 vel
1633 2920 1724 2951 Darii
1738 2918 1836 2952 Medi

1083 2969 1134 3002 vel
1151 2976 1217 3017 Cyre
1237 2967 1338 3002 Persai
1353 2980 1503 3015 tempore
1517 2968 1676 3011 injetstum
1690 2966 1835 3014 fingunt.

1084 3018 1201 3052 Unum
1229 3017 1405 3051 absurdum
1434 3017 1496 3050 alio
1508 3040 1532 3055 ⁷‚.
1553 3013 1678 3060 utsaepe
1691 3015 1748 3056 sit,
1773 3016 1832 3049 ab-

1081 3066 1180 3100 surdo
1202 3068 1317 3110 majori
1345 3065 1529 3099 sarcientes.
1571 3065 1658 3112 Ergo
1684 3064 1733 3098 vel
1753 3076 1835 3099 unus

1083 3118 1218 3150 veltres
1246 3114 1384 3149 Danieles
1409 3116 1441 3146 in
1468 3114 1602 3147 leonum
1637 3117 1746 3149 lacum
1784 3125 1832 3146 rer

1082 3165 1156 3198 sunt
1177 3165 1315 3211 projedti
1335 3162 1375 3196 ab
1399 3166 1629 3198 evilmerodacho
1647 3188 1656 3200 ‚
1678 3163 1776 3199 Dario
1795 3166 1831 3196 ἅτ

1082 3220 1173 3261 (yso,
1187 3211 1314 3250 diversis
1328 3223 1518 3262 temporum
1530 3211 1706 3248 intervallis
1718 3235 1726 3249 ‚
1737 3212 1834 3257 quod

1736 3271 1838 3296 nemo
