2048 3343
73 736 189 773 Caligula

69 778 193 816 princtpia

67 816 179 857 speciosa.

512 88 590 115 ετ
655 76 1287 118 CHRONOLOGIC1

246 150 278 184 in
294 149 451 182 Gemonias
471 146 635 193 dejicitur:
661 149 751 184 liberi
766 162 877 185 omnes
891 149 1004 184 eodem

243 196 310 232 fato
325 196 446 244 periere
458 222 469 237 ,
494 198 656 246 longoque
679 199 752 246 post
775 210 919 246 tempore
940 200 1004 231 cxi-

243 247 314 281 tiale
326 247 444 281 crimen
463 244 521 282 fuit
532 248 692 295 permultis
705 249 848 282 omnium
857 246 1004 281 ordinum

242 295 330 344 quod
343 297 375 330 in
389 299 454 342 ejus
471 298 644 335 amicorum
653 296 725 331 albo
739 297 957 343 reperirentur.

289 347 365 393 Spes
379 356 467 385 erat,
492 355 621 380 remoto
635 347 747 388 Seiano
756 344 1003 378 Tiberianorum

242 396 385 429 omnium
398 393 543 428 scelerum
551 392 752 434 administro,
767 394 962 429 mutatumiri
973 393 1004 427 in

241 445 354 479 melius
367 443 534 478 Tiberium
543 467 553 483 ,
579 442 628 478 sed
641 442 742 478 statim
754 444 804 478 illa
818 442 882 492 spes
895 443 1004 478 decol-

239 495 323 534 lavit,
336 492 409 528 cum
422 493 519 527 indies
531 493 576 528 vir
588 492 777 541 pravissimus
790 503 894 528 rueret
908 494 1004 540 in'pe·

239 547 307 589 jora
322 557 330 577 ε
356 542 429 577 hinc
435 542 555 590 populo
564 541 679 578 summe
694 542 949 583 exosus‚nemine
958 553 1004 576 ta-

238 605 311 627 men
325 593 356 626 in
368 605 440 626 eum
453 593 619 640 quicquam
627 604 754 630 tentare,
766 592 834 627 imo
842 605 897 627 nec
908 589 1004 626 hisce-

239 655 273 677 re
292 640 363 676 auso
377 667 387 682 ,
413 641 504 689 pestis
516 642 739 678 haecmundiac
751 641 1004 691 septuagefimum

239 704 353 726 annum
361 693 453 726 vitam
467 692 627 739 produxit.

285 741 334 775 Ex
348 744 523 775 Germanici
533 741 604 776 filiis
617 743 712 787 Cajus
722 741 866 789 Caligula
882 742 899 787 ζ
906 739 944 774 sic
957 739 1005 774 di-

240 790 309 824 &us
321 791 409 838 quod
421 791 453 824 in
465 791 665 825 Germanicis
679 789 783 824 castris
797 802 895 830 natus,
913 794 945 825 &
958 790 1005 823 in-

240 850 287 873 ter
302 840 442 887 legiones
456 839 600 874 educatus
614 840 798 875 militaribus
812 841 920 876 calceis
933 839 1004 874 cali-

239 887 347 937 gisque
370 888 388 924 a
411 900 509 923 matre
536 893 708 940 Agrippina
727 890 921 938 Legionariis
935 888 1003 923 sub-

239 938 415 973 blandiente
428 936 605 987 frequenter
613 940 812 986 indueretur)
823 940 852 974 in
859 941 1003 985 juvenem

239 989 350 1036 viginti
364 989 501 1036 quinque
515 1002 668 1023 annorum
682 986 811 1024 evaserat
830 1003 837 1023 ε
866 987 1002 1021 Ttberius

239 1040 332 1072 etiam
345 1039 441 1076 Drusi
451 1037 529 1073 filius
537 1037 738 1074 adolescebat.
758 1038 898 1086 Caligula
906 1049 966 1085 prae
974 1034 1002 1070 se

238 1085 359 1122 ferebat
370 1085 523 1122 summum
534 1100 604 1136 erga
620 1086 776 1121 merium
788 1098 928 1134 patruum
941 1085 1001 1120 ob-

237 1135 389 1185 sequium,
402 1135 601 1185 optimosque
608 1148 711 1170 mores
719 1133 1001 1183 praviffimaeindoli

236 1186 432 1233 praetexebat‚
447 1185 548 1220 donec
555 1186 815 1233 viveretpatruus3
830 1185 942 1219 hinc&
955 1184 1000 1217 ob

236 1235 330 1282 patris
342 1237 517 1269 Germanici
523 1234 686 1283 matrisque
698 1237 866 1284 Agrippinae
873 1234 1000 1282 gratiam

235 1294 324 1318 tanto
336 1285 368 1317 in
381 1295 452 1317 eum
460 1296 566 1319 amore
574 1284 711 1333 flagravit
723 1284 856 1332 populus
863 1308 873 1323 ‚
882 1293 1000 1332 quanto

234 1333 269 1367 in
283 1331 440 1366 Tiberium
452 1334 542 1369 odio.

285 1383 444 1430 Cupiebat
466 1382 603 1417 Tiberius
616 1394 764 1432 nepotem
782 1382 868 1418 suum
884 1378 1000 1431 gemel-

233 1431 298 1466 lum
310 1429 510 1468 successorem
521 1432 721 1474 constituere,
734 1431 785 1468 sed
799 1436 930 1481 cognito
938 1445 998 1479 po-

232 1482 297 1530 puli
313 1483 409 1516 totius
423 1483 454 1516 in
469 1485 582 1528 Cajum
592 1482 713 1520 studio,
733 1487 766 1518 &
780 1493 814 1517 ut
826 1481 998 1521 ferebatur,

233 1529 397 1579 perspesto
405 1533 475 1577 Caji
490 1532 591 1566 multo
606 1532 778 1579 praviffimo
796 1532 942 1581 ingenim
967 1543 1000 1565 ut

231 1579 410 1615 successoris
426 1579 535 1616 scelera
555 1582 756 1616 obliterarent
769 1580 817 1616 sua
830 1606 839 1619 ‚
869 1582 947 1617 nihil
968 1582 999 1615 in

233 1633 350 1676 Cajum
365 1630 493 1665 molitus
512 1631 566 1666 est.
592 1631 678 1667 Cum
694 1632 724 1666 in
738 1643 873 1666 extrema
881 1631 999 1667 senefila

232 1680 374 1715 mortalis
390 1681 522 1728 languor
535 1681 725 1730 occupasset,
741 1686 772 1718 δε
782 1682 899 1716 lethalis
907 1695 998 1730 paro-

231 1728 479 1778 xysmus,omnes
487 1733 600 1776 Cajum
609 1732 803 1766 moribundo
817 1731 998 1767 affistentem

231 1790 267 1814 ut
276 1783 501 1828 Imperatorem
514 1779 693 1823 salutavere3
713 1780 764 1817 sed
776 1792 904 1829 accepto
917 1783 996 1818 revi-

233 1829 348 1865 viscere
364 1829 530 1872 Dberium,
540 1836 572 1867 &
585 1831 688 1867 soluto
696 1830 882 1880 paroxysmo
890 1845 998 1880 exper-

230 1878 318 1927 gisci,
330 1879 432 1915 statim
441 1893 552 1916 omnes
566 1882 597 1915 in
606 1895 722 1930 magno
730 1892 814 1916 metu
822 1881 838 1916 εὶ
847 1883 928 1928 Cajo
936 1881 997 1917 dif-

230 1929 327 1964 fluere
341 1943 349 1965 :
374 1932 471 1975 Cajus
483 1930 558 1967 vero
571 1932 608 1965 ad
623 1932 778 1966 Ttberium
791 1930 996 1981 resurgentem

230 1979 347 2013 intrans
362 1978 565 2027 superinjecta
581 1979 670 2017 faciei
684 1983 781 2017 multa
799 1981 885 2017 veste
898 2006 907 2020 ‚
932 1980 997 2017 fru-

230 2028 292 2063 stra
309 2029 510 2065 reluetantem
534 2032 640 2079 co'e'git
660 2034 763 2066 emori
783 2045 866 2066 anno
890 2031 994 2067 vicefi-

230 2091 288 2112 mo
299 2080 394 2113 tertio
407 2080 544 2127 Imperii,
559 2079 781 2129 septuagesimo
788 2082 905 2119 octavo
916 2083 995 2123 vitaz,

230 2132 262 2164 &
271 2127 390 2162 Christi
403 2129 560 2165 tricefimo
573 2131 700 2166 oetavo.

276 2179 386 2213 Nemo
395 2191 529 2226 unquam
538 2182 648 2225 majori
657 2181 771 2229 gaudio
778 2181 849 2216 cum
858 2183 997 2223 Senatus,

229 2237 295 2262 tum
303 2229 491 2276 populi‚tum
500 2230 730 2264 Provinciarum
738 2233 905 2277 Imperium
913 2232 997 2271 adiit,

230 2277 326 2324 quam
346 2279 441 2323 Cujus
466 2279 607 2326 Caligula
621 2294 630 2314 :
661 2282 837 2314 Germanici
856 2280 949 2326 patris
964 2283 996 2314 &

231 2327 338 2360 matris
350 2329 519 2375 Agrippinae
532 2341 649 2374 magnae
663 2326 787 2363 fuerunt
798 2329 942 2368 virtutes,
964 2333 997 2364 &

231 2372 386 2409 summum
399 2375 597 2422 apudomnes
605 2376 730 2410 ordines
744 2376 893 2412 studium,
914 2376 995 2412 sum-

230 2436 344 2472 maque
357 2425 577 2471 intempestivae
589 2424 744 2474 utriusque
756 2426 865 2460 mortis
873 2424 997 2461 misera-

230 2474 301 2507 tio:
328 2471 389 2521 ipse
408 2474 500 2508 etiam
519 2476 614 2518 Cajus
628 2487 755 2523 magnus
769 2476 807 2510 ad
827 2488 898 2510 eum
912 2475 995 2512 diem

231 2520 332 2557 fuerat
344 2523 467 2557 virtutis
481 2522 652 2564 simulator,
674 2529 705 2559 ὃ(
714 2525 862 2559 vitiorum
870 2522 994 2561 suorum

230 2572 447 2614 diffimulator;
467 2573 636 2620 quinetiam
649 2575 774 2621 Imperii
787 2574 878 2608 initio
891 2577 996 2610 omnia

230 2621 310 2656 boni
324 2622 472 2670 Principis
482 2622 585 2657 officia
592 2623 745 2671 praestitit:
758 2623 806 2659 sed
815 2637 888 2658 mox
897 2627 994 2673 ruptis

230 2669 432 2718 hypocriseos
444 2673 571 2707 vinculis
585 2678 616 2709 &
642 2674 774 2719 disjeffiffl
793 2673 994 2709 fimulationis

230 2719 337 2757 scena,
353 2733 393 2756 eo
406 2722 614 2768 improbitatis
628 2727 659 2759 &
673 2725 813 2759 amentiae
827 2725 993 2771 provedlms

230 2769 291 2810 est,
305 2781 338 2805 ut
350 2771 466 2805 nullum
475 2773 571 2819 magis
578 2772 767 2808 horrendum
776 2775 806 2808 in
815 2773 892 2809 solio
901 2788 993 2809 mon-

230 2819 327 2855 strum
356 2833 492 2868 unquam
513 2821 631 2856 sederit.
677 2824 866 2870 Aliquandiu
887 2826 993 2858 omnia

234 2869 349 2903 ‘Tiberii
359 2872 533 2918 gravamina
546 2872 655 2907 levavit
669 2897 679 2912 ‚
704 2872 736 2905 in
749 2875 859 2906 Senatu
873 2884 906 2906 ut
919 2874 992 2907 civis

232 2919 328 2966 magis
342 2920 434 2967 quam
448 2921 593 2968 Princeps
605 2920 733 2957 verfiitus
747 2921 791 2956 est
805 2946 812 2958 ‚
833 2924 937 2957 matris
960 2926 991 2957 &

232 2965 360 3001 fratrum
373 2970 489 3005 cineres
503 2973 615 3019 magna
628 2973 739 3016 pietate
753 2971 791 3006 ab
805 2970 923 3012 insulis,
938 2971 992 3006 ubi

233 3015 250 3050 a
265 3016 381 3050 Tiberio
393 3019 638 3055 necati&dcfoffi
651 3020 788 3061 fuerant,
803 3023 833 3056 in
842 3022 950 3056 urbem
960 3026 991 3056 &

233 3066 363 3114 Augusti
375 3067 561 3104 mausoleum
575 3073 675 3107 intulit
687 3098 697 3113 ,
716 3074 788 3107 aviae
801 3075 936 3106 Antonia
953 3085 992 3105 o-

233 3129 320 3150 mnes
333 3118 466 3164 Augusta:
477 3118 617 3154 honores
630 3122 787 3163 obtinuit,
812 3122 925 3156 szem'
936 3124 990 3154 Li-

233 3171 344 3214 viaeque
357 3166 452 3215 legata
464 3169 570 3204 omnia
581 3168 711 3207 fideliter
721 3172 880 3220 persolvit,
906 3172 989 3207 mili-

1003 3201 1008 3231 l

1351 81 1383 120 L
1413 80 1488 119 1'13.
1523 67 1573 119 ΙΙ.
1790 89 1805 133 '5

1044 151 1125 185 tibus
1139 154 1171 186 &
1183 152 1304 198 populo
1324 153 1433 201 magna
1446 154 1559 189 viritim
1573 155 1728 201 congiaria
1747 153 1806 188 dis-

1041 200 1148 234 tribuit
1167 214 1174 234 :
1213 199 1262 234 sed
1274 205 1422 237 revocatis
1436 215 1516 251 quos
1531 202 1608 237 urbe
1624 204 1759 238 Tiberius
1772 217 1807 238 e-

1040 252 1151 292 jecerat
1166 248 1384 292 histrionibus,
1401 252 1493 298 paulo
1506 251 1614 299 postin
1628 266 1757 289 omnem
1771 265 1805 287 c-

1041 299 1122 344 rupit
1135 299 1314 334 amentiam.

1098 348 1241 395 Vulgaris
1259 357 1325 383 tum
1339 346 1397 383 fuit
1416 351 1641 394 Imperatorum
1659 353 1801 385 omnium
1815 358 1928 384 Sedmax
1936 368 1961 385 e-

1041 394 1132 428 etiam
1142 398 1284 431 vivorum
1298 396 1433 432 εἰπῆἔωστς.
1461 399 1551 439 lulio,
1570 401 1726 447 Augusto,
1744 402 1801 434 Ti-
1815 396 1957 471 J'fffifbifff

1822 447 1883 463 mrrl
1900 448 1908 463 l
1920 448 1927 462 ι’
1945 446 1968 463 Ι-

1324 495 1330 500 .
1357 495 1363 501 .
1504 497 1509 502 .
1558 499 1563 503 .
1606 498 1612 504 .
1667 500 1671 504 .
1814 486 1884 503 mun!
1894 468 1962 503 „ibn-

1041 492 1132 527 dotes
1144 518 1154 534 ,
1186 497 1218 529 &
1237 494 1420 542 quotidiana
1439 494 1584 531 sacrificia
1604 497 1899 551 institueban-stmm,

1040 441 1118 476 beria
1129 445 1203 480 vivis
1212 457 1245 479 ac
1253 445 1438 487 viventibus,
1446 449 1569 493 templa,
1584 450 1694 488 altaria,
1708 448 1800 484 sacer-

1040 553 1102 577 tur:
1114 541 1163 577 sed
1178 543 1209 578 in
1221 542 1284 578 hoc
1292 555 1404 592 genere
1414 547 1509 590 Cajus
1521 559 1631 580 omnes
1644 545 1802 593 superavit.

1040 594 1126 626 Cum
1146 593 1236 640 Jovis
1255 594 1392 641 imagine
1412 596 1550 640 prolixos
1570 607 1603 630 nt
1621 608 1692 630 cum
1711 595 1802 632 fratre

1040 637 1197 676 sermones
1209 643 1240 676 in
1249 643 1409 690 Capitolio
1421 641 1550 684 ferebat,
1561 659 1630 680 cum
1639 647 1726 693 plena
1736 649 1802 680 Lu-

1038 702 1077 724 na
1091 702 1124 725 ut
1138 704 1237 726 uxore
1251 691 1387 740 fingebat
1400 691 1428 728 se
1442 693 1684 742 conversari,per
1696 704 1801 731 totum

1038 740 1151 775 orbem
1159 742 1339 777 Romanum
1347 753 1379 778 ut
1387 744 1476 779 Deus
1484 746 1636 789 majorum
1646 747 1796 792 gentium,

1039 789 1106 824 imo
1127 801 1159 824 ut
1179 792 1326 827 Deorum
1340 794 1508 834 maximus,
1533 794 1658 828 nemine
1681 795 1802 843 (fiJu-

1038 838 1120 873 daeos
1129 841 1275 888 excipias)
1291 843 1532 884 contradicente,
1542 845 1638 878 cultus
1652 843 1704 880 cst.
1729 847 1800 880 Pie-

1037 899 1080 922 tas
1097 890 1128 923 in
1141 891 1335 936 propinquos
1349 904 1413 926 non
1427 893 1477 926 diu
1492 893 1637 928 constitit.
1677 896 1797 928 <Amo-

1036 941 1120 971 m'am
1138 939 1239 973 aviam
1252 963 1262 978 ‚
1288 942 1358 987 quia
1376 941 1392 975 a
1412 939 1574 977 sceleribus
1588 942 1773 978 dissuadebat
1786 964 1796 983 ,

1035 988 1080 1021 vel
1093 1000 1214 1022 veneno
1228 989 1275 1024 vel
1287 989 1458 1024 voluntaria
1471 1002 1573 1025 morte
1586 991 1710 1028 sustulit.
1728 994 1796 1028 Ge-

1036 1037 1162 1071 mellum
1175 1036 1301 1072 fratrem
1311 1039 1491 1086 adoptatum
1509 1040 1629 1075 szerii
1641 1055 1676 1076 ex
1690 1042 1796 1087 “Druse

1034 1097 1183 1133 nepotem
1197 1089 1297 1122 necari
1311 1089 1457 1136 praecepit
1469 1114 1478 1129 ,
1499 1089 1578 1134 justfl
1592 1090 1622 1123 in
1636 1104 1725 1125 avum
1737 1104 1797 1125 nu-

1034 1137 1125 1170 minis
1144 1137 1303 1172 vindieha:
1328 1150 1398 1172 nam
1421 1138 1562 1172 Tiberius
1579 1142 1796 1188 §jermam'cuni

1032 1183 1143 1228 Pisanis
1156 1189 1187 1220 δέ
1199 1188 1344 1220 Plancina
1355 1199 1449 1234 opera
1461 1187 1598 1223 confecit
1615 1202 1746 1229 venem,
1763 1193 1796 1224 &

1035 1238 1223 1283 Mgrippam
1247 1235 1443 1280 Posthumam
1469 1238 1673 1272 Centurionis
1700 1238 1795 1273 ficarii

1033 1284 1175 1318 manibus
1189 1283 1334 1320 confodit
1348 1300 1355 1320 :
1382 1286 1480 1322 divina
1498 1285 1555 1322 fuit
1572 1288 1645 1322 talio
1659 1297 1692 1323 ut
1709 1291 1795 1337 Seja-

1033 1346 1088 1366 nas
1100 1338 1131 1368 &
1143 1336 1260 1368 Livilla
1271 1335 1411 1379 Drastzm
1424 1337 1571 1373 medicata
1585 1339 1720 1383 portione
1732 1339 1794 1372 tol-

1033 1383 1130 1418 lerent
1141 1407 1151 1423 ,
1176 1388 1207 1420 δε
1217 1384 1312 1428 Cajus
1326 1385 1453 1420 unicum
1465 1388 1561 1431 Drufi
1571 1386 1684 1426 filium,
1699 1387 1794 1421 adeo-

1034 1446 1095 1480 que
1108 1443 1188 1468 totas
1209 1433 1330 1468 Tiberii
1345 1435 1488 1482 reliquias
1507 1436 1695 1470 eradicaret:
1721 1436 1794 1470 hinc

1033 1484 1070 1517 ad
1083 1482 1270 1530 promiscuas
1284 1481 1475 1524 senatorum,
1489 1486 1647 1533 equitum,
1670 1490 1701 1521 δε
1712 1499 1795 1533 quo-

1032 1545 1224 1581 rumcunque
1236 1532 1332 1568 caedes
1339 1531 1452 1582 absque
1464 1534 1548 1569 causa
1560 1537 1686 1570 demens
1698 1537 1794 1582 Cajus

1033 1583 1185 1630 prorupit.

1082 1635 1240 1681 TBajanum
1252 1633 1283 1668 in
1291 1635 1459 1681 Campania
1470 1633 1566 1668 smum
1577 1645 1625 1669 *cer
1633 1634 1717 1673 miile
1730 1633 1792 1669 sex·
1807 1635 1960 1709 Ιψηὶἑξῗ-

1805 1683 1872 1713 ptm,
1937 1688 1959 1703 ι-

1033 1693 1197 1716 centorum
1211 1681 1347 1730 passuum
1360 1682 1511 1718 immenso
1525 1682 1644 1731 sumptu
1653 1695 1750 1732 ponte
1757 1697 1793 1719 ex

1032 1732 1183 1780 colligatis
1196 1733 1327 1767 navibus
1340 1745 1374 1767 ac
1387 1731 1472 1781 super
1485 1732 1707 1781 ingestahumo
1716 1747 1794 1769 con-

1033 1781 1157 1822 stravit,
1184 1793 1217 1817 ut
1235 1785 1365 1816 Xerxem
1377 1785 1409 1818 &
1428 1786 1568 1818 Darium
1587 1785 1618 1819 in
1627 1783 1795 1819 sternendo

1032 1832 1180 1879 pontibus
1190 1831 1398 1881 Hellesponto
1405 1832 1681 1882 supergrederetur.
1696 1836 1743 1870 Ex
1751 1833 1797 1870 vi-

1032 1882 1106 1916 cino
1119 1882 1240 1929 populo
1258 1884 1295 1918 ad
1314 1883 1513 1930 specstandum
1526 1894 1605 1931 opus
1618 1882 1795 1930 perfestum

1032 1931 1210 1966 confluente
1226 1957 1236 1973 ,
1262 1936 1295 1968 δε
1307 1932 1343 1968 ad
1355 1933 1534 1969 convivium
1554 1934 1584 1967 in
1597 1933 1704 1968 littore
1717 1934 1795 1970 invi-

1031 1992 1096 2016 tato
1109 1982 1227 2030 aliquot
1240 1983 1334 2017 millia
1346 1984 1377 2017 in
1391 1995 1474 2017 mare
1487 1980 1695 2031 praecipitavit,
1710 1986 1741 2018 δε
1755 1995 1795 2017 ne

1030 2042 1239 2080 emergerent,
1265 2033 1366 2068 contis
1379 2030 1531 2080 remisque
1545 2045 1560 2066 a
1575 2032 1724 2066 militibus
1738 2032 1794 2065 de-

1030 2083 1123 2129 primi
1136 2081 1289 2117 mandavit
1302 2096 1310 2117 t
1340 2080 1461 2116 sorores
1475 2094 1586 2116 omnes
1599 2093 1659 2116 tres
1673 2080 1792 2116 incesto

1030 2131 1139 2178 stupro
1153 2131 1263 2178 polluit
1280 2145 1289 2165 :
1314 2130 1406 2167 insani
1426 2129 1562 2178 sumptfis
1576 2131 1717 2166 convivia
1731 2129 1793 2165 fre-

1031 2191 1162 2229 quenter
1173 2180 1310 2216 struebat
1323 2207 1333 2221 ‚
1368 2180 1563 2216 nobilissimis
1578 2181 1721 2215 omnium
1738 2193 1792 2214 or-

1030 2232 1138 2265 dinum
1151 2230 1306 2277 utriusque
1318 2229 1403 2265 sexfis
1416 2230 1456 2264 eo
1470 2231 1602 2267 invitatis
1616 2245 1624 2265 :
1651 2230 1794 2264 mulieres

1030 2279 1225 2326 quascunque
1243 2280 1333 2314 libuit
1350 2281 1381 2314 in
1395 2281 1502 2314 medio
1523 2280 1668 2315 convivio
1684 2292 1720 2313 ex
1738 2281 1794 2313 tri-

1029 2329 1127 2363 clinio
1141 2326 1282 2363 seductas
1297 2329 1430 2364 vitiavit:
1456 2328 1615 2376 desponsas
1628 2327 1794 2375 duetasque

1028 2378 1045 2411 a
1055 2375 1227 2412 senatorum
1241 2379 1395 2425 primariis
1411 2380 1586 2425 complures
1599 2379 1719 2424 rapiens
1731 2375 1792 2424 ipse

1029 2426 1125 2466 duxit,
1141 2431 1173 2461 δέ
1186 2428 1288 2474 paucis
1301 2427 1372 2474 post
1385 2427 1492 2462 diebus
1507 2427 1684 2474 repudiavit,

1083 2479 1226 2524 Ingentes
1245 2477 1260 2511 :i
1277 2476 1394 2510 Tiberio
1419 2477 1546 2511 relustos
1571 2474 1728 2511 thesauros
1742 2476 1788 2511 in·
1801 2481 1929 2507 Avaritia.

1028 2535 1073 2559 tra
1087 2528 1175 2560 unius
1189 2527 1257 2560 anni
1272 2526 1398 2573 spatium
1412 2527 1586 2573 abligurivit
1599 2551 1608 2564 ‚
1635 2530 1665 2560 ὃς
1680 2525 1726 2559 his
1741 2519 1903 2560 ἀπ’-ΜΒΝ·

1029 2574 1176 2622 lapidatis,
1185 2586 1218 2608 ut
1230 2573 1431 2610 amentiaesuae
1445 2573 1604 2622 superesset
1611 2575 1697 2623 quod
1710 2588 1788 2610 con-

1028 2623 1196 2659 sumeretur
1209 2649 1219 2665 ,
1245 2625 1280 2659 ad
1295 2637 1407 2659 omnes
1426 2625 1582 2673 quaerendi
1599 2629 1631 2659 ἃ
1649 2626 1786 2672 raptandi

1027 2676 1170 2722 pecunias
1184 2685 1261 2708 artes
1274 2671 1303 2708 se
1316 2677 1468 2709 convertit
1484 2689 1492 2709 ε
1518 2675 1632 2709 civium
1646 2674 1785 2722 locuple-

1027 2723 1156 2759 tiffirnos
1168 2724 1313 2759 confiffis
1329 2725 1509 2759 criminibus
1524 2737 1637 2771 magno
1653 2737 1785 2759 numero

1026 2775 1190 2821 jugulavit,
1206 2786 1238 2809 ut
1251 2776 1282 2808 in
1295 2773 1401 2808 fiscum
1415 2775 1497 2809 bona
1510 2776 1733 2821 redigerentur:
1747 2774 1785 2809 fi-

1028 2827 1034 2856 1
1040 2827 1073 2857 iae
1097 2823 1153 2857 suae
1167 2849 1177 2864 ,
1202 2837 1294 2871 quarn
1314 2825 1434 2859 unicam
1454 2838 1489 2858 ex
1516 2823 1635 2867 [Iasonia
1661 2824 1782 2870 prolem

1027 2872 1160 2906 habebat
1174 2897 1183 2912 ‚
1210 2874 1225 2908 a
1239 2875 1356 2921 populo
1370 2873 1479 2919 stipem
1493 2873 1724 2908 emendicabat:
1749 2885 1783 2909 ut

1025 2922 1312 2970 CalendisJanuarii
1326 2923 1380 2957 fibi
1395 2924 1720 2972 strenccziquocunque
1733 2924 1784 2957 da-

1026 2984 1130 3006 rentur
1143 2972 1235 3008 dixit:
1254 2974 1284 3007 in
1299 2974 1404 3008 omnia
1417 2974 1530 3008 venalia
1541 2998 1549 3010 ,
1577 2975 1607 3007 in
1621 2975 1725 3008 omnia
1738 2974 1782 3008 ci-

1025 3023 1109 3056 vium
1122 3023 1219 3068 capita
1232 3036 1310 3057 nova
1324 3024 1437 3057 tributa
1451 3022 1613 3071 imposuit:
1634 3037 1674 3058 eo
1689 3036 1782 3072 pecu-

1025 3073 1142 3106 niarum
1157 3073 1265 3107 ardore
1279 3073 1425 3120 flagrabat
1440 3098 1449 3112 ,
1475 3084 1507 3107 ut
1521 3084 1684 3109 aureorum
1698 3087 1781 3109 acer-

1023 3122 1066 3154 vis
1084 3121 1173 3156 nudis
1194 3123 1323 3169 pedibus
1346 3123 1569 3162 inambularet,
1596 3127 1628 3158 &
1647 3137 1782 3170 corpore

1023 3180 1094 3206 toto
1108 3171 1343 3209 obvolveretur:
1368 3172 1398 3206 Si
1413 3183 1514 3206 tamen
1527 3185 1636 3208 omnes
1649 3187 1714 3208 non
1729 3175 1787 3211 diu,

1388 3225 1453 3256 Aa
1476 3235 1490 3268 3
1669 3225 1778 3257 imma—
