2048 3343
130 267 220 305 capelli
229 275 262 297 <7

130 311 231 336 Henna

129 350 213 386 Phtlip
230 351 239 376 i

129 399 218 416 errores

121 431 235 468 perpetui.

127 572 225 606 Genesis

125 614 195 641 habet
204 625 238 640 an.
246 631 251 634 -

126 666 169 682 nos
181 666 211 687 23
223 666 232 682 1
239 666 263 683 0.

126 696 229 725 Exodm

126 748 202 765 annos

125 777 188 807 duos.

123 1104 250 1132 Leviticae

122 1156 195 1172 unum

121 1186 230 1220 mensem.

120 1229 229 1254 Numeri

120 1277 196 1294 annos

121 1306 188 1335 duos.

120 1348 234 1376 Demere
240 1366 246 1370 ·

119 1400 225 1417 mmmm

118 1429 178 1457 duos
185 1441 249 1459 men—

114 1471 160 1508 ses.

115 2283 190 2318 *Mose

112 2332 203 2351 mortuo

113 2365 185 2392 nubes
192 2375 248 2392 eva-

112 2408 177 2433 nuit.

110 2488 246 2514 Cirr-amni-

107 2528 145 2563 fio
155 2538 186 2558 <J
200 2531 246 2555 Pa-

103 2567 163 2603 sclm
179 2580 224 2602 40.

108 2611 179 2635 avim}
189 2621 228 2636 m-

108 2651 219 2688 termiffie.

282 107 333 142 44
606 87 918 126 OPERrs

281 161 601 211 quadringentesimo
627 162 897 212 quinquagesimo
930 161 1029 208 septi-

282 226 359 252 mo‚·
381 211 401 246 si
412 211 566 264 Scaltgeri,
578 213 698 255 Calvifiz
709 217 740 248 δι
752 214 861 247 Emmii
870 209 1032 246 calculum

282 261 431 309 sequaris.
459 261 587 309 Capellm
597 276 634 297 ex
647 261 788 310 superius
800 272 917 296 notato
929 273 1033 295 errore

285 312 317 344 in
330 308 689 347 (Abrahammativitate
702 312 788 346 addit
797 311 980 359 sexaginta:
999 314 1032 344 δέ

286 360 432 394 Hem-icus
451 358 605 409 ⁴1²hil1pp1‘,
623 374 659 396 ex
678 362 743 395 alio
760 362 858 395 etiam
877 373 982 395 errore
1001 360 1035 393 in

281 411 412 454 juniore
422 410 550 448 Cainan,
566 410 660 444 addit
671 409 798 457 insuper
808 422 910 445 annos
920 410 1035 457 trigin—

284 469 318 492 ta
343 459 376 492 in
395 459 549 494 omnibus
564 458 624 494 suis
645 459 756 508 postea
772 471 958 508 temporum
969 458 1035 492 cal-

286 509 380 542 culis.

334 556 514 592 Observare
535 555 588 591 hic
605 559 725 602 Genqfin
743 557 912 591 continere
933 553 1036 588 histo-

285 607 364 640 riam
376 619 535 641 annorum
546 607 596 641 bis
607 608 697 641 mille
707 617 926 640 trecentorum
939 607 969 637 δι
981 603 1037 637 de-

285 668 357 690 cem
371 683 380 696 ,
403 654 420 690 a
440 656 552 691 mundi
574 657 629 691 vix
650 656 747 690 initio
765 654 804 687 ad
821 651 930 701 losephi
946 665 1037 688 mor-

284 715 351 739 tem
370 719 378 739 :
406 705 544 740 Exodum
565 705 641 741 verb
672 703 719 747 (si
738 704 804 736 duo
826 705 928 750 prima
949 704 1036 750 capi-

283 766 314 789 ta
324 757 465 803 excipias
476 784 484 795 ,
512 756 568 790 ubi
579 755 717 789 breviter
728 764 953 788 memorantur
964 765 1035 800 quae

281 804 453 839 Isra'e'litisa
472 802 578 852 losephi
593 813 698 837 morte
716 801 755 834 ad
777 804 871 844 Mosts
887 804 1034 836 vocatio·

282 866 358 888 nem
369 855 580 891 acciderunt)
605 851 702 886 habet
712 848 840 885 tantum
853 851 946 885 {sirius
957 851 1034 884 anni

281 907 314 937 &
335 903 374 936 ad
393 902 555 936 summum
578 901 718 935 duorum
748 912 910 935 annorum
929 899 1033 934 histo-

280 953 382 991 riam,
408 952 576 997 plagarum
593 950 710 984 scilicet
737 952 890 996 AEgypti,
918 953 1035 996 &quae

281 1001 388 1046 primo
400 1014 488 1035 anno
500 1002 531 1033 in
543 998 669 1033 deserto
680 997 767 1046 gesta
781 998 867 1038 sunt,
880 998 918 1032 ad
930 998 1033 1033 taber—

281 1049 388 1083 naculi
401 1048 459 1083 sub
472 1058 587 1083 monte
601 1048 683 1082 Sinai
697 1049 908 1083 erectionem.
934 1046 1033 1083 Liber

281 1098 414 1132 Levitici
429 1111 496 1132 uno
510 1097 617 1132 mense
630 1098 751 1132 absolvi
771 1098 917 1137 videtur,
933 1097 954 1131 fi
965 1100 1034 1141 ejus

282 1149 478 1194 principium
523 1160 599 1181 cum
633 1150 830 1181 Numerorum
870 1148 1033 1194 principio

281 1196 440 1231 conferas.
483 1196 584 1231 Liber
609 1197 803 1230 Nummorum
819 1195 1033 1231 Pentateuclii

281 1258 422 1294 quartus,
439 1245 606 1280 historiam
620 1245 715 1280 habet
727 1259 889 1280 annorum
902 1244 1032 1280 tantum

277 1297 417 1331 duorum
432 1319 440 1332 ‚
464 1295 593 1343 secundi
612 1294 731 1330 scilicet
751 1299 784 1329 &
801 1295 1033 1343 quadragesimi

277 1345 317 1378 ab
338 1346 460 1380 exodo.
496 1344 706 1379 Pentateuchi
726 1347 862 1391 quintus
882 1348 1035 1389 Demero-

276 1394 405 1428 nomium
425 1395 563 1429 duorum
581 1394 774 1428 ultimorum
794 1395 869 1429 anni
891 1390 1032 1443 quadra—

276 1445 387 1494 gesimi
401 1443 557 1479 mensium
570 1457 618 1478 res
629 1443 731 1492 gestas
745 1454 918 1478 memorat.

327 1497 363 1527 In
383 1492 511 1528 historia
528 1492 661 1540 profan&
681 1493 843 1528 nihildum
867 1493 1031 1533 occurrit,

275 1544 411 1591 quodin
430 1543 494 1578 hoc
507 1542 740 1591 compendium
762 1540 1030 1581 transcribamus,

275 1605 347 1638 quae
359 1591 495 1628 afferunt
508 1591 559 1627 hic
582 1592 793 1639 Chronologi
811 1591 951 1631 deduehi
963 1591 1030 1627 fere

274 1641 348 1676 sunt
365 1645 479 1677 omnia
503 1655 542 1676 ex
559 1639 676 1687 Eusebzi
701 1642 734 1675 in
753 1641 924 1677 Chronico
943 1641 1031 1691 frag-

273 1693 396 1726 mentis
408 1715 417 1727 ,
427 1704 497 1739 quae
508 1703 624 1738 parum
636 1691 751 1725 attinet
760 1689 812 1726 hic
822 1704 1028 1726 commemo-

274 1753 342 1774 rare
357 1766 364 1780 ‚
387 1752 560 1789 pergamus
570 1739 648 1788 ergo
662 1740 702 1775 ad
713 1751 860 1789 tempora
873 1739 986 1790 Joshuae
997 1745 1029 1777 &

274 1789 418 1824 Indicum.

321 1839 371 1874 Ut
388 1836 526 1885 primum
537 1841 669 1887 triginta
680 1839 746 1874 dies
759 1841 867 1874 lucitus
880 1840 926 1875 ob
937 1842 1030 1885 Mosis

274 1899 420 1922 mortem
442 1887 525 1921 finiti
543 1889 635 1929 sunt,
661 1887 761 1937 Jofhua
778 1890 893 1924 divino
919 1888 1031 1936 spiritu

275 1939 385 1985 plenus
404 1938 562 1984 populum
582 1937 621 1972 ad
640 1938 867 1973 transeundum
883 1939 1031 1975 Iordanem

275 1999 314 2020 ex
334 1986 564 2021 Deimandato
577 1989 772 2033 praeparavit.
799 1989 1028 2035 Exploratori-

275 2035 338 2069 bus
350 2033 559 2070 Hench1mte2i
573 2035 689 2070 Richab
701 2036 831 2072 reversis
844 2061 853 2073 ‚
870 2038 921 2072 die
939 2038 1030 2073 deci·

274 2097 332 2120 mo
344 2085 461 2119 menfis
480 2087 595 2131 primi,
615 2087 693 2121 anni
712 2086 753 2120 ab
766 2085 877 2121 exodo
888 2088 1029 2135 quadra-

273 2132 390 2181 gesimi
402 2136 513 2180 primi,
531 2135 796 2170 antecedentibus
819 2149 894 2171 cum
906 2136 974 2171 arc&
986 2137 1030 2172 fit·

275 2183 473 2218 cei-dotibus,
483 2184 608 2217 Iordanis
617 2183 683 2218 suas
694 2186 774 2231 ripas
787 2188 965 2221 autumnali
977 2188 1029 2221 in-

273 2231 457 2265 undatione
466 2233 615 2278 replentis
626 2234 769 2273 alveum,
780 2232 866 2268 sicco
877 2236 958 2281 pede
969 2249 1028 2282 po·

274 2281 389 2326 pulum
410 2283 545 2325 trajecit.
575 2281 648 2314 Post
676 2284 770 2324 Mosts
793 2293 936 2317 mortem
954 2308 965 2324 ,
993 2294 1028 2318 ut
1049 2310 1050 2314 ,

273 2331 415 2374 primum
436 2330 550 2377 populi
569 2329 700 2364 dnstum
730 2329 839 2378 Ioshua
863 2330 1000 2380 suscepit
1016 2356 1026 2371 ,

274 2378 380 2413 nubes
393 2392 463 2428 quae
475 2378 546 2413 ante
563 2379 808 2414 tabernaculum
823 2382 963 2416 involvit
976 2407 986 2422 ,
1008 2381 1026 2415 εὶ

272 2431 365 2473 cujus
376 2439 469 2463 motu
479 2428 574 2463 castra
588 2430 783 2464 metationes
795 2442 910 2464 omnes
921 2435 953 2465 &
968 2444 1025 2478 po·

271 2479 338 2524 puli
358 2479 473 2512 itinera
495 2478 681 2525 pendebant
699 2502 708 2516 ‚
735 2480 879 2514 evanuit.
920 2483 1025 2515 Prima

269 2539 355 2561 trans
371 2527 518 2562 Iordanem
531 2527 627 2562 castra
639 2527 750 2578 Gi4gale
760 2528 862 2576 posita
875 2527 962 2569 sunt,
978 2529 1026 2564 ibi

272 2576 344 2624 post
357 2576 569 2624 quadraginta
580 2589 742 2612 annorum
755 2577 1025 2613 intermiffionem

271 2623 412 2672 primum
429 2626 655 2665 circumcisio,
667 2631 697 2661 δι
709 2639 786 2661 mox
797 2625 900 2662 tribus
911 2626 1026 2663 diebu&

269 2677 439 2709 vulnerum
455 2676 495 2707 ab
510 2675 568 2708 isto
581 2673 777 2710 sacramento
792 2679 952 2710 curationi
964 2678 1024 2711 tri-

269 2724 354 2758 butis
368 2749 377 2764 ‚
401 2722 516 2758 Pascha
536 2725 665 2757 decimo
685 2735 801 2772 quarto
822 2724 909 2759 istius
926 2727 1022 2773 primi

266 2773 382 2807 mensis
395 2772 593 2807 celebratum
605 2772 660 2806 est.
686 2796 688 2798 v

309 2823 387 2855 Dies
398 2823 544 2856 decimus
562 2823 698 2869 quintus
717 2818 911 2870 fuitprimus
929 2823 1020 2867 Azy-

261 2883 404 2911 morum,
415 2876 444 2905 ἃ
456 2870 678 2906 decimosexto
689 2873 871 2918 manipulus
883 2870 1016 2919 frugum

260 2922 429 2955 Cinanaeae
440 2922 567 2954 oblatus
584 2919 626 2954 est
641 2945 650 2959 ,
665 2932 701 2953 ac
712 2919 746 2953 efi
760 2924 858 2955 noete
877 2921 914 2955 de
925 2932 1013 2956 terrae

258 2970 427 3003 Cananaeae
454 2970 619 3004 frumento
646 2968 1010 3017 populuslsrae'litarum

259 3017 455 3052 vescebatur.
478 3020 629 3067 Sequenti
646 3017 724 3065 crgo
739 3032 833 3053 mane
845 3020 906 3054 diei
926 3020 1013 3054 deci-

261 3067 306 3098 mi
321 3067 445 3111 septimi
459 3069 584 3102 ceilavit
598 3070 799 3107 Manna,n0n
809 3068 947 3116 amplius
957 3082 1013 3104 ne-

263 3112 429 3147 cessarium
447 3129 454 3147 :
479 3115 529 3149 hic
546 3113 744 3151 Hierichuntis
762 3119 842 3151 muri
862 3118 932 3165 post
944 3117 1014 3166 sep-

265 3171 333 3196 tem
362 3162 485 3199 dicrum
506 3167 733 3202 circuitionem
753 3194 762 3207 ,
800 3167 839 3203 ad
862 3166 1014 3202 tubarum

1048 2393 1049 2397 ¹
1071 2381 1169 2415 serere
1189 2382 1289 2429 coepit
1302 2405 1310 2419 ,
1335 2378 1352 2413 ὲ
1369 2392 1437 2428 quo
1456 2379 1584 2428 septimi
1600 2381 1721 2428 quique
1742 2382 1824 2426 Sab-

978 88 1446 127 H1srort1c1

1080 162 1280 209 clangorem,
1298 162 1479 210 populique
1491 160 1700 200 Isra'e'litarum
1710 166 1831 200 clamo-

1081 224 1148 246 rem
1162 209 1213 245 sua
1225 210 1337 257 sponte
1349 223 1551 246 corruerunt.
1602 225 1608 233 ·

1128 261 1340 296 Cananitarum
1351 259 1536 309 subjugatio
1548 272 1697 299 totorum
1709 263 1758 298 sex
1771 275 1832 297 an·
1852 281 1973 318 Septimuae

1081 323 1199 344 norum
1223 309 1337 344 labore
1359 308 1470 356 Ioshuae
1486 310 1655 346 constitit:
1679 326 1753 347 narn
1764 326 1833 347 non
1854 320 1960 358 anans.

1080 370 1153 393 ante
1171 360 1346 404 septimum
1365 359 1382 395 Ξι
1399 360 1531 395 transito
1553 360 1672 395 Iordane
1693 361 1775 397 faRa
1788 362 1832 396 est
1851 363 1906 390 πᾶα
1917 365 1969 392 lar-

1081 407 1238 453 κληςκχίοι,
1250 408 1377 446 homst,
1389 420 1478 444 terrae
1490 411 1616 457 populo
1625 414 1688 455 jam
1704 423 1831 456 pacato,
1851 403 1966 442 ‘¹⁶¹¹‘fi‘i‘

1082 460 1112 490 &
1125 459 1164 490 ab
1177 459 1382 493 inimicorum
1395 459 1560 494 subaetoru
1568 474 1597 494 m
1610 462 1705 494 armis
1717 461 1831 501 libero,
1851 454 1933 511 :xum

1081 518 1135 552 per
1146 508 1263 540 sortem
1274 507 1404 543 divisio:
1431 509 1520 556 quod
1538 509 1708 558 diligenter
1725 510 1835 545 obser·
1887 498 1899 515 n
1918 497 1947 514 κ’

1083 555 1243 596 vandum,
1264 569 1338 592 nam
1359 559 1394 592 in
1410 556 1474 593 hoc
1485 558 1615 593 cardine
1635 560 1768 594 vertitur
1778 572 1834 594 an—

1083 618 1202 639 norum
1216 605 1463 642 Sabbaticorum
1478 607 1741 655 &jubilaeorum‚
1753 622 1836 656 prae-

1084 655 1259 702 cipuorum
1272 655 1522 704 Chronologiae.
1542 656 1715 692 secundum
1730 658 1836 692 Lalvi-

1071 706 1150 747 stum
1163 730 1172 745 ,
1187 705 1404 741 εὴατεᾶετηηι
1415 706 1586 741 certitudo.
1615 709 1737 742 Notate
1747 721 1837 755 ergo,

1081 765 1241 789 uteorum
1261 757 1440 791 terminum
1460 757 1602 802 primum
1620 760 1654 791 &
1672 758 1838 804 originem

1082 801 1135 836 hic
1147 802 1297 851 figamus.
1324 805 1445 851 Jolhuae
1454 818 1523 852 cap·
1541 818 1593 851 14.
1609 819 1643 841 v.
1659 821 1691 852 ς,
1704 811 1735 840 6.
1755 807 1837 840 dum

1850 526 1925 560 χίας.

1081 852 1357 899 triumphatorum
1368 856 1435 897 jam
1456 858 1665 889 Cananitarum
1681 869 1775 904 agros
1786 859 1835 889 Io-

1072 902 1126 946 fica
1144 911 1217 933 cum
1242 901 1389 937 Eleazare
1405 903 1594 939 distribuere
1615 917 1704 951 parat
1725 908 1756 939 in
1781 918 1837 939 ca·-

1080 948 1149 982 ssris
1161 949 1198 983 ad
1211 949 1392 996 Gilgalem‚
1416 953 1540 985 accedit
1552 953 1674 988 Calebus
1686 967 1761 989 cum
1774 954 1834 990 suae

1079 996 1194 1037 tribfis,
1206 1012 1274 1045 quae
1286 998 1348 1032 fuit
1359 999 1443 1034 ludae,
1452 1001 1658 1045 primoribus,
1669 1004 1834 1050 postulans

1078 1046 1256 1081 secundum
1275 1050 1371 1091 Mofis
1384 1046 1573 1094 promissum
1587 1049 1727 1085 Hebronis
1738 1055 1834 1087 terri-

1079 1098 1200 1131 torium
1211 1108 1295 1132 extra
1306 1096 1425 1131 sortem
1436 1097 1491 1132 sibi
1504 1099 1654 1133 concedi.
1664 1103 1698 1134 ln
1710 1104 1835 1136 oratio-

1080 1158 1120 1180 ne
1147 1144 1196 1180 sud
1225 1145 1422 1181 disertiffime
1444 1158 1548 1181 narrat
1571 1147 1712 1183 habuifl'e
1729 1150 1760 1185 se
1778 1164 1834 1185 ex-

1081 1197 1274 1243 plorationis
1285 1208 1454 1243 oempore,
1475 1197 1564 1244 quod
1576 1196 1638 1231 suit
1649 1211 1736 1234 anno
1755 1213 1835 1234 exo-

1080 1247 1111 1279 di
1126 1245 1285 1282 secundo,
1304 1257 1409 1280 annos
1426 1246 1636 1293 quadraginta
1649 1263 1658 1289 ·‚
1672 1251 1702 1282 δε
1715 1248 1836 1284 inte-rea

1080 1294 1156 1329 dum
1178 1294 1305 1329 sortitio
1328 1294 1398 1329 fieri
1418 1295 1517 1342 coepit
1540 1308 1643 1330 annos
1662 1298 1836 1346 o&oginta

1079 1345 1249 1392 quinque:
1273 1343 1351 1392 ergo
1371 1343 1497 1379 sortitio
1512 1347 1604 1379 annis
1621 1347 1835 1395 quadraginta

1078 1395 1222 1441 quinque
1233 1393 1302 1441 post
1313 1395 1566 1440 explorationem
1579 1394 1741 1435 faeta,fuit
1754 1409 1835 1442 qua-

1078 1443 1271 1492 dragefimus
1283 1442 1435 1490 septimus
1447 1443 1519 1491 post
1536 1444 1683 1479 exodum
1697 1469 1707 1484 ‚
1730 1447 1828 1480 adeo-
1847 1453 1952 1489 ltqua-

1077 1505 1140 1540 que
1151 1491 1304 1540 septimus
1323 1490 1486 1528 &transito
1505 1493 1649 1528 Iordane.-
1675 1493 1829 1542 septimus
1845 1490 1963 1543 ‘ingeſs-¹

1077 1542 1130 1576 hic
1140 1555 1243 1577 annus
1252 1541 1428 1578 secundum
1437 1544 1531 1586 Mofis
1538 1543 1789 1579 statutaLevit.2
1798 1556 1812 1591 5
1821 1570 1828 1578 .
1846 1543 1897 1560 ''¹¹‘'
1914 1541 1976 1601 ‘gu‘

1075 1590 1137 1627 fuit
1149 1591 1350 1630 Sabbaticus‚
1360 1595 1391 1627 &
1405 1591 1658 1627 Sabbaticorum
1669 1594 1702 1628 in
1713 1592 1828 1628 Israeli·
1845 1584 1934 1647 2222,

1078 1653 1184 1677 tarum
1200 1643 1287 1690 praxi
1299 1643 1421 1690 primus
1433 1668 1443 1681 ,
1456 1655 1530 1677 nam
1542 1654 1706 1690 utcunque
1714 1642 1755 1677 ab
1765 1642 1832 1691 ipsz'i
1935 1636 1943 1643 ⁸

1075 1694 1240 1726 creatione
1255 1692 1369 1726 mundi
1382 1691 1431 1725 ob
1441 1691 1585 1725 divinam
1598 1693 1742 1739 quietem
1755 1719 1764 1732 ,
1775 1693 1830 1729 die

1073 1740 1213 1788 septimo
1222 1740 1400 1775 Sabbatum
1414 1739 1599 1775 institurum
1610 1737 1674 1775 fuit
1684 1765 1695 1778 ‚
1709 1745 1741 1776 δέ
1753 1754 1830 1778 ante

1077 1791 1187 1837 Moftn
1197 1791 1295 1824 etiam
1314 1791 1398 1824 inter
1419 1793 1501 1832 &ros
1521 1791 1554 1824 in
1576 1789 1697 1825 Labanis
1707 1789 1832 1826 familia

1074 1852 1176 1874 annus
1187 1852 1242 1887 per
1257 1839 1479 1874 hebdomadas
1501 1839 1699 1874 divideretur
1710 1865 1721 1881 ,
1739 1845 1769 1875 &
1781 1841 1830 1876 se-

1074 1901 1160 1936 ptem
1172 1890 1249 1923 anni
1261 1901 1422 1922 annorum
1434 1887 1613 1922 hebdomas
1625 1901 1833 1937 nuncupare-

1075 1949 1149 1983 tur3
1176 1949 1285 1973 tamen
1301 1948 1375 1972 ante
1385 1948 1506 1972 annum
1519 1950 1582 1984 prae
1595 1936 1744 1973 manibus
1756 1940 1830 1973 nul-

1075 1989 1144 2022 lum
1166 1989 1199 2022 in
1220 1988 1307 2034 praxi
1330 1986 1537 2021 Sabbaticum
1555 1988 1698 2034 legimus
1716 2012 1725 2027 ,
1754 2001 1830 2023 nam

1076 2050 1242 2084 nunquam
1264 2035 1337 2070 ante=
1356 2038 1420 2071 Dei
1440 2036 1579 2083 populus
1595 2034 1693 2070 ullam
1706 2036 1737 2070 in
1750 2049 1828 2084 pace

1075 2089 1244 2136 regionem
1259 2085 1408 2133 possedit,
1421 2084 1498 2130 acuj
1505 2098 1537 2118 us
1548 2086 1640 2119 cultu
1650 2098 1762 2121 vacare
1771 2100 1830 2122 an-

1075 2150 1119 2172 no
1129 2136 1265 2185 septimo
1274 2136 1391 2169 voluit.
1416 2136 1467 2169 Sic
1478 2134 1557 2182 erg&
1571 2133 1826 2171 Sabbaticorum

1074 2198 1170 2232 caput
1181 2185 1322 2232 figatur,
1336 2184 1482 2231 Septimo
1493 2182 1565 2230 post
1583 2183 1749 2217 transitum
1762 2183 1825 2218 fuit

1073 2225 1214 2273 sortitio]
1224 2233 1273 2267 sed
1282 2235 1336 2280 qui
1349 2232 1502 2279 sequutus
1511 2231 1553 2266 cst
1565 2231 1648 2266 hanc
1658 2233 1827 2278 κληςεςχίαμ,
1840 2235 1952 2264 onam
1961 2235 1980 2264 ἃ

1071 2284 1206 2317 οᾶῑινυε
1217 2280 1366 2316 sciliceta
1379 2280 1591 2320 transitu,fuit
1602 2283 1725 2329 primus
1734 2297 1824 2328 >ec-›2-
1838 2278 1944 2324 ''wsmff

1070 2333 1158 2373 φίας,
1178 2344 1247 2378 quo
1266 2329 1352 2365 suam
1374 2329 1504 2378 quisque
1523 2330 1639 2366 sortem
1664 2333 1770 2366 colere
1789 2337 1823 2366 &
1836 2318 1955 2395 5335?

1129 2432 1135 2438 .
1334 2430 1340 2437 .
1463 2430 1469 2437 .
1512 2430 1517 2436 .
1606 2432 1611 2437 .
1798 2433 1803 2438 .
1841 2409 1977 2438 musng-

1071 2430 1195 2465 bancos
1215 2434 1247 2465 &
1264 2428 1377 2477 septies
1391 2430 1518 2477 septimi
1539 2429 1690 2477 Jubilaeos
1701 2431 1825 2465 constr-
1843 2441 1913 2474 stuc.

1048 2499 1049 2502 =
1071 2480 1219 2514 tuebant.
1253 2478 1438 2514 Secundum
1453 2478 1507 2513 has
1521 2481 1662 2513 rationes
1674 2481 1826 2514 octavum

1069 2528 1085 2564 a
1103 2529 1237 2564 transitu
1263 2541 1337 2562 cum
1359 2525 1473 2576 losepho
1501 2532 1535 2562 &
1556 2529 1625 2562 aliis
1643 2553 1653 2566 ‚
1682 2530 1825 2574 primum

1071 2581 1214 2624 γεωξγιάς
1226 2582 1257 2612 &
1268 2577 1445 2612 secundum
1457 2578 1615 2621 κληξκχίοις
1626 2577 1825 2611 constituen-

1068 2628 1123 2667 do,
1135 2626 1257 2662 neceffe
1269 2626 1362 2662 est‚ut
1374 2626 1517 2660 decimus
1526 2636 1655 2672 quartus
1665 2623 1681 2659 zi
1690 2625 1824 2661 transitu

1068 2676 1106 2709 fit
1116 2675 1362 2710 Sabbaticorum
1375 2676 1495 2721 primus
1507 2698 1516 2714 ‚
1547 2675 1749 2720 Jubilaeorum
1763 2688 1822 2711 ve-

1067 2723 1105 2759 ro
1119 2726 1242 2771 primus
1261 2723 1331 2770 post
1349 2722 1398 2758 sex
1415 2736 1578 2758 annorum
1600 2722 1820 2771 septimanas&

1067 2775 1174 2821 primo
1199 2773 1374 2808 Sabbatico
1396 2773 1569 2814 existebam
1595 2786 1670 2808 nam
1696 2785 1730 2807 ut
1749 2773 1820 2807 dies
1840 2772 1956 2821 Decimuf

1066 2822 1199 2858 Sabbati
1212 2822 1255 2856 est
1267 2823 1420 2870 septimus
1440 2824 1562 2869 quietis
1585 2822 1655 2869 post
1683 2823 1732 2856 sex
1751 2822 1817 2856 dies
1837 2821 1961 2868 qunusa

1063 2873 1171 2920 operis
1185 2870 1378 2906 &laborum
1391 2896 1400 2912 ‚
1410 2874 1452 2906 ita
1462 2884 1562 2906 annus
1574 2870 1760 2904 Sabbaticus
1772 2871 1815 2906 est
1837 2854 1967 2930 &xiiius

1061 2920 1258 2968 septimusin
1278 2933 1345 2968 quo
1365 2919 1536 2955 cessabatur
1545 2920 1586 2953 ab
1605 2921 1698 2953 omni
1714 2933 1813 2968 agro·
1836 2933 1955 2962 Sabbata.

1060 2984 1129 3005 rum
1142 2970 1252 3004 labore
1265 2970 1336 3016 post
1352 2970 1401 3004 sex
1412 2981 1514 3004 annos
1526 2969 1724 3016 agriculturae
1744 2994 1754 3009 ,
1779 2973 1811 3004 &
1829 2984 1892 3002 rum.

1061 3031 1163 3054 annus
1184 3019 1337 3066 Jubilaeus
1360 3018 1405 3052 est
1431 3017 1715 3064 quinquagesimus
1741 3019 1812 3066 post

1060 3069 1184 3116 septem
1195 3066 1386 3115 septimanas
1397 3079 1557 3101 annorum
1570 3091 1580 3107 ‚
1591 3067 1654 3101 hoc
1673 3068 1716 3101 est
1730 3092 1739 3107 ‚
1755 3081 1812 3102 an·
1832 3066 1954 3102 septimus

1061 3130 1121 3152 nos
1129 3117 1487 3164 quadragintanovem,
1499 3118 1533 3149 in
1546 3117 1667 3163 quibus
1679 3119 1811 3151 ultimus
1834 3106 1952 3133 subbau-

1061 3165 1320 3215 quadragefimus
1333 3178 1440 3200 nonus
1457 3164 1580 3212 semper
1599 3167 1642 3201 est
1665 3167 1814 3201 Sabban-
1834 3147 1968 3224 ‹qistssiage-

1747 3226 1816 3255 cus,
