2048 3343
292 101 314 127 ,z
657 83 949 122 OPERIS

290 160 405 206 legatus
415 156 458 191 est
475 159 618 190 Viennam
627 156 776 190 Galliaein
789 167 972 204 perpetuum
988 154 1051 188 exi-

292 209 367 241 lium
382 220 391 248 ;
417 207 470 240 ubi
484 207 515 239 in
528 218 637 252 magna
645 205 776 253 egestate
784 205 855 254 post
869 206 988 252 aliquot
1000 216 1052 238 an-

294 269 353 290 nos
370 256 521 290 extiuCtus
535 254 588 288 est.

127 332 147 360 P
239 339 249 357 t
343 308 472 353 Anttpas
490 308 521 339 &
543 303 693 352 Philzppm
713 304 763 337 diu
782 303 853 350 post
869 303 902 336 in
916 301 973 337 suis
986 303 1053 336 Te-

126 341 278 399 ,εἱαὲἶῖὦ
293 354 431 389 trarchiis
444 351 670 400 perseverfirunr
680 353 763 386 nullo
780 351 936 386 illustriori
949 352 1053 386 hono-

125 413 236 448 exoptatz'
293 405 333 438 ris
347 404 441 450 gradu
454 403 559 437 addito
573 417 580 436 :
601 403 746 436 Herodes
760 403 885 449 quidem
908 402 1053 448 Antipas‚

126 450 267 477 Herodibus
293 454 346 500 qui
361 454 514 500 Joannetn
533 451 698 498 Baptistam
722 452 854 492 occidit,
880 455 911 485 ὃ(
925 449 1054 484 Christo

125 496 222 525 vesores.
292 515 416 536 crucem
425 502 546 535 adeunti
559 501 664 540 illusit,
680 500 868 549 acJacolmm
876 500 1054 546 gladioper-

292 551 376 586 cuffit
388 576 398 591 ,
425 551 589 598 aliquando
606 551 673 584 Rex
689 552 718 583 in
733 553 763 584 S.
778 551 929 594 Scriptura
949 546 1052 592 perhi-

291 601 382 635 betur
395 614 403 634 2
429 613 494 634 non
507 600 595 648 quod
609 612 741 645 unquam
756 597 892 630 diadema
906 596 1050 630 induerit:

291 648 341 684 sed
356 651 426 696 quia
445 649 628 684 Ethnarcliae
648 660 681 680 ac
695 645 870 679 Tetrarchae
884 646 916 678 in
935 643 992 679 suis
1005 645 1053 679 di-

291 700 430 733 tionibus
439 698 574 745 supremfi
584 695 730 743 potestate
739 693 792 727 sub
804 695 954 729 Romanis
968 692 1049 729 frue-

291 748 405 783 bantur
417 745 595 782 non'minus
612 744 704 792 quam
720 745 833 791 Reges.
864 745 963 778 Exule
983 747 1050 777 Ar-

291 798 390 831 chelao
408 798 516 843 ingens
529 797 593 839 ejus
609 793 624 827 a
644 803 728 840 patre
746 793 852 826 relffiia
870 793 998 840 pecunia
1018 793 1049 826 in

289 845 396 880 fiscum
415 845 537 879 redaeta
558 843 603 877 cst
615 866 625 883 ‚
650 855 684 877 ac
697 852 757 876 tres
775 844 839 887 ejus
859 842 1026 877 Provinciae
1039 866 1049 882 ,

289 894 389 942 Jndaea
406 918 416 934 ‚
442 896 584 927 Samaria
602 916 611 930 ,
638 905 671 926 ac
685 892 810 925 ldnmaea
822 895 906 940 Syria
920 891 984 926 sunt
998 892 1049 926 ad-

287 945 430 989 ]ὐηᾶεες
463 945 506 978 ita
529 953 634 977 tamen
657 953 690 976 ut
714 942 730 976 a
761 941 879 976 Caesare
903 941 1047 990 singulis,

287 1004 338 1028 aut
350 993 450 1027 alteris
463 994 550 1027 annis
569 993 724 1027 venientes
739 993 846 1026 Roma
864 995 1048 1026 Procurato-

286 1055 334 1077 res
359 1042 490 1090 Judaeam
511 1041 755 1076 administrarent
770 1040 822 1074 sub
835 1044 918 1089 Syria
938 1039 1048 1075 Praefe-

286 1093 353 1126 eto.
383 1091 417 1126 Id
430 1104 525 1139 genus
533 1092 689 1139 regiminis
698 1092 796 1139 Judaei
811 1091 848 1125 ab
862 1089 1049 1139 Augustoso-

286 1141 368 1175 lenni
383 1142 537 1189 legatione
545 1141 766 1189 efflagitfirunt,
785 1151 817 1175 ut
825 1140 878 1174 fibi
894 1141 1049 1174 Herodia-

252 1213 258 1222 ,ι
285 1190 1047 1237 norumdominationemultotolerabilius:quam

285 1239 421 1287 primum
435 1252 537 1275 tamen
551 1241 613 1276 voti
628 1251 793 1286 compotes
811 1238 884 1273 fasti
900 1238 975 1278 sunt,
984 1249 1046 1273 tam

285 1301 377 1337 grave
389 1294 420 1324 &
433 1289 598 1324 molestum
612 1288 763 1323 senserunt
775 1313 783 1324 ,
795 1292 798 1296 “
811 1298 842 1322 ut
856 1289 943 1322 multi
957 1289 1048 1322 variis

284 1341 317 1372 in
331 1339 407 1373 locis
424 1340 601 1374 rebellarint
622 1363 632 1377 ,
656 1350 715 1372 nec
728 1338 783 1372 nisi
802 1337 911 1386 magn&
926 1338 954 1374 vi
967 1337 1048 1371 mul-

285 1399 384 1435 toque
397 1387 539 1437 sanguine
553 1387 670 1423 subseri
685 1387 752 1422 sint.

121 1462 234 1491 Galilao-
334 1440 381 1472 Ex
395 1439 602 1473 rebellionum
620 1437 744 1472 istarum
764 1436 917 1484 capitibus
931 1438 1044 1484 prima-

119 1513 177 1529 rum
191 1504 250 1538 fifh
285 1487 363 1521 rium
375 1486 433 1522 fuit
441 1489 537 1535 Judas
547 1488 711 1527 Galibeus,
731 1488 786 1535 qui
799 1488 835 1520 ad
851 1497 912 1520 tres
926 1487 1043 1534 priores

120 1538 224 1571 audilis
308 1538 465 1571 udaeorum
485 1539 588 1572 SeEtas
602 1538 768 1570 Sadducaeos
779 1560 787 1573 ‚
814 1536 909 1570 Pham*
919 1550 968 1571 aeos
984 1562 996 1578 ,
1015 1541 1045 1572 δι

282 1538 305 1584 J
903 1537 931 1581 s

118 1583 254 1622 hypocrysss.
282 1586 416 1632 Essenos,
441 1587 556 1623 addidit
577 1586 954 1633 quartamGalilaeorumg
991 1588 1044 1635 qui

282 1637 349 1671 Dei
372 1638 522 1685 popu-lum
547 1635 680 1670 liberum
697 1661 708 1676 ,
739 1636 877 1683 nullique
896 1637 1045 1670 Domino

282 1685 456 1731 subjeetum
471 1711 481 1727 ,
506 1700 540 1722 ac
553 1699 649 1721 omne
668 1686 824 1720 Romanis
843 1685 995 1720 tributum
1009 1687 1043 1720 il-

282 1736 400 1771 licitum
413 1737 577 1772 docebant.
620 1737 803 1784 I-Iypocritae
825 1734 856 1769 hi
871 1736 1045 1780 jaetizantes

285 1784 313 1820 se
330 1785 511 1821 liberatores
530 1787 633 1836 patriae
654 1787 692 1820 ab
712 1787 800 1820 omni
827 1795 1044 1820 extraneorum

285 1837 383 1883 jug03
404 1837 536 1883 rapinis,
560 1836 709 1875 caedibus,
730 1839 762 1871 &
781 1835 967 1870 omnimoda
984 1849 1045 1883 op-

284 1885 437 1932 preffione
460 1887 578 1920 vicinos
602 1897 713 1920 omnes
734 1884 849 1932 *absque
873 1883 1046 1920 discrimine

283 1933 525 1982 peffundedere;
551 1934 651 1969 multo
665 1936 750 1982 plura
763 1936 863 1982 patriae
877 1935 954 1969 mala
968 1933 1045 1970 infe-

281 1995 383 2018 rentes
397 1983 489 2031 quaim
504 1984 542 2018 ab
556 1985 705 2018 extraneis
719 1985 796 2019 illata
816 1985 1046 2032 praetendebant

281 2034 447 2081 depellere.
477 2033 693 2068 Nihilominus
707 2033 806 2068 insana
819 2034 885 2069 haec
897 2035 1046 2070 libertatis

279 2082 436 2117 affeecatio
465 2094 527 2117 tam
553 2084 668 2118 multos
693 2082 856 2118 miserrimi
878 2083 961 2119 istius
988 2097 1046 2131 po-

280 2134 344 2179 puli
359 2144 434 2166 mox
453 2134 614 2179 occupavit
633 2157 643 2171 ,
669 2144 702 2166 ut
721 2133 877 2180 compesci
896 2147 960 2168 non
986 2148 1045 2182 pov

283 2182 392 2220 tuer'it,
415 2179 508 2214 nifiin
520 2182 615 2215 totius
623 2183 722 2228 gentis
735 2182 854 2218 tantum
861 2195 927 2217 non
941 2184 1048 2217 ultima

282 2231 382 2264 ruina.

118 2288 169 2325 festa
190 2287 267 2315 Chri·
332 2282 448 2313 Interea
465 2280 629 2313 Dominus
643 2278 750 2313 noster
762 2276 939 2317 infantiam,
969 2278 1043 2312 ado-

112 2329 148 2364 stt
160 2330 220 2373 pita
234 2328 271 2355 ad
282 2325 456 2362 lescentiam
470 2352 478 2363 ‚
497 2333 529 2363 &
542 2331 730 2372 juventutem
750 2327 786 2362 ad
801 2340 915 2362 annum
928 2326 1043 2361 tricesi-

119 2368 238 2395 ultimum
281 2390 368 2412 mum
381 2377 412 2411 in
426 2376 545 2410 Galilaed
563 2377 742 2411 Nazarethae
755 2374 872 2411 summ&
885 2389 955 2412 cum
969 2389 1042 2423 pace

119 2416 256 2485 ἒῖἴᾷῖᾌω
281 2427 465 2474 silentioque
478 2426 662 2475 transigebat
677 2440 686 2461 ε
721 2426 775 2460 nisi
789 2428 875 2474 quod
889 2438 1040 2460 annorum

120 2497 170 2516 ma.
201 2464 210 2482 J
283 2476 449 2511 duodecim
468 2489 543 2523 puer
561 2478 592 2511 in
610 2476 730 2523 templo
749 2476 1040 2523 Hierosolymitano

283 2539 352 2561 cum
366 2526 567 2560 D0&0ribus
585 2527 623 2561 de
640 2526 708 2574 lege
723 2550 733 2565 ‚
763 2526 898 2560 miranda
910 2530 943 2561 δι
954 2523 1040 2572 supra

283 2588 452 2623 puerorum
462 2587 583 2622 captum
592 2574 733 2623 sapientia
741 2573 943 2622 disputaverit.
959 2579 1040 2624 Qae

284 2628 300 2659 a
318 2624 473 2659 tricesimo
486 2625 522 2659 ad
541 2636 674 2659 mortem
693 2624 795 2672 gcsiit,
815 2625 832 2659 a
852 2625 967 2659 'Tiberii
985 2626 1040 2660 de-

284 2676 369 2709 cimo
387 2676 500 2721 quinto
520 2676 556 2709 ad
567 2675 723 2709 decimum
737 2674 883 2708 oetavum
896 2699 906 2714 ,
924 2675 970 2709 ve}
987 2675 1040 2709 de-

285 2725 397 2758 cimum
408 2737 578 2764 nonum,ea
590 2724 699 2757 divino
712 2724 977 2772 Euangelistarum
990 2735 1041 2758 ca-

285 2775 366 2808 lamo
379 2775 419 2809 ita
431 2772 593 2822 perscripta
605 2771 671 2808 sunt
682 2798 692 2813 ,
720 2777 751 2809 &
767 2774 832 2807 Dei
850 2774 960 2822 magna
978 2772 1040 2808 bo—

283 2824 375 2857 nitate
389 2825 532 2858 omnium
545 2823 641 2858 hodie
656 2823 796 2857 manibus
815 2834 957 2858 teruntur
968 2846 979 2863 ,
1006 2833 1040 2857 ut

282 2885 345 2906 non
359 2871 393 2908 fit
405 2873 521 2908 necesse
539 2886 575 2907 ex
588 2874 623 2907 iis
637 2874 800 2920 quicquam
814 2873 863 2908 hic
875 2872 1017 2908 inserere.

124 2925 204 2951 Livia
214 2926 269 2967 ΑΜ-
324 2923 390 2957 Res
398 2925 542 2957 Romana
550 2923 587 2957 fic
599 2935 665 2957 tum
678 2922 1042 2964 stabat.TiberiusNero,

122 2963 250 3028 gvsszfilm
266 3013 270 3017 Ι
285 2982 316 3004 ut
329 2972 460 3017 primum
475 2974 621 3020 expiravit
633 2974 802 3021 Augustus,
824 2971 990 3007 secundum
1004 2983 1036 3007 e-

120 3007 218 3079 sTc‘dfssm
226 3010 272 3078 ἔτ’
286 3022 329 3064 jus
337 3021 549 3056 testamentum
557 3024 723 3070 Imperium
732 3024 907 3071 occupavit.
933 3022 1039 3071 Qn-

124 3083 253 3108 raviss‘m-
287 3070 494 3114 quagelinium
512 3072 626 3107 sextum
644 3074 754 3121 agebat
771 3084 845 3107 tunc
863 3085 977 3107 annum
995 3072 1039 3107 vir

289 3118 449 3151 multarum
462 3122 607 3154 vi1tutum
620 3147 629 3161 ,
656 3123 705 3157 sed
723 3124 855 3169 plurium
869 3123 1015 3157 vitiorum
1026 3145 1035 3160 ‚

289 3167 428 3213 inprimis
441 3168 571 3203 versutiae
584 3195 594 3210 ‚
619 3176 651 3206 ἃ
664 3172 904 3207 dissimulationis
916 3173 1040 3220 plenus;

123 3130 226 3158 [(’ΠΗῘΗ-

1048 2888 1051 2892 ’
1078 2876 1199 2910 tionem
1218 2887 1384 2923 exuperant
1404 2889 1413 2911 z
1438 2885 1518 2910 tanta
1534 2884 1637 2908 tamen
1653 2875 1837 2909 Germanici

1023 82 1471 123 H1sroRxc.1

1093 157 1157 199 ejus
1171 165 1269 190 mater
1281 156 1369 191 Livia
1383 155 1455 202 post
1469 156 1569 191 mariti
1583 169 1716 193 mortem
1731 173 1784 208 per
1805 164 1858 196 Se-

1093 215 1178 238 natus
1200 205 1358 240 decretum
1377 204 1471 253 Juliz',
1497 203 1618 240 familiae
1633 207 1756 250 inserta,
1775 210 1858 259 Julia

1092 253 1231 301 Augusta
1256 255 1326 289 dein
1349 255 1455 289 vocari
1473 251 1559 288 solita
1573 254 1626 290 est.
1677 259 1795 293 Mirum
1815 260 1859 294 est

1093 304 1302 339 doffiffimum
1310 305 1469 338 Salianum
1482 303 1553 351 post
1568 304 1656 352 aeque
1665 305 1784 342 dietum
1793 312 1860 342 &Ba-

1094 357 1224 392 romum,
1239 353 1394 402 Joftphmn
1411 364 1512 388 taxare
1526 377 1535 390 ‚
1555 355 1641 401 quod
1655 355 1777 391 Liviam
1796 371 1857 392 vo-

1095 412 1144 435 cet
1159 404 1272 435 Inltam
1283 426 1294 442 ,
1309 402 1392 450 quasi
1404 403 1553 451 eAugusli
1565 415 1693 438 uxorem
1709 418 1779 439 cum
1794 405 1858 441 sce-

1094 450 1187 485 lerata
1206 453 1271 495 ejus
1288 450 1350 485 filia
1366 450 1576 488 confunderet
1592 466 1601 486 ε
1625 453 1708 487 certe
1726 455 1858 503 Iosephus

1093 498 1112 531 fi
1132 498 1184 533 hie
1213 510 1315 539 erret,
1341 502 1494 536 Romanae
1524 501 1663 537 historiae
1680 505 1854 551 principes,

1093 550 1252 588 Ta'citum,
1272 552 1446 584 Suetonium
1457 575 1466 587 ‚
1495 553 1527 585 ὃς
1540 552 1679 585 Dionem
1694 555 1805 588 erroris
1815 552 1858 588 sui

1090 596 1269 632 manifestos
1279 609 1402 633 autores
1420 599 1535 633 habet:
1552 597 1601 634 sed
1617 601 1857 637 Pontificiorum

1089 647 1313 696 plerorumque
1341 649 1373 682 in
1393 648 1545 697 Iofiphum
1564 650 1673 684 odium
1689 675 1699 690 ,
1719 652 1858 686 (1οᾶἰῶ-

1090 709 1214 730 morum
1232 699 1369 733 virorum
1389 699 1500 733 oculos
1512 697 1563 732 hic
1583 702 1615 734 &
1632 700 1704 734 alibi
1717 699 1792 748 saepe
1815 703 1857 736 ita

1090 745 1247 781 offuscavit
1269 771 1279 788 ,
1306 758 1340 782 ut
1364 747 1492 783 illustres
1513 748 1598 783 valde
1623 750 1764 785 veritates
1784 763 1856 797 pcr-

1080 794 1202 841 'spicere
1214 808 1280 830 non
1294 797 1450 832 valuerint.
1494 799 1663 846 Utcunque
1673 824 1683 839 ‚
1696 799 1777 847 Julia
1791 800 1856 835 haec

1089 844 1240 892 Augusta,
1256 845 1339 892 prius
1352 847 1450 882 Livia,
1462 845 1520 881 suis
1532 847 1647 883 artibus
1659 873 1667 885 ,
1679 852 1711 883 &
1724 850 1858 884 maximi

1089 895 1168 940 apud
1190 895 1334 928 maritum
1348 896 1538 943 Magustum
1555 899 1695 943 potentia‘i
1714 898 1782 933 filio
1802 898 1857 933 suo

1087 943 1222 977 Tiberio
1230 953 1338 978 contra
1349 956 1444 979 omne
1456 946 1504 990 jus
1516 950 1548 981 &
1558 943 1602 979 fas
1615 947 1781 994 imperium
1795 949 1857 983 im-

1086 1004 1268 1040 petraverat.

1133 1042 1255 1077 Habuit
1273 1044 1427 1092 Augustus
1445 1056 1482 1079 ex
1500 1045 1639 1094 Agrippa?
1660 1048 1692 1081 δε
1710 1049 1782 1083 nata
1807 1047 1856 1083 sua
1873 1052 1984 1089 Agrippa
2028 1043 2034 1070 ¹·

1085 1091 1168 1141 Jnlz'd
1180 1104 1241 1127 tres
1260 1104 1389 1139 nepotes
1402 1118 1412 1133 ,
1433 1098 1541 1143 Cajum
1554 1120 1565 1135 ,
1583 1098 1720 1129 Lucium
1733 1120 1742 1132 ‚
1762 1101 1794 1131 C<
1807 1100 1854 1131 A-
1926 1132 1932 1137 ,
2008 1125 2030 1143 ,ᾗ

1084 1143 1222 1190 grippam
1236 1142 1443 1178 posthumum
1467 1158 1476 1179 t
1509 1148 1607 1179 Livia
1630 1146 1686 1180 viis
1703 1150 1735 1180 &
1753 1147 1856 1181 modis
1869 1131 2027 1199 Zfflepe'hi'

1085 1190 1193 1239 (ajam
1216 1196 1247 1227 &
1266 1195 1401 1227 Lucium
1419 1191 1458 1228 de
1477 1195 1585 1229 medio
1614 1193 1730 1230 sustulit
1749 1220 1760 1236 ‚
1789 1195 1854 1230 istis
1912 1192 1918 1199 ’

1085 1242 1218 1275 mortuis
1248 1243 1387 1290 Agrippa
1400 1242 1588 1278 Posthumus
1603 1245 1641 1279 ab
1653 1258 1713 1280 avo
1723 1245 1857 1294 Augusto

1085 1292 1246 1338 adoptatus
1266 1291 1310 1325 est
1326 1306 1334 1326 :
1367 1291 1417 1327 sed
1435 1303 1523 1328 tanto
1544 1293 1608 1329 astu
1624 1307 1689 1328 rem
1709 1296 1849 1330 traetavit

1085 1343 1203 1377 Livm,
1235 1351 1268 1376 ut
1286 1339 1462 1376 adolescens
1483 1344 1597 1378 nullius
1616 1343 1734 1378 sceleris
1760 1357 1851 1379 com-

1085 1402 1187 1437 pertus
1213 1414 1222 1426 ‚
1263 1390 1316 1424 etsi
1345 1391 1479 1426 rudioris
1501 1393 1647 1441 ingenii,
1681 1394 1713 1427 in
1734 1404 1854 1429 tantum

1083 1439 1213 1489 Augusti
1225 1440 1333 1474 odium
1345 1441 1509 1475 incurrerit
1519 1466 1530 1482 ‚
1559 1453 1593 1476 ut
1605 1455 1669 1476 non
1678 1443 1776 1477 modo
1783 1445 1851 1488 jure

1083 1490 1262 1537 adoptionis
1275 1486 1369 1523 fuerit
1381 1489 1516 1535 privatus
1531 1513 1540 1526 ‚
1561 1489 1610 1524 sed
1619 1492 1712 1524 etiam
1725 1492 1756 1524 in
1768 1492 1852 1527 Insu—

1084 1541 1142 1572 lam
1155 1538 1334 1584 deportatus
1351 1537 1421 1572 exul
1434 1538 1466 1572 in
1478 1539 1564 1575 arista
1576 1539 1716 1574 custodia
1730 1550 1853 1576 tenere-

1083 1600 1131 1623 tur
1147 1602 1156 1630 ;
1182 1588 1284 1622 donec
1302 1587 1455 1636 Augustus
1473 1588 1585 1637 rigoris
1599 1587 1641 1623 sui
1655 1590 1687 1623 in
1701 1600 1851 1637 nepotem

1082 1638 1272 1673 immeritum
1292 1638 1448 1684 pcenitens
1463 1662 1474 1678 ,
1500 1638 1624 1673 occulte
1638 1640 1751 1673 eumin
1769 1641 1850 1674 ‘Pla-

1083 1686 1172 1722 nam}
1185 1684 1342 1727 inviseret,
1357 1688 1498 1736 cogitans
1506 1688 1537 1722 in
1551 1686 1735 1723 successione
1746 1691 1853 1736 Impe-

1084 1739 1120 1772 rii
1146 1735 1266 1771 Ttberio
1284 1748 1475 1786 anteponere
1502 1751 1511 1773 :
1544 1735 1595 1773 sed
1619 1735 1768 1773 secretum
1787 1738 1853 1775 hoe
1901 1742 1904 1743 ⁷

1085 1787 1282 1835 colloquium
1313 1788 1351 1823 ad
1375 1790 1507 1822 Liviam
1531 1800 1674 1823 emanans
1697 1799 1760 1823 tam
1777 1790 1852 1821 Au-

1077 1836 1159 1887 gusto
1176 1837 1270 1886 quam
1288 1838 1437 1886 Agrippae
1456 1848 1592 1873 mortem
1610 1861 1621 1875 ‚
1651 1848 1686 1872 ut
1703 1836 1789 1885 supra
1805 1838 1850 1872 di-

1084 1889 1186 1928 ἂιιῐῃ,
1201 1888 1361 1923 maturavit
1371 1912 1382 1927 ,
1409 1900 1476 1922 non
1490 1899 1654 1936 propterea
1666 1898 1770 1922 tamen
1785 1890 1850 1921 lm-

1083 1938 1203 1987 perium
1221 1936 1340 1972 szerio
1352 1937 1418 1972 satis
1431 1935 1581 1972 securum.

1131 1988 1216 2022 Cum
1237 1988 1254 2022 εὶ
1278 1988 1392 2022 marito
1414 1986 1537 2021 Claudio
1612 1998 1695 2021 erone
1716 1989 1848 2021 Liviam
1863 1990 2020 2030 Germaniek³'

1085 2036 1236 2085 Augustus
1248 2036 1452 2077 abstraheret,
1471 2047 1580 2084 praeter
1594 2035 1750 2070 Tiberium
1762 2034 1843 2070 fere-
1859 2049 1979 2069 wrtutes.

1085 2087 1136 2121 bat
1147 2098 1220 2122 tunc
1239 2087 1288 2121 illa
1306 2087 1338 2120 in
1357 2097 1447 2120 utero
1468 2087 1567 2133 partui
1587 2086 1728 2133 proxima
1746 2084 1847 2119 filiurn

1085 2134 1251 2171 secundum
1267 2136 1413 2180 *Drufhm
1432 2150 1441 2169 :
1467 2146 1501 2169 ut
1511 2135 1563 2169 hic
1577 2134 1710 2168 adolevit
1721 2157 1730 2173 ,
1759 2135 1790 2167 in
1799 2134 1846 2167 vi-

1083 2198 1152 2219 rum
1173 2197 1291 2231 magnae
1304 2185 1423 2218 virtutis
1441 2183 1532 2217 evasit
1543 2207 1554 2223 ,
1580 2182 1689 2217 multas
1702 2183 1740 2217 de
1760 2183 1846 2217 Ger-

1084 2233 1180 2265 manis
1205 2232 1352 2265 victorias
1384 2231 1524 2265 obtinuit
1544 2256 1554 2271 ,
1596 2244 1676 2265 uxor
1706 2234 1846 2266 Antonia

1082 2281 1256 2314 Triumviri
1284 2293 1321 2315 ex
1341 2279 1478 2315 Ostama?
1495 2280 1650 2329 Magusti·
1660 2280 1766 2316 sorore
1784 2281 1847 2316 filia

1081 2329 1160 2363 duos
1175 2333 1205 2363 &
1218 2329 1300 2363 filios
1312 2330 1432 2376 peperit
1443 2354 1453 2369 ‚
1470 2330 1699 2365 Germanicum
1711 2334 1743 2365 &
1756 2328 1847 2375 [Iau-

1080 2378 1165 2412 dinm
1178 2381 1333 2427 DQ’rones.
1363 2379 1503 2423 Drnfhm
1515 2390 1693 2427 praematura
1705 2393 1790 2415 mors
1811 2382 1844 2415 in

1080 2428 1276 2463 Germanico
1289 2428 1374 2463 bello
1383 2427 1497 2464 sustulit
1508 2429 1636 2464 morbo.
1660 2429 1844 2464 Germanici

1080 2478 1111 2512 in
1125 2478 1225 2525 prima
1238 2479 1397 2522 juventute
1411 2489 1494 2514 tanta
1505 2479 1693 2520 humanitas,
1713 2478 1843 2514 fortitu-

1080 2527 1122 2561 do
1139 2552 1150 2568 ,
1175 2531 1207 2562 δι
1225 2528 1393 2575 omnigena
1415 2530 1508 2565 virtus
1533 2528 1693 2569 effloruit,
1724 2539 1758 2563 ut
1777 2540 1842 2564 tam

1079 2577 1213 2625 populus
1226 2577 1320 2624 quam
1332 2577 1601 2626 legionessummfi
1613 2579 1644 2612 in
1656 2590 1727 2612 eum
1742 2578 1842 2612 chari-

1079 2637 1140 2662 tate
1153 2627 1314 2675 flagrarent
1332 2640 1342 2668 3
1373 2628 1446 2662 hinc
1463 2627 1579 2661 Ttberio
1592 2626 1726 2663 summus
1739 2638 1840 2663 metus

1078 2689 1118 2711 ne
1129 2676 1220 2713 vellet
1232 2677 1441 2711 Germanicus
1454 2676 1470 2712 a
1483 2677 1692 2712 lubentissimo
1705 2688 1767 2712 tam
1779 2690 1840 2724 po-

1077 2726 1156 2772 polo
1170 2724 1263 2773 quam
1276 2727 1375 2761 milite
1388 2727 1596 2774 Principatum
1603 2737 1756 2773 acceptare
1769 2739 1779 2766 ;
1806 2731 1840 2762 &

1078 2775 1206 2823 quidem
1220 2776 1359 2823 legiones
1367 2789 1437 2812 cum
1450 2777 1647 2812 Germanicae
1657 2800 1667 2816 ‚
1679 2786 1746 2809 tum
1760 2778 1839 2810 Pan-

1078 2825 1200 2860 nonicae
1214 2825 1371 2860 Tiberium
1384 2825 1548 2863 aversantes
1565 2827 1597 2858 in
1610 2835 1744 2871 apertam
1757 2823 1836 2860 sedi-

1079 2924 1232 2958 modestia
1250 2938 1260 2964 3
1286 2929 1318 2959 &
1331 2926 1363 2959 in
1374 2936 1513 2972 patruum
1526 2925 1694 2958 reverentia
1706 2922 1764 2959 fuit
1775 2948 1785 2964 ,
1802 2935 1837 2959 ut

1078 2973 1216 3020 legiones
1229 2972 1282 3006 etfi
1301 2985 1416 3020 magno
1429 2986 1499 3008 cum
1515 2973 1621 3008 labore
1643 2973 1759 3007 merto
1772 2973 1835 3008 ob-
1864 2979 1867 2982 '

1078 3023 1213 3057 edientes
1237 3022 1414 3057 reddiderit.
1451 3024 1625 3058 Maximum
1637 3023 1701 3058 hoc
1713 3023 1834 3057 benefi-

1079 3073 1161 3107 cium
1174 3071 1376 3120 pravissimum
1397 3073 1510 3106 szem'
1523 3074 1681 3120 ingenium
1700 3086 1765 3107 non
1785 3071 1834 3106 su-

1079 3124 1208 3169 peravit:
1223 3121 1312 3166 hujus
1326 3123 1407 3156 enirn
1421 3122 1437 3157 Ξι
1452 3124 1561 3157 virtute
1569 3123 1754 3157 Germanici
1764 3119 1831 3155 for-

1077 3171 1165 3206 mido
1178 3183 1335 3218 nunquam
1347 3171 1466 3210 cessavit
1476 3197 1487 3214 ,
1513 3174 1614 3209 donec
1626 3168 1830 3253 peffimssffis

1716 3231 1769 3255 ast]
1796 3232 1830 3253 HS

1874 1091 2035 1126 Pcsthmmu>3¹¹
2044 1084 2045 1089 ¹

2035 1167 2042 1182 t
