2048 3343
146 3107 258 3146 Confide-

146 3158 269 3197 '³‘“.'J⁶”'
303 3162 397 3210 pulos
419 3167 714 3210 Septentrionales,
731 3179 798 3201 non
809 3165 923 3200 debuit
945 3167 1054 3210 Apoc.
1095 3166 1150 3199 dio
1177 3162 1367 3197 &merorum
1393 3156 1635 3204 Hierosolymis
1661 3165 1850 3204 regnantem

305 3224 365 3260 20,
375 3212 497 3248 bellum
509 3215 681 3263 Gogicum
691 3218 836 3263 incipere
847 3215 863 3251 ὲ
874 3215 990 3264 praeliis
1000 3215 1053 3249 Sa·
1096 3213 1279 3250 immittunt
1292 3226 1304 3258 3

146 3201 223 3221 tentia
235 3196 284 3222 Pa-

144 3243 192 3262 νει.

314 129 395 179 2742
650 124 968 180 Oi’Eit1s

359 196 556 248 Jesuitarum
567 191 620 229 h'ic
631 192 697 230 duo
709 193 784 230 sunt
795 193 924 243 effugia.
953 193 1044 228 Prius
1055 216 1066 232 ,

311 259 366 285 tot
377 245 465 284 fuisse
477 245 552 297 Gogi
561 246 716 280 exercitus
727 250 870 285 arma‚ut
882 243 1003 292 septem
1016 252 1070 277 to-

312 302 355 334 tis
367 299 458 334 annis
469 296 636 330 materiam
649 297 717 344 igni
735 294 875 342 praebere
891 293 1067 340 potuerint.

313 348 413 383 Certe
431 344 593 394 responsio
618 344 684 381 haec
704 358 773 379 non
792 342 966 382 satisfacit,
990 355 1065 377 nam

315 410 385 444 cap.
397 410 454 442 39.
463 393 540 432 vers.
552 407 586 439 9.
606 393 743 442 expresse
755 393 919 441 Propheta
930 390 1065 428 affirmat

308 446 464 482 Israelitas
490 444 536 480 ea'
547 457 632 479 arma
657 445 731 479 aetii
741 440 944 479 combussisse
955 467 966 483 ,
994 454 1063 477 non

308 496 504 542 comburere
513 492 647 542 potuiss'e
658 496 788 542 integro
800 492 981 541 septennio.
1002 493 1064 525 Al—

307 557 374 581 tera
389 557 503 581 eorum
517 543 617 585 elusio
630 544 674 579 cst
687 569 698 586 2
708 543 829 590 septem
840 541 995 577 definitos
1007 552 1062 573 an-

306 609 369 639 nos
380 595 461 630 sumi
483 606 542 642 pro
561 604 712 642 tempore
727 591 909 627 indefinito.
936 589 1064 623 Sednec

309 645 378 679 haec
389 643 550 692 responsio
561 646 669 684 tenet,
689 654 763 677 nam
777 640 796 674 s1
811 638 916 686 aliqua
929 637 1061 673 neceffi-

308 706 355 729 tas
366 704 498 743 cogeret
513 693 686 728 definitum
702 701 876 724 numerum
891 701 949 736 pro
968 687 1062 723 inde-

308 743 405 780 finito
428 745 572 790 accipere
586 768 593 780 ‚
621 749 787 787 oporteret
805 739 894 772 illum
913 736 1061 774 indefini—

306 805 379 828 tum
391 803 565 827 numerum
575 792 625 824 vel
643 789 788 837 superare
801 789 852 823 vel
865 789 977 833 aliquo
991 793 1060 823 mo-

306 844 350 877 do
372 854 493 889 aequare
505 838 681 874 definitum
694 862 702 876 ,
727 838 780 873 sed
799 848 866 872 tam
881 849 1061 884 paucorum

306 893 430 926 dierum
443 890 566 924 scilicet
578 889 793 937 quadraginta
805 889 963 935 quinque,
974 898 1061 921 tanta

306 941 350 975 est
360 941 526 988 imparitas
537 939 575 984 ad
588 935 829 988 septem'annos,
839 950 873 971 ut
885 937 916 969 hi
930 950 988 983 pro
1000 938 1061 970 illis

302 990 380 1025 stare
392 1003 460 1024 non
478 987 608 1037 poffint.
636 987 788 1024 ProfeEm
803 986 819 1019 ὰ
831 986 942 1034 Lapide
957 988 990 1020 in
1012 987 1062 1021 lo-

303 1053 380 1074 cum
403 1053 462 1087 pro
482 1039 580 1073 nobis
596 1041 673 1074 citat
690 1036 811 1072 sodales
822 1034 892 1070 suos
905 1035 1039 1070 R1beram
1057 1061 1063 1075 ‚

304 1089 431 1128 Pintum,
439 1088 603 1130 Baradium,
617 1093 650 1124 &
661 1089 751 1126 alios,
762 1086 881 1131 quibus
894 1085 958 1133 ipse
968 1085 1060 1121 suurn

304 1139 394 1173 addit
405 1139 581 1173 calculum.

354 1185 497 1234 Quarto.
523 1188 679 1235 Princeps
700 1188 821 1237 Magog
843 1184 986 1232 judaeam
1011 1184 1060 1217 in-

302 1237 379 1273 vasit
403 1248 438 1272 ut
464 1238 504 1272 ab
535 1237 684 1272 >Israelitis
722 1240 860 1283 praedam
889 1236 1061 1281 colligeret

301 1301 398 1334 quam
411 1287 616 1322 distribueret
627 1286 785 1335 gentibus
798 1299 807 1326 3
831 1283 885 1318 sed
898 1279 1058 1319 Antichri-

299 1337 355 1379 {Im
371 1361 379 1373 ,
401 1348 436 1371 ut
450 1337 568 1371 volunt
581 1335 771 1374 Pontificii,
797 1347 866 1381 quae
877 1333 894 1367 a
905 1332 1060 1381 gentibus

301 1388 406 1434 rapiet
419 1387 517 1432 spolia
529 1386 645 1434 Judaeis
657 1385 796 1420 donabit
807 1409 817 1424 ,
829 1388 859 1417 ἃ
872 1397 907 1417 ex
921 1384 958 1416 iis
971 1393 1056 1416 tem-

302 1437 393 1484 plum
416 1436 759 1485 Hierosolymitanum
783 1441 911 1469 extruet
935 1429 1061 1467 summa*

298 1485 554 1534 magnificentifi.

351 1534 498 1580 Qiinto.
527 1539 590 1585 Gog
602 1545 735 1569 necatur
748 1537 778 1568 &
793 1531 940 1578 sepelitur
952 1530 984 1563 in
994 1530 1055 1564 val-

298 1585 329 1618 le
343 1588 465 1618 Hamon
478 1587 539 1634 Gog
552 1589 639 1629 juxta
653 1586 764 1618 locum
784 1578 985 1616 Genesateth
998 1606 1006 1619 ,
1023 1591 1058 1613 ut

298 1634 396 1668 habet
417 1633 544 1675 Ezekcel
562 1651 571 1669 .·
605 1635 709 1680 Atqui
729 1631 905 1668 secundum
923 1628 1059 1664 Pontifi-

299 1685 369 1718 cios
382 1709 391 1723 ,
422 1681 636 1727 eAntichristm
655 1683 710 1718 etsi
731 1686 764 1718 in
788 1692 902 1715 monte
920 1681 1057 1713 Olivcto

299 1733 500 1769 occidendus
512 1760 519 1772 ‚
539 1746 651 1769 tamen
662 1733 779 1768 nullibi
792 1729 958 1779 sepelietur
971 1755 981 1769 ,
1007 1727 1058 1763 sed

299 1784 555 1831 praecipitabitur
569 1786 601 1818 in
614 1781 748 1818 inferna.

350 1833 464 1869 Sexto.
484 1830 698 1874 eAntichrtflm
714 1830 874 1866 omnibus
887 1828 947 1864 suis
964 1827 1057 1862 bellis

298 1884 473 1929 praetendet
484 1885 696 1932 Religionem
706 1910 713 1921 ‚
725 1881 862 1929 gloriam
878 1881 940 1913 Dei
951 1882 980 1911 &
996 1878 1055 1912 bo-

298 1944 380 1966 num
397 1932 563 1967 Ecclesiae:
592 1932 643 1965 sed
663 1934 696 1966 in
708 1931 771 1965 hoc
790 1930 880 1964 bello
894 1932 955 1978 Gog
967 1928 1054 1962 dete-

299 1981 350 2015 ἂῖι
361 1979 441 2015 facie
454 1992 568 2016 contra
579 1983 687 2015 Deum
702 1985 732 2015 ὃ(
752 1980 886 2013 Sanctos
903 1978 965 2027 qua
977 1979 1054 2012 tales

297 2029 343 2063 ob
356 2043 480 2065 merum
491 2031 584 2065 civile
596 2031 782 2064 dominium
795 2029 979 2076 belligerat,
991 2028 1053 2062 Re-

297 2080 459 2126 ligionem
490 2092 625 2116 omnem
659 2093 697 2114 ex
738 2077 881 2127 professo
915 2078 1054 2113 concul-

297 2141 383 2163 cans.

344 2178 466 2223 Septim
473 2178 505 2212 ὃ.
531 2179 581 2213 Ut
592 2177 722 2212 Sanciius
733 2179 765 2211 δέ
778 2176 831 2210 alii
843 2176 927 2211 inter
937 2175 1052 2210 Ponti-

295 2224 390 2259 ficios
401 2250 410 2265 ,
430 2227 473 2259 ita
485 2227 622 2260 ‘Polanus
635 2231 664 2261 &
677 2228 731 2260 alii
745 2228 826 2260 inter
838 2225 1055 2261 Protestantes

294 2275 410 2309 locum
423 2273 571 2314 Eaekielis
582 2277 776 2321 intelligunt
792 2278 824 2307 δε
836 2274 873 2306 de
886 2271 1054 2307 «Antiocho

295 2328 328 2358 &
344 2324 383 2358 de
402 2324 657 2370 oAnttchristQut
674 2335 753 2370 typo
765 2325 796 2355 δε
811 2323 973 2367 antitypo.
1000 2322 1052 2354 Se-

295 2373 438 2407 cundum
451 2372 514 2406 lios
525 2386 636 2419 parum
646 2371 855 2407 lucrabuntur
867 2368 1033 2404 Pontificii
1046 2394 1055 2409 ,

296 2422 352 2457 etsi
375 2425 485 2468 Gogum
510 2422 746 2455 Anticliristum
776 2420 1030 2454 concederemus
1044 2443 1053 2460 ,

296 2485 366 2507 non
375 2474 462 2505 enim
475 2470 689 2505 incommode
700 2469 823 2504 polanus
832 2482 903 2516 qnae
912 2470 961 2504 vel
972 2471 1053 2505 Eze-

295 2520 357 2563 kiel
371 2523 421 2555 vel
443 2524 569 2555 Ioannes
588 2521 686 2555 habet
701 2521 740 2555 de
760 2523 867 2566 Gog&
888 2521 1001 2566 Magog
1018 2518 1055 2552 ad

296 2570 494 2607 Pontificem
518 2571 707 2605 Romanum
720 2570 880 2617 applicare
893 2568 950 2603 fibi
964 2568 1053 2604 vide—

297 2633 368 2660 tur,
387 2619 499 2656 verum
521 2634 581 2654 nos
593 2622 649 2669 qui
663 2634 731 2654 non
745 2630 896 2667 putamus
910 2619 960 2653 vel
972 2621 1054 2655 Eze-

297 2669 399 2711 kiclcm
411 2671 461 2703 vel
485 2673 621 2703 loannem
644 2667 819 2716 quicquam
836 2670 928 2714 loqui
948 2669 999 2702 vel
1018 2668 1056 2702 dc

298 2718 467 2755 eAmtocho
488 2721 541 2754 vel
561 2716 761 2764 Antichristo,
780 2717 845 2751 hoc
858 2728 1053 2764 argumento

299 2783 367 2804 non
380 2782 522 2803 utemur.

347 2818 573 2866 Brightmannm
585 2843 594 2856 ‚
625 2820 734 2851 Paraeus
745 2843 753 2856 ,
766 2814 878 2849 Medus
891 2840 899 2854 ‚
915 2814 1049 2862 Pistasw,

298 2868 457 2905 Alfledzm·
470 2893 478 2904 ,
499 2873 531 2903 δέ
550 2864 704 2903 Archerus
717 2893 727 2906 ,
755 2865 912 2900 Ezckielis
935 2868 996 2911 Gog
1016 2864 1054 2899 ad

298 2917 482 2952 Antiochum
495 2915 682 2955 referentes,
693 2928 802 2951 tamen
815 2916 853 2949 de
867 2919 944 2962 Gogo
954 2914 1051 2960 Joan-

298 2968 346 3000 nis
372 2970 543 3014 peculiares
567 2967 691 3001 habent
715 2966 831 3013 singuli
859 2964 1031 2999 sententias
1044 2987 1053 3002 ,

298 3018 415 3062 quibus
425 3017 648 3052 examinandis
660 3029 726 3050 non
738 3016 954 3054 immorabor,
969 3016 1002 3048 in
1015 3015 1053 3048 iis

299 3064 427 3099 tantum
440 3081 537 3113 pauca
549 3065 722 3101 observans
733 3068 766 3100 in
777 3064 961 3099 transcursu.

351 3118 458 3147 Paraem
475 3120 536 3166 Gag
554 3123 585 3151 ἃ
598 3121 712 3164 Magog
733 3115 820 3151 Υεᾶἐ
836 3115 974 3149 statuens
994 3125 1053 3159 po—

1077 1526 1085 2050 l

1099 2831 1118 2865 p

1029 120 1526 161 Hxsrontcx

1111 203 1303 227 racenorurn
1326 202 1439 227 contra
1458 191 1660 236 Christianos
1670 192 1703 228 in
1723 190 1812 227 bello
1823 192 1871 228 saa

1114 255 1171 277 cro
1183 269 1191 281 ,
1207 242 1339 290 quando
1360 240 1514 276 Saladinm
1525 239 1653 276 Rhenan'
1671 244 1872 289 Tripolitani

1116 294 1260 327 Comitis
1273 291 1380 327 fraude
1392 291 1539 338 proditos
1550 290 1677 326 nostros
1689 305 1804 327 omnes
1813 293 1875 339 Ju-

1111 341 1174 377 daefi
1195 353 1331 390 totaque
1351 339 1424 376 Afifi
1441 341 1584 388 expulit,
1614 352 1688 374 nam
1701 343 1869 383 Saraceni,

1111 391 1255 431 Arabes,
1275 392 1423 441 AEgyptii
1442 394 1472 424 δι’
1493 390 1654 425 Australes
1671 388 1745 424 Afri
1765 391 1802 424 ad
1816 393 1872 426 Se-

1115 443 1346 488 ptentrionales
1358 444 1585 493 Gog&Magog
1595 439 1677 475 nihil
1689 440 1869 488 quicquam
2004 443 2030 487 ζ

1110 491 1287 537 pertinent.
2004 486 2036 529 ξ*

1158 538 1322 573 Secundo.
1347 537 1575 585 Brightmannus
1589 563 1598 578 ‚
1614 537 1671 574 etsi
1687 536 1864 572 commode
1882 529 1983 580 &¹:37⁷st
2003 530 2030 583 ''i-„⁸
2047 575 2048 583 ἵ

1113 585 1184 622 satis
1201 592 1261 635 Gog
1281 592 1313 622 &
1328 592 1439 636 Magog
1451 589 1489 623 de
1503 590 1600 622 Turris
1612 592 1643 622 &
1665 589 1794 621 Tamaris
1817 589 1866 622 vi-
1883 582 1979 611 mmm*
2002 582 2032 634 K

1110 637 1222 672 deatur
1245 640 1468 685 interpretari,
1492 648 1600 672 tamen
1622 635 1712 685 quod
1734 648 1799 670 tam
1813 637 1866 673 hic

1111 686 1207 735 quam
1221 691 1327 722 Paraeus
1340 687 1464 722 bellum
1477 687 1647 735 Gogicum
1659 685 1697 720 ad
1709 696 1866 722 centenos

1107 739 1234 785 aliquot
1247 750 1350 772 annos
1371 737 1567 775 extendant,
1587 735 1624 770 ad
1636 734 1736 770 sacras
1754 737 1866 772 literas

1108 800 1178 821 non
1193 787 1297 834 potest
1314 786 1573 821 accommodari.
1601 786 1689 820 Nam
1701 797 1768 820 tam
1780 788 1868 822 Eze-

1107 834 1164 874 ktel
1177 850 1273 884 quam
1287 841 1410 870 Ioannes
1422 837 1545 870 bellum
1561 834 1868 883 Gogicuinsaciunt

1110 885 1347 921 brevissimum,
1382 890 1413 920 &
1435 887 1543 932 paucis
1561 908 1568 920 ,
1591 885 1612 919 si
1634 883 1730 924 ullis,
1750 887 1865 932 praeliis

1109 936 1281 975 constans,
1308 947 1384 968 nam
1397 945 1432 968 ut
1445 934 1587 981 primum
1600 937 1661 981 Gog
1673 935 1868 970 circumcin-

1108 986 1156 1032 git
1166 984 1262 1020 castra
1272 984 1550 1022 Sari&oi·um‚non
1562 984 1590 1016 ei
1604 985 1762 1029 permittit
1774 986 1865 1019 Deus

1108 1036 1204 1069 ullam
1218 1037 1251 1069 in
1263 1035 1397 1068 Sanstos
1408 1034 1578 1067 vistoriam
1590 1057 1600 1072 ,
1617 1031 1669 1066 sed
1681 1033 1866 1080 priusquam

1105 1085 1142 1118 ad
1157 1098 1270 1119 manus
1283 1086 1423 1119 venitur,
1435 1095 1552 1118 omnes
1566 1081 1638 1129 Gogi
1648 1083 1758 1129 copias
1769 1081 1867 1117 flam-

1108 1148 1160 1168 ma
1182 1133 1316 1169 coelestis
1331 1131 1482 1167 absumit.
1511 1133 1694 1167 Turcarum
1708 1143 1814 1166 autem
1832 1136 1867 1168 &

1108 1185 1340 1219 Saracenorum
1362 1194 1476 1216 contra
1493 1181 1698 1216 Christianos
1711 1181 1865 1229 praeliaab

1106 1235 1197 1267 annis
1220 1237 1286 1280 jam
1310 1232 1467 1266 sexcentis
1492 1231 1624 1266 fuerunt
1643 1232 1805 1279 plurima,
1831 1232 1866 1267 in

1106 1283 1223 1330 quibus
1234 1283 1323 1317 vario
1336 1283 1444 1317 Marte
1464 1282 1582 1316 multas
1595 1292 1741 1315 cruentas
1759 1281 1867 1316 vidio-

1105 1335 1166 1366 rias
1184 1334 1275 1367 alteri
1289 1332 1326 1366 de
1339 1334 1445 1366 alteris
1459 1330 1576 1365 mutuo
1597 1329 1796 1370 retulerunt,
1813 1331 1866 1363 in-

1106 1384 1203 1430 tegris
1224 1382 1326 1416 adhuc
1342 1383 1495 1427 utrinque
1515 1380 1653 1418 viribus,
1681 1392 1754 1414 nam
1778 1378 1863 1415 stant

1106 1432 1202 1466 hodie
1214 1444 1279 1466 tam
1293 1430 1556 1465 Christianorum
1571 1429 1669 1476 quarn
1683 1428 1861 1463 Mahome-

1104 1494 1255 1516 tanoruin
1271 1483 1371 1514 multa
1381 1484 1411 1514 δι
1424 1481 1568 1526 potentia
1579 1477 1670 1513 valde
1684 1491 1792 1526 regna.

1147 1529 1276 1565 Tertio.
1306 1529 1410 1573 Quod
1422 1529 1523 1563 Medma
1535 1527 1860 1573 ratiunculisaliquot
1879 1534 1963 1566 Meda

1103 1579 1294 1627 sophisticis
1306 1580 1433 1625 colligit
1445 1603 1454 1618 ,
1469 1581 1569 1623 Gog&
1582 1579 1695 1623 Magog
1705 1573 1764 1610 effe
1775 1588 1863 1623 gen-
1940 1571 1966 1584 ‘⁴

1103 1642 1149 1664 tes
1162 1635 1184 1661 Α
1194 1631 1455 1675 niericanas,qu:e
1467 1629 1536 1674 post
1547 1626 1634 1660 mille
1646 1625 1866 1673 annosRegni

1106 1680 1294 1714 Sanctorum
1310 1679 1460 1712 invadent
1476 1678 1643 1724 Europam
1659 1700 1668 1715 ,
1688 1674 1797 1709 Asiam
1809 1699 1818 1714 ‚
1830 1678 1865 1710 δε

1108 1727 1250 1763 Africam
1265 1740 1347 1762 totas
1358 1740 1429 1762 tum
1442 1726 1641 1762 Cliristianas
1655 1749 1662 1760 ‚
1679 1728 1710 1759 &
1724 1724 1764 1758 ab
1777 1725 1866 1759 inte-

1105 1781 1171 1827 gris
1191 1780 1281 1813 mille
1303 1780 1395 1813 annis
1416 1777 1559 1817 satisfias,
1590 1775 1778 1819 conjectura
1800 1773 1863 1810 est,

1106 1830 1395 1877 utpleraqueillins
1414 1829 1500 1867 viri,
1528 1827 1629 1861 audax
1655 1825 1771 1863 nimis,
1797 1824 1865 1857 mi-

1105 1882 1300 1927 nimumque
1334 1877 1467 1913 fundata
1483 1900 1494 1914 ,
1533 1889 1573 1911 ne
1601 1875 1707 1911 dicam
1739 1872 1860 1908 deridi-

1106 1931 1186 1964 cula.

1154 1974 1309 2026 Qarto.'
1325 1976 1408 2011 Non
1420 1973 1523 2023 magis
1535 1973 1664 2020 placent
1674 1983 1746 2019 quae
1759 1969 1856 2015 Ptfia-
1874 1962 2029 2030 P³s{⁴'‘{13?·³*

1100 2041 1144 2063 tor
1155 2031 1188 2063 in
1201 2031 1310 2075 Apoc.
1324 2033 1638 2061 20.commentatur
1652 2046 1661 2062 ,
1678 2033 1736 2056 nec
1746 2032 1816 2068 quae
1827 2020 1856 2054 ei
1875 2005 1960 2040 ‘Ast‘
1978 2014 2010 2036 ¹¹⁸

1101 2078 1189 2113 addit
1203 2075 1352 2121 Alsiedma
1365 2100 1372 2112 ,
1395 2072 1594 2119 minimeque
1609 2072 1762 2106 omnium
1774 2069 1856 2103 cras-

1875 2044 1998 2084 &Indeq

1101 2127 1233 2163 fiffimus
1255 2131 1287 2162 ὃς
1308 2124 1508 2173 plenissimus
1521 2119 1736 2162 Cliiliasmus,
1758 2130 1856 2165 quem
1871 2085 1986 2157 partim-⁴

1101 2175 1250 2213 Archermi
1263 2181 1293 2211 ἃ·
1306 2174 1501 2211 Goodvvinus
1515 2170 1652 2216 Pzfiatori
1671 2180 1705 2202 ac
1722 2167 1859 2212 Alstedio

1102 2239 1137 2261 ut
1151 2226 1391 2272 Colophonem
1404 2220 1642 2267 imposuerunt;
1657 2217 1689 2250 in
1699 2229 1860 2264 magnum

1099 2275 1348 2308 reformaturum
1362 2269 1576 2303 Ecclefiarum
1588 2266 1742 2302 dedecus,
1753 2266 1810 2300 nisi
1820 2266 1861 2300 ab

1099 2324 1137 2356 iis
1150 2319 1305 2356 omnibus
1326 2320 1479 2354 homines
1494 2317 1545 2351 isti
1568 2317 1814 2351 novaturientes
1828 2314 1861 2350 se

1099 2369 1293 2418 separassent.

1149 2420 1274 2468 Piscator
1294 2417 1383 2452 mille
1399 2416 1501 2463 plenis
1521 2415 1613 2449 annis
1631 2413 1702 2461 post
1717 2413 1860 2449 deletam

1098 2471 1242 2504 Romam
1265 2473 1296 2503 δι
1314 2466 1512 2503 ἀεῆῑυίὲυιῃ
1538 2462 1776 2498 Antichristum
1790 2463 1860 2497 bel-

1100 2521 1167 2554 lum
1180 2520 1352 2567 Gogicum
1363 2514 1468 2550 differt
1482 2529 1490 2546 ε
1516 2515 1664 2556 Λίβειίικσ
1675 2526 1749 2547 curn
1763 2512 1860 2558 Pisi-a-

1099 2581 1158 2603 tore
1169 2565 1331 2604 conlen'tit‘
1340 2569 1372 2602 in
1383 2566 1471 2600 mille
1482 2566 1587 2604 annis,
1598 2562 1648 2597 sed
1659 2563 1862 2609 resurgentes

1101 2620 1282 2665 Martyres,
1301 2630 1385 2663 quos
1405 2617 1527 2662 Piscator
1546 2611 1713 2647 ascendere
1735 2611 1859 2646 facitin

1103 2671 1237 2708 coelum,
1256 2665 1437 2702 utibicurn
1457 2662 1590 2697 Christo
1604 2672 1740 2709 rignent
1753 2674 1762 2701 3
1775 2660 1863 2709 «Αἰ--

1099 2718 1200 2758 [ἱειίιωα
1219 2717 1342 2751 detinet
1362 2716 1396 2749 in
1415 2711 1498 2747 terra
1517 2710 1616 2759 usque
1636 2712 1673 2745 ad
1693 2707 1858 2744 mundifi-

1101 2779 1183 2802 nem.
1207 2767 1311 2814 Atqui
1321 2760 1488 2800 eArcherus
1501 2766 1529 2796 δι
1547 2759 1857 2798 Goodvvinus,1nde-

1122 2810 1275 2851 endentis
1285 2827 1388 2862 nuper
1408 2811 1578 2847 Arnhcmii
1593 2811 1776 2855 Anglorum
1789 2809 1857 2842 Ec-

1099 2866 1197 2901 cleiiae
1219 2866 1270 2900 hic
1289 2878 1366 2900 cum
1384 2860 1519 2908 Philippo
1545 2863 1632 2902 Nayo
1650 2857 1779 2891 Doctor
1800 2859 1857 2892 ille

1101 2917 1208 2950 Pastor
1226 2916 1342 2950 unicus
1362 2929 1371 2955 3
1398 2910 1479 2948 nihil
1499 2910 1537 2943 de
1558 2911 1652 2954 pleno
1670 2905 1856 2942 Cliiliasmo

1101 2964 1248 2999 fecerunt
1268 2963 1396 3011 reliqui.
1431 2961 1515 2994 Nam
1539 2955 1681 3001 Chr-stum
1703 2956 1742 2989 de
1764 2957 1853 2991 coelo

1097 3009 1551 3052 dedticunt51esurreffionem
1566 3007 1746 3053 Martyrum
1759 3007 1853 3040 mille

1100 3065 1192 3099 annis
1203 3073 1277 3097 ante
1289 3059 1400 3095 mundi
1411 3057 1508 3091 finem
1522 3057 1652 3092 docent,
1663 3062 1721 3102 Gog
1732 3060 1762 3090 ὅ(
1772 3058 1853 3089 Ma-

1090 3128 1146 3162 gog
1155 3126 1226 3148 cum
1237 3109 1292 3146 suo
1303 3109 1444 3145 exercitu
1456 3118 1567 3142 contra
1578 3113 1596 3141 ζ
1606 3105 1724 3152 lyrzstum
1736 3107 1768 3138 in
1783 3117 1852 3138 me-

1336 3215 1368 3246 &
1389 3205 1590 3256 putidiffima
1614 3207 1675 3241 alia
1701 3214 1848 3284 νεῑεὲιῖφ

1804 3263 1847 3284 ‘ss'
