2048 3343
47 1334 158 1376 Qaessaeb

41 1386 124 1416 prtma
133 1376 162 1403 de

41 1415 137 1455 summi
145 1425 182 1444 to-

45 1460 93 1487 tali
108 1462 172 1496 Epo-

45 1499 92 1526 cbae
107 1502 163 1526 uni-

45 1541 153 1577 versalia

67 2864 144 2892 Nihil
151 2865 178 2892 in

66 2904 173 2933 Zadiaco

61 2947 189 2983 tersesta-

63 2995 122 3016 Sum.

469 82 532 111 ET
594 73 1261 110 CHRONoLocxct

201 148 272 186 imo
293 147 370 184 vero
393 148 591 196 AEgyptiacae
609 147 714 195 gentis
735 147 831 192 origo
850 144 949 192 longe

201 198 273 247 post
283 198 454 232 Diluvium
467 199 601 244 incepit.
617 197 698 230 Non
709 206 866 243 negamus
877 206 952 228 ante

199 246 372 283 Diluvium
387 272 396 286 ,
411 243 481 280 imo
490 243 590 293 paulo
600 245 671 291 post
683 244 800 278 mundi
811 245 954 277 creatio-

199 309 291 333 nem.
305 298 484 344 AEgrptum
499 294 662 340 terrasque
674 305 745 339 quae
756 291 863 327 multo
878 290 954 325 lou-

199 348 272 394 gius
284 345 303 380 ,ἰ
318 337 468 380 l’atadiso
481 342 642 378 distabant
653 367 662 382 ‚
681 343 814 390 populis
833 341 954 389 opple-

201 407 250 429 tas
262 393 371 434 fuiffe‚
388 405 462 428 curn
475 391 589 427 diebus
599 390 763 428 abrahami
778 416 787 431 ‚
806 393 957 425 trecentis

204 455 332 478 tantum
347 445 437 477 annis
449 441 466 476 ὲ
481 442 619 476 Diluvio
637 466 646 481 ‚
674 453 712 475 ex
735 441 830 475 unius
844 439 957 476 Noachi

204 494 359 541 progenie
389 493 550 539 AEgyptus
574 489 788 538 plurimaeque
808 492 958 537 regiones

206 542 272 576 tam
295 543 329 574 in
351 544 448 590 Africa
461 544 494 575 &
508 548 615 587 Europa
625 539 724 586 quam
738 537 959 587 Afi.c,?1popt1-

208 591 370 627 lofiffimis
383 590 540 638 gentibus
553 589 652 637 longe
666 592 799 635 lateque
811 590 959 623 coleren-

209 653 272 676 tur.
309 639 488 674 Afferimus
507 650 619 674 tamen
640 640 873 688 AEgyptiorum
890 639 958 685 Dy-

207 690 320 724 nastias
333 702 402 723 non
414 687 496 723 ferre
508 699 638 722 aetatem
649 701 721 735 quat
733 689 843 736 gentis
859 688 960 734 origi·

208 752 284 774 nem
299 737 452 786 supe-tersa
464 750 529 784 qua
542 739 700 785 AEgyptus
711 749 831 770 nomen
845 740 878 770 &
893 738 962 780 pri-

207 801 285 823 mos
294 789 366 836 post
381 787 551 821 Diluvium
565 787 706 821 colonos
718 787 867 831 accepit:
888 785 961 832 Jam

209 837 291 872 vero
304 838 392 871 istius
403 838 507 885 gentis
520 837 617 883 otigo
630 838 732 870 Gen.r
743 849 776 869 o.
786 837 919 881 ponitur
931 837 963 868 in

208 889 351 923 Mizraim
364 886 434 921 filio
447 887 693 932 Chami,nepote
704 887 897 929 Noacln',qui
909 885 963 917 ali-

211 938 360 983 quandiu
372 936 445 984 post
455 937 627 969 Diluvium
641 946 714 969 cum
729 933 888 966 omnibus
902 933 963 966 suis

209 987 365 1021 tratribus
377 996 471 1019 natus
482 984 540 1018 est.

416 1086 653 1120 CAtu‘r
704 1086 753 1119 11.

274 1178 464 1219 continens
475 1175 665 1225 quastiones
676 1174 722 1219 ὦ·
735 1173 838 1215 dubia
850 1174 898 1213 ad

468 1240 553 1277 caput
559 1231 696 1277 fitpertus.

289 1320 432 1356 unitur
442 1318 743 1368 prirno,qtromodo
756 1319 959 1354 demonstre-

290 1383 341 1405 tut
373 1370 391 1404 εἰ
419 1370 539 1404 mundi
568 1371 747 1404 Creatione
774 1371 817 1404 ad
845 1381 958 1404 natum

206 1422 373 1456 Christum
386 1418 504 1455 fluxiffe
517 1430 621 1452 annos
641 1419 791 1453 termille
805 1432 957 1466 nongen-

205 1483 258 1506 tos
274 1470 515 1518 quinquaginta
532 1493 542 1509 ‚
572 1467 753 1503 secundum
767 1470 959 1516 Scaligerum,

204 1533 273 1555 non
293 1522 401 1568 plures
422 1531 484 1554 nec
504 1520 686 1565 pauciores.
715 1519 958 1566 Respondctut.

204 1572 298 1605 Licet
316 1568 382 1603 hoc
398 1569 469 1617 ipso
488 1568 567 1602 loco
585 1565 782 1615 respondere
796 1567 956 1603 Chrono-

204 1619 274 1666 logi
287 1617 408 1652 soleant
421 1619 460 1652 ad
474 1618 662 1664 praedid’ram
673 1618 959 1665 quaestionemssffi

204 1667 368 1703 mittenda
394 1679 507 1702 tamen
535 1678 602 1700 tam
629 1667 763 1713 quaestio
789 1666 889 1714 quam
910 1680 974 1702 re-.

204 1716 342 1765 sponsio
356 1717 510 1751 videntur
521 1717 536 1749 εὶ
547 1718 711 1763 principio
725 1716 766 1750 ad
780 1716 880 1750 finem
893 1719 960 1763 pri-

206 1780 267 1801 mae
280 1766 421 1813 Epochae
433 1763 644 1800 universalis:
671 1765 859 1814 transcursis
869 1768 958 1800 enim

209 1819 367 1850 omnibus
378 1815 524 1862 partibus
536 1814 623 1848 istius
634 1816 791 1862 temporis
800 1813 895 1850 facilc
906 1817 958 1850 de-

206 1864 448 1899 monstrabitur
482 1863 664 1909 quomodo
690 1865 817 1899 constet
848 1868 962 1902 totalis

206 1913 332 1948 summa
352 1926 360 1946 ε
388 1913 442 1948 sed
454 1911 678 1954 difficultates,
690 1927 761 1962 quae
774 1926 913 1962 tangunt
925 1929 964 1949 0-

207 1976 302 1998 mnes
312 1962 407 2006 hujus
420 1962 579 2008 temporis
587 1974 780 2010 partcs‚tam
794 1966 916 1999 medias
929 1969 962 2000 &

208 2013 342 2047 ultimas
359 2011 457 2059 quarn
475 2014 608 2058 primas,
622 2013 655 2046 in
666 2012 736 2059 ipso
749 2014 854 2047 statim
869 2016 965 2048 initio

208 2062 369 2096 discutere
381 2059 550 2097 velle‚esset
562 2063 808 2107 impertinentia
821 2067 855 2096 &
877 2076 965 2097 ame-

208 2111 325 2146 thodia
340 2109 597 2146 manifestiffima
616 2125 624 2144 :
642 2112 682 2145 ad
694 2110 770 2145 suos
783 2110 863 2160 ergo
874 2126 964 2160 quae-

211 2174 275 2208 que
284 2160 378 2196 locos
388 2164 422 2195 &
434 2159 522 2195 sedes
534 2158 729 2208 relegantor.

384 2258 418 2295 Q
435 2261 459 2287 u
486 2262 523 2287 ΑΞ
553 2261 569 2287 s
595 2260 621 2286 T
648 2262 660 2288 1
683 2261 710 2287 0
756 2260 799 2288 11.

281 2328 352 2382 Qui
364 2335 434 2368 anni
445 2335 605 2381 tempestate
616 2334 735 2368 mundus
737 2333 777 2378 fit
787 2341 908 2368 creatus.

260 2413 401 2447 Ecundo
415 2415 586 2460 Qaeritur
600 2441 610 2456 ‚
638 2428 709 2463 quo
722 2417 799 2449 anni
812 2427 966 2463 tempore

258 2463 401 2496 mundus
413 2475 535 2497 creatus
546 2465 603 2498 sit?
632 2465 835 2511 Respondeo
849 2491 858 2506 ‚
874 2466 963 2499 estin

217 2509 364 2545 confeffo
384 2511 495 2546 Solem
520 2516 552 2546 &
575 2514 701 2545 Lunam
724 2516 873 2547 creatain
885 2515 964 2548 stata

216 2561 325 2608 aliqua
338 2565 371 2595 &
385 2559 447 2594 fixa
461 2572 550 2604 parte
563 2562 716 2595 Zodiaci.
728 2561 794 2594 hoc
805 2562 964 2602 est,ve11·n

215 2623 286 2644 uno
306 2612 588 2657 aequinoctiorum
611 2610 664 2644 seu
687 2613 800 2644 Verno
826 2609 880 2644 seu
898 2613 964 2645 Au-

215 2659 355 2693 tumnali
371 2684 380 2696 ‚
405 2661 455 2693 vel
468 2661 500 2692 in
513 2672 581 2693 uuo
595 2660 816 2694 Solstitiorum
837 2658 889 2693 seu
905 2659 965 2707 hy-

216 2709 321 2743 berno
332 2708 385 2742 scu
397 2708 525 2743 aestivoz
545 2721 735 2756 quanquam
748 2710 780 2742 in
792 2710 917 2743 circulo
931 2714 964 2743 δέ

217 2757 368 2792 motibus
381 2758 586 2792 Planetatum
607 2757 824 2793 circularibus
836 2758 963 2793 nullum

216 2807 292 2842 vere
306 2806 342 2840 fit
354 2808 552 2854 principium
564 2819 623 2841 nec
639 2807 789 2848 finis‚nec
801 2808 966 2848 medium,

218 2869 278 2892 nec
289 2858 471 2903 quidquam
485 2856 603 2890 statum
620 2861 652 2891 ὃς
663 2856 763 2891 fixum
779 2882 788 2895 ,
808 2857 861 2891 sed
873 2858 966 2902 quod

218 2905 281 2940 uni
293 2908 420 2940 ratione
432 2907 617 2950 concipitur
629 2907 827 2953 principium
839 2931 848 2946 ‚
862 2904 964 2940 altera

220 2955 389 2996 medium,
409 2954 590 2991 alterfifinis
610 2956 792 3002 dicipotest
819 2969 827 2989 :
853 2967 965 2991 tamen

222 3006 378 3039 relatione
388 3006 425 3041 ad
437 3017 538 3040 certas
548 3017 637 3041 terrae
649 3016 756 3052 partes
772 3010 806 3041 ἅτ
824 3005 964 3045 incolas,

225 3053 384 3099 predicta:
409 3066 554 3100 quatuor
579 3056 721 3090 Zodiaci
748 3067 855 3102 partes
879 3054 966 3089 recte

222 3113 380 3136 notantur
389 3106 430 3138 ad
441 3106 547 3141 varios
563 3104 633 3141 usus
651 3107 681 3141 in
699 3106 844 3141 humana
855 3108 919 3142 vita
933 3116 968 3140 ut

224 3151 311 3186 statu:
322 3155 356 3186 &
369 3151 449 3189 fixae.

1323 71 1503 110 Lxss.1.
1728 82 1748 114 ,5

1057 144 1122 178 Pro
1132 146 1299 178 creatione
1309 144 1386 179 solis
1399 147 1431 179 in
1444 145 1595 181 Solstitiis
1607 147 1658 181 vel
1669 145 1752 181 :esti-

1005 206 1048 228 vo
1059 191 1271 240 velhyberno
1290 195 1382 240 pauci
1403 193 1478 229 sunt
1497 197 1649 230 auetores
1676 219 1684 230 ‚
1719 200 1750 230 &

1005 243 1159 290 pauciora
1173 242 1440 289 argumenta:scd
1455 255 1525 278 tota
1537 247 1629 279 natio
1643 244 1754 280 Chro-

1007 294 1210 339 nologotum
1232 314 1241 328 ‚
1267 290 1339 325 tum
1362 293 1526 339 principes
1545 293 1616 328 tum
1638 293 1754 342 vulgus

1007 341 1091 374 stant
1101 352 1162 388 pro
1175 342 1383 387 aequinoctiis
1395 364 1403 376 ,
1419 339 1440 373 si
1462 352 1530 374 non
1541 355 1600 388 pro
1613 345 1758 390 punctis,

1008 389 1119 425 saltem
1130 402 1189 436 pro
1202 388 1469 437 tempestatibus3
1482 392 1574 424 multi
1588 405 1647 438 pro
1659 396 1758 434 Vere,

1008 439 1116 487 plures
1128 443 1161 473 &
1172 440 1315 485 potiores
1323 451 1382 486 pto
1396 442 1570 474 Autumno
1583 464 1591 477 ‚
1602 453 1686 487 quos
1699 455 1759 477 nos

1009 487 1234 534 scquimurhis
1248 489 1450 536 argumentis
1465 489 1542 523 nixi.

1057 537 1170 575 Primo
1185 562 1194 578 ,
1206 539 1353 584 Tempus
1366 550 1435 585 quo
1445 538 1578 572 arbores
1585 550 1763 573 onerantur·

1012 585 1171 621 fruffibus
1184 587 1228 622 est
1240 591 1429 621 Autumnus
1449 602 1457 621 ε
1480 599 1514 622 at
1526 598 1681 635 tempore
1692 601 1762 634 quo

1014 636 1187 670 creabatur
1199 636 1347 671 Mundus
1360 661 1369 673 ‚
1388 636 1522 671 arbores
1536 636 1762 672 onerabantur

1014 685 1191 726 fructibus,
1211 696 1246 719 ut
1255 699 1292 720 ex
1304 686 1432 721 historia
1444 685 1550 735 lapsus
1568 688 1602 719 in
1612 687 1759 733 paradiso

1014 734 1118 768 statim
1132 733 1321 770 &creatione
1331 746 1432 783 patet.

1060 782 1234 824 Secundo,
1252 786 1285 817 in
1304 797 1344 818 eo
1363 796 1516 833 tempore
1527 798 1596 832 quo
1612 785 1759 820 Isra'e'litae

1012 843 1086 866 ante
1098 835 1222 866 exitum
1237 837 1422 882 exAEgypto
1437 848 1559 869 annum
1572 835 1663 869 suurn
1676 836 1760 869 inci-

1014 881 1312 927 piebant‚mundus
1323 895 1449 918 creatus
1461 888 1494 918 δε
1506 886 1629 930 primus
1639 885 1758 919 mundi

1013 941 1118 962 annus
1128 929 1304 963 inchoatus
1315 931 1383 974 est3
1403 945 1477 965 narn
1496 934 1644 968 Israelitae
1658 936 1689 967 in
1700 935 1760 968 ΑΞ-

1012 989 1117 1025 gypto
1136 990 1213 1012 eam
1232 989 1425 1026 temporum
1443 983 1607 1015 rationem
1634 983 1763 1029 sequuti

1013 1028 1201 1073 [uunquam
1216 1026 1396 1063 &Patribus
1412 1027 1471 1062 suis
1483 1031 1589 1067 Iacobo,
1602 1030 1692 1075 isaaco
1708 1057 1716 1070 ,
1727 1037 1763 1065 &

1014 1079 1178 1112 abrahamo
1191 1077 1378 1112 didicerunt
1390 1103 1399 1118 ,
1412 1082 1447 1112 δε
1459 1077 1516 1113 hia
1531 1078 1591 1113 suis
1605 1081 1764 1126 magistris

1012 1131 1043 1161 ὃ(
1057 1126 1240 1171 majoribus
1255 1131 1373 1162 schemo
1383 1152 1392 1163 ‚
1402 1131 1518 1163 Noacho
1528 1153 1538 1169 ‚
1551 1127 1686 1174 aliisque
1700 1130 1763 1162 Pa-

1009 1176 1157 1210 triarchis
1168 1177 1264 1224 usque
1274 1176 1317 1211 ad
1330 1178 1472 1212 Adamum
1484 1178 1597 1212 edocti
1607 1176 1697 1218 sunt‚·
1718 1180 1762 1214 ita

1010 1237 1046 1259 ut
1065 1226 1135 1272 quo
1154 1237 1307 1274 tempore
1320 1229 1499 1261 Abrahamus
1511 1231 1545 1261 δε
1557 1232 1625 1272 ejus
1635 1229 1759 1275 posteri

1010 1287 1133 1309 annum
1154 1275 1400 1310 inchoaverunt
1423 1301 1433 1317 ‚
1460 1276 1553 1311 valde
1573 1277 1760 1313 verofimile

1011 1323 1049 1358 fit
1069 1324 1188 1359 eodem
1211 1336 1364 1373 tempore
1387 1329 1532 1361 Adamum
1554 1325 1571 1359 ci
1592 1329 1698 1373 prima
1714 1328 1760 1361 sui

1011 1376 1177 1409 creatione
1195 1387 1314 1408 annum
1333 1374 1494 1422 incepiffe.
1524 1375 1633 1422 Qod
1652 1389 1763 1412 autem

1011 1422 1155 1458 lsrae‘litae
1173 1436 1250 1459 ante
1271 1425 1395 1459 exitum
1420 1438 1457 1459 ex
1475 1426 1623 1473 AEgypto
1638 1438 1762 1461 annum

1012 1473 1240 1508 inchoaverint
1250 1485 1317 1508 uon
1327 1473 1343 1508 ὲ
1355 1477 1441 1510 Vere
1457 1474 1510 1510 sed
1524 1477 1696 1509 Autumno
1709 1489 1764 1522 pa-

1013 1534 1060 1557 tet
1070 1523 1229 1568 Exod.z3.
1245 1529 1334 1558 V.26.
1353 1523 1411 1558 ubi
1422 1524 1540 1560 festum
1553 1526 1764 1560 collectionis

1014 1574 1166 1607 omnium
1181 1572 1312 1619 frugum
1326 1586 1364 1607 ex
1383 1575 1467 1620 agris
1478 1575 1596 1609 dicitur
1606 1575 1764 1609 celebrari

1012 1623 1042 1655 in
1055 1624 1130 1656 anni
1143 1623 1289 1656 exitu-Et
1299 1634 1343 1668 c.3
1354 1635 1417 1667 (pv.
1426 1634 1440 1654 z
1449 1623 1541 1656 2.ubi
1552 1622 1670 1657 festum
1681 1625 1768 1659 illud

1016 1672 1237 1706 Colleffionis
1249 1669 1301 1705 seu
1314 1672 1575 1717 Septimanarum
1590 1672 1643 1707 seu
1653 1673 1768 1707 taber-

1013 1722 1201 1756 naculorum
1228 1731 1366 1755 vocatur
1376 1719 1555 1755 solennitas
1566 1724 1678 1766 quando
1687 1722 1768 1757 rede-

1013 1780 1080 1806 unte
1106 1773 1177 1805 anni
1200 1779 1323 1816 tempore
1348 1772 1446 1804 omnia
1471 1771 1638 1805 conduntur.
1672 1770 1767 1806 Alibi

1011 1820 1128 1855 festum
1154 1818 1218 1852 hoc
1232 1818 1391 1853 celebrari
1416 1818 1537 1853 dicitur
1552 1819 1604 1854 die
1614 1820 1767 1854 decimo-

1013 1872 1134 1916 quinto
1155 1866 1274 1902 menfis
1288 1868 1417 1915 septimi
1432 1867 1651 1903 Hebraeorum
1669 1872 1765 1910 T‘izri,

1013 1917 1104 1964 cujus
1115 1917 1209 1965 primi
1218 1918 1285 1952 dies
1294 1917 1454 1952 cadumin
1468 1919 1695 1953 Rornanorum
1709 1921 1764 1953 Se-

1012 1967 1199 2015 ptembtcm
1220 1992 1229 2007 ,
1257 1970 1292 2002 &
1306 1966 1500 2014 posteriores
1513 1971 1547 2001 in
1561 1968 1765 2009 Otitobtem,

1013 2018 1166 2064 totusque
1176 2018 1209 2050 in
1220 2019 1444 2052 Autumnum,
1455 2017 1510 2063 qui
1520 2018 1615 2051 dietis
1625 2018 1704 2052 locis
1715 2020 1765 2053 di-

1014 2069 1097 2101 citur
1116 2077 1237 2100 annum
1257 2066 1402 2100 claudere
1422 2069 1455 2099 &
1472 2068 1605 2111 aperire.
1640 2066 1764 2101 Mensis

1013 2116 1064 2150 hic
1078 2116 1236 2162 septimus
1261 2116 1354 2149 initio
1381 2113 1530 2149 Hebraeis
1541 2116 1603 2151 fuit
1619 2118 1764 2164 primus;

1016 2166 1112 2212 Nifim
1125 2165 1200 2199 vero
1212 2189 1222 2204 ‚
1236 2167 1326 2207 cujus
1337 2165 1462 2211 priores
1472 2176 1578 2211 partes
1590 2167 1762 2200 Romano-

1013 2227 1083 2248 rum
1098 2215 1223 2249 Martio
1235 2239 1244 2255 ,
1267 2217 1301 2248 δε
1313 2213 1503 2260 posteriores
1514 2215 1618 2262 Aprili
1628 2215 1766 2263 respon-

1014 2264 1151 2300 debant,
1167 2275 1237 2298 tum
1249 2262 1405 2310 septimus
1417 2263 1478 2298 fuit
1507 2275 1515 2299 t
1541 2265 1596 2300 [ed
1611 2263 1766 2312 septimus

1015 2314 1063 2348 hic
1076 2315 1168 2361 Nzsan
1187 2311 1264 2348 cum
1277 2317 1309 2347 in
1320 2327 1360 2348 eo
1372 2312 1475 2358 Judaei
1494 2327 1531 2349 ex
1546 2315 1691 2360 AEgypto
1704 2315 1767 2348 dii·-

1014 2363 1166 2398 cederent
1184 2364 1296 2398 divino
1319 2363 1475 2397 mandato
1496 2365 1647 2397 omnium
1669 2377 1767 2398 men-

1013 2413 1093 2447 sium
1117 2415 1150 2446 in
1168 2424 1331 2460 computo
1348 2412 1435 2447 sacro
1457 2413 1563 2448 fastus
1574 2412 1616 2447 est
1631 2414 1767 2459 primus,

1012 2467 1044 2497 &
1073 2465 1153 2500 Tizri
1180 2464 1233 2509 qui
1260 2460 1357 2496 ante-:i
1373 2463 1498 2509 primus
1512 2463 1576 2498 fuit
1594 2461 1766 2496 conversus

1011 2512 1054 2545 est
1065 2514 1097 2545 in
1108 2512 1282 2559 septimum
1297 2537 1307 2549 ‚
1328 2510 1368 2544 fic
1381 2522 1490 2544 tamen
1508 2523 1542 2544 nt
1558 2512 1642 2544 Tizri
1660 2522 1766 2544 rema-

1013 2572 1103 2594 neret
1115 2563 1240 2607 primus
1250 2564 1282 2592 &
1294 2562 1367 2592 anni
1381 2561 1509 2591 initium
1526 2560 1557 2591 in
1569 2560 1660 2591 omni
1671 2571 1765 2592 com-

1014 2620 1098 2656 puto
1126 2609 1213 2641 civili
1231 2632 1241 2647 ,
1270 2606 1351 2640 sicut
1380 2606 1469 2652 Nisan
1495 2606 1565 2653 post
1586 2611 1709 2641 exitum
1730 2610 1764 2642 in

1015 2660 1178 2703 computis
1197 2656 1289 2691 sacris
1302 2657 1425 2703 primus
1437 2656 1546 2691 cvafit.
1570 2658 1630 2690 lsta
1641 2658 1766 2692 Adver-

1015 2705 1166 2740 sariorum
1185 2705 1234 2740 hic
1253 2707 1414 2753 principes
1432 2709 1612 2742 Petamus&
1625 2710 1764 2742 Henricus

1016 2759 1139 2802 Philippi
1149 2754 1275 2803 Jesuitae
1285 2768 1351 2789 non
1365 2767 1498 2803 negant.

1066 2807 1213 2840 Tertium
1226 2817 1295 2851 arg.
1323 2804 1450 2839 Efianni
1460 2803 1652 2852 tempestate
1663 2817 1762 2839 mun-

1015 2855 1072 2888 dus
1083 2866 1207 2888 creatus
1217 2854 1260 2889 est
1276 2879 1286 2894 ,
1311 2856 1501 2902 primusque
1523 2866 1624 2888 annus
1644 2855 1762 2889 Adami

1015 2906 1161 2950 incepit,
1177 2916 1245 2952 quo
1255 2904 1531 2950 anniJudaeorum
1549 2903 1710 2937 Sabbatici
1728 2908 1762 2938 δε

1013 2952 1150 2999 Jubilaea
1174 2956 1382 3000 inceperunt.
1429 2954 1598 3000 Septimus
1623 2952 1762 3001 quisque
1789 2983 1791 2985 ,

1016 3016 1117 3037 annus
1131 3002 1254 3049 Judaeis
1269 3004 1373 3037 dietus
1391 3002 1582 3038 sabbaticus
1593 3027 1602 3040 ‚
1621 3007 1655 3036 &
1666 3005 1761 3048 quin-

1016 3053 1223 3101 quagefimus
1234 3053 1304 3100 post
1314 3051 1423 3099 septies
1435 3050 1586 3100 septenos
1601 3079 1616 3099 ,ι
1633 3051 1695 3085 hoc
1708 3052 1764 3088 est,

1017 3104 1231 3149 quadraginta
1243 3115 1364 3136 novem
1378 3114 1482 3136 annos
1493 3101 1557 3136 fuit
1569 3100 1764 3148 Jubilaeum:

1015 3152 1148 3187 istorum
1163 3153 1254 3187 Deus
1266 3153 1459 3200 principium
1472 3151 1641 3188 constituit
1656 3152 1688 3183 in
1709 3162 1766 3184 au-

1305 3202 1332 3234 A
1359 3215 1375 3248 3
1645 3211 1765 3234 tumno

1773 155 1877 185 Videtur

1771 198 1873 225 mundus

1770 248 1861 266 creatus

1776 284 1867 310 ,Aulu-

1772 331 1811 348 11111
1816 333 1838 350 Ρ,

1785 1873 1910 1910 ,Quomodo

1783 1917 1882 1951 Mensa

1784 1957 1904 1993 Dzrifi’u

1784 1997 1923 2034 September

1778 2039 1834 2074 fuit
1849 2041 1902 2065 He-

1784 2078 1851 2105 hraeis
1863 2089 1899 2109 ω·

1782 2122 1873 2156 primus
1886 2129 1922 2150 cy·

1778 2162 1818 2199 [ἐρ
1823 2163 1904 2191 timus,

1783 2818 1871 2844 ικίηηί

1784 2858 1911 2885 sabbatis!

1785 2907 1818 2928 (7
1834 2900 1902 2927 [uln-

1783 2940 1878 2967 laeorum

1782 2989 1920 3018 tuseperunt

1782 3024 1880 3050 stum-

1784 3073 1850 3092 nmo,
