2048 3343
1714 117 1759 152 99

420 155 870 223 DIATRIBA
945 153 1543 221 PROOEMIALIS

203 261 284 335 In
314 253 624 360 publicis
643 249 1058 331 Academiae
1089 252 1404 330 comitiis
1424 246 1764 344 recitata,

297 385 440 431 cum
457 362 878 452 Theologicas
903 361 1319 428 PraeleE’tiones
1344 367 1668 452 auspicarer

395 455 451 502 de
465 452 755 503 haereticorum
790 448 1101 505 Autocatacrifi.
1141 467 1257 499 anno
1273 464 1389 509 1642.
1427 457 1564 523 Jul.6.

204 569 330 626 Qum
356 566 474 611 omnis
499 563 703 611 haereticus
720 561 863 609 dedita?
880 560 1024 626 operef,
1066 561 1191 623 sciens
1193 560 1370 625 prudens
1383 562 1589 630 vidensqne
1615 579 1749 614 contra

273 632 344 685 stae
358 633 481 670 mentis
489 633 602 670 lumen
613 645 738 670 errores
750 641 897 676 tueatur,
904 643 1050 683 numque
1060 628 1286 667 haereticoram
1301 627 1571 685 dvnxoeGngm-zg
1587 632 1679 672 nihil

365 688 463 726 aliud
461 688 525 741 stt,
540 686 642 742 quam
658 686 755 738 craffic
769 685 938 740 hypocrisis
940 685 1180 734 fimulantiu‘m
1195 699 1322 724 errores
1337 698 1452 726 contra
1465 690 1595 726 animo-

514 741 738 795 rumfiiorum
752 741 1070 793 rechsentientium
1084 739 1228 796 exprcffi
1243 741 1437 781 diffamina.

38 865 119 889 omne
124 859 188 894 [κη.
439 846 741 889 Hemadmodum
756 844 870 899 φιλοίν
877 846 961 900 θξω-
1002 858 1100 893 quum
1111 845 1288 890 Trojanum
1301 845 1332 879 in
1346 856 1436 880 utero
1449 858 1608 896 quotquot
1617 846 1754 887 fuerunt,

37 901 90 929 lum
99 900 150 937 fibi
231 930 238 935 „
277 920 283 927 ,
440 908 501 934 a&
519 904 568 937 ine
587 904 676 937 Deus
695 915 730 938 ex
744 899 894 936 immenso
907 900 961 935 111ae
1003 905 1164 942 quotquot
1177 893 1234 928 effe
1247 893 1370 941 possunt
1386 895 1510 932 haereses
1523 896 1690 939 ferentem,
1710 900 1756 934 in-

33 948 132 979 propna
139 940 189 978 pos-
233 958 237 969 ι
319 943 324 945 ”
361 970 369 976 ,
394 976 401 992 ¹
439 953 584 987 bonitatis
597 953 687 991 mari,
707 964 808 986 novos
822 951 854 984 in
866 963 961 992 genus
1001 954 1047 978 tra
1059 942 1201 978 Ecclesiae
1214 956 1319 978 muros
1333 943 1434 979 sistere
1446 958 1584 982 conatur.

31 979 188 1048 21³5?an
236 986 243 991 ,
315 992 326 1023 ·'
347 1010 349 1012 ’
439 1001 607 1037 humanum
630 1002 772 1047 quotidie
790 988 960 1034 bend-icio-
1046 993 1124 1027 Non
1138 993 1203 1027 satis
1216 992 1321 1027 habuit
1339 994 1539 1030 inimicorum
1558 997 1624 1031 Dei
1643 997 1756 1031 Archi-

35 1031 161 1089 malaiua
438 1065 506 1086 rum
514 1054 596 1085 rivos
606 1050 760 1085 effundere
768 1050 959 1097 gaudet;non
1000 1040 1060 1075 dux
1078 1043 1253 1091 eApvllyW,
1278 1055 1314 1077 ex
1326 1042 1439 1091 Abyffi
1453 1056 1548 1091 puteo
1562 1045 1687 1081 emififfe
1697 1048 1757 1094 Je-

203 1104 287 1140 sccus
300 1102 356 1138 iste
370 1100 564 1140 pum'vsgmr&
579 1102 716 1134 Daemon
726 1123 735 1138 ,
756 1111 791 1133 ex
804 1096 958 1145 profunda

204 1156 296 1190 nimis
314 1151 369 1187 sna:
383 1152 532 1199 pravitatis
551 1149 654 1196 abysso
667 1172 676 1186 ‚
702 1161 767 1183 non
782 1146 869 1182 cessat
883 1160 957 1181 evo-

203 1217 288 1239 mere
302 1204 332 1236 in
345 1198 471 1236 miseros
485 1200 628 1234 mortales
641 1223 650 1238 ,
677 1210 787 1232 novam
799 1195 915 1242 semper
927 1198 958 1230 1-

203 1254 281 1288 liada
293 1252 456 1286 malorum.
491 1249 620 1284 Nullum
633 1247 649 1283 ἃ
662 1247 766 1281 mundi
780 1245 956 1292 primordiis

203 1303 291 1338 fluxit
303 1300 451 1339 seculum,
477 1299 563 1346 quod
578 1309 642 1334 non
655 1295 806 1343 propriis,
825 1307 892 1341 quae
904 1307 956 1342 pa-

203 1364 264 1386 tres
278 1348 469 1398 ignoravere,
483 1348 572 1381 donis
587 1347 603 1381 εἰ
616 1346 719 1380 divina
730 1356 820 1379 manu
834 1345 957 1379 beatum

203 1401 248 1436 est
259 1415 268 1441 3
281 1399 366 1448 quod
381 1410 444 1431 non
461 1397 567 1430 itidem
581 1407 668 1430 novo
681 1407 714 1429 ac
726 1393 895 1438 majoribus
907 1395 956 1427 in-

201 1450 308 1485 audito
321 1447 524 1483 calamitatum
537 1457 649 1493 genere
661 1469 669 1483 ,
690 1444 728 1477 ab
741 1443 856 1477 inimici
869 1442 957 1476 mali-

202 1501 265 1548 gna
279 1498 402 1532 dextera
413 1507 565 1530 vexatum.
597 1494 783 1541 Antiquiora
795 1491 878 1526 missa
891 1490 956 1526 sun-

203 1561 254 1588 τος
269 1560 336 1595 quae
347 1558 428 1580 nunc
437 1557 496 1592 prae
512 1543 641 1591 pedibus
655 1543 741 1577 domi
754 1544 864 1586 jacent,
877 1541 956 1576 sicui

202 1598 315 1644 volupe
331 1594 374 1630 est
393 1595 487 1628 oculo
504 1605 568 1627 non
589 1590 708 1640 prorsus
733 1591 888 1625 incurioso
909 1591 956 1627 lu-

203 1646 296 1681 strare
310 1671 319 1686 ,
340 1642 451 1692 absque
466 1642 596 1678 molesta
612 1642 858 1689 longinquorum
871 1640 956 1675 inda-

203 1697 275 1744 gine
289 1694 477 1742 comperiet,
498 1706 553 1728 eos
567 1693 660 1727 etiam
677 1703 775 1738 nuper
788 1691 819 1724 in
832 1689 955 1726 nostros

203 1746 334 1782 vertices
352 1741 497 1790 depluiffe
509 1741 631 1778 coelitus
644 1742 804 1776 bonorum
818 1740 931 1775 imbres
943 1765 953 1781 ,

203 1795 265 1842 quai
277 1796 307 1828 in
321 1792 487 1829 Ecclesiam
499 1817 509 1832 ‚
538 1791 597 1839 qua
611 1793 642 1825 in
656 1792 803 1838 Regnum
818 1814 829 1830 ,
854 1790 913 1838 qua
924 1791 956 1824 in

203 1843 338 1884 schola53
355 1853 404 1882 ut,
418 1841 510 1888 siquis
522 1854 624 1876 rerum
633 1840 804 1875 nostrarum
816 1838 911 1874 sensus
920 1841 957 1874 ad

202 1895 336 1938 majores
349 1892 515 1939 pervadere
526 1889 626 1938 posset
638 1915 648 1930 ‚
674 1889 777 1924 nostra
794 1890 960 1936 proculdu-

202 1943 261 1977 bio
275 1941 369 1990 longe
381 1954 441 1988 prae
454 1939 511 1974 suis
523 1941 554 1974 in
570 1941 658 1975 terris
670 1951 829 1987 tempora,
853 1937 956 1974 felices

203 1993 311 2027 animae
336 1990 562 2039 gratulabundae
593 1990 838 2038 depraed'rcarent.
880 1990 958 2025 Vice

203 2039 302 2078 verpa,
322 2054 377 2075 eos
391 2052 515 2075 cernere
530 2038 574 2073 est
587 2041 618 2074 in
631 2039 760 2074 neetaris
778 2038 875 2073 nostri
893 2052 957 2074 cra-

204 2102 303 2126 terem
317 2087 432 2124 infusos
445 2102 498 2137 per
511 2091 624 2124 Satanae
638 2101 761 2124 manum
770 2089 807 2123 ab
821 2090 882 2125 ima
891 2091 957 2136 Sty-

205 2153 244 2188 ge
256 2140 376 2180 latices;
393 2140 447 2185 qui
460 2137 514 2173 suo
527 2140 635 2173 toxico
648 2139 744 2173 divini
756 2139 884 2186 liquoris
893 2137 955 2173 sua-

205 2191 332 2225 vitatem
347 2199 559 2234 corruperunt.
588 2189 618 2222 Si
632 2201 689 2222 nos
704 2199 858 2235 pateretur
872 2188 958 2236 quod
974 2203 976 2217 ι

206 2251 266 2286 prce
286 2238 425 2279 manibus
446 2236 490 2271 est
510 2249 723 2284 argumentum
737 2262 747 2276 ‚
784 2238 815 2270 in
838 2237 957 2272 huncce

207 2300 349 2334 campum
364 2285 519 2333 aliquanto
533 2285 821 2332 liberiusexpatiari3
838 2287 958 2319 nonin-
974 2324 975 2330 ἵ

208 2346 345 2383 gratum,
366 2333 567 2369 confidimus,
582 2333 680 2372 foret,
694 2333 859 2379 inspedtare
875 2336 958 2368 velut

208 2387 239 2418 in
252 2384 381 2432 gemella
391 2383 500 2430 paginfi
513 2382 687 2429 parallelum
700 2381 829 2415 istorum
845 2383 959 2429 quibus

207 2447 262 2481 per
274 2434 338 2468 Dei
351 2433 537 2467 bonitatem,
559 2431 617 2479 qua
631 2430 767 2478 publice,
786 2430 846 2478 qua
858 2432 958 2478 priva·
974 2434 976 2454 ἴ

206 2484 264 2518 tim
276 2484 334 2516 laeti
347 2480 476 2515 fruimur
490 2481 666 2519 bonorum,
680 2484 711 2515 δε
725 2480 843 2514 illarum
857 2493 893 2514 ex
907 2480 959 2514 ad-

205 2530 291 2567 verso
308 2531 495 2566 miseriarum
508 2554 515 2566 ‚
542 2530 557 2564 :i
571 2530 682 2578 quibus
696 2542 750 2576 per
763 2532 875 2563 Satanae
891 2543 959 2577 pra-

205 2583 330 2617 vitatem
343 2580 417 2620 stat‚
446 2580 533 2628 quod
552 2580 599 2614 vcl
614 2577 884 2624 impraesentiarum
901 2580 959 2614 do-

205 2632 338 2670 leamus,
362 2631 408 2665 vel
422 2640 592 2664 metuamus
607 2630 637 2662 in
650 2627 800 2663 futurum.

253 2681 314 2715 Sed
328 2680 475 2728 quoniam
483 2691 682 2726 properamus
695 2678 755 2712 alio
762 2702 771 2717 ,
786 2678 865 2711 inter
873 2691 960 2712 com-

208 2730 327 2778 plures,
351 2729 463 2776 quibus
476 2729 579 2761 Zionis
591 2727 700 2763 nostrae
714 2738 811 2762 turres
823 2729 962 2763 concutit

209 2780 358 2814 machinis
376 2778 558 2826 peraffiduus
578 2777 675 2812 hostis
688 2802 698 2817 ,
727 2790 819 2812 unam
838 2791 961 2813 mecum

211 2829 438 2864 animadvertite
457 2840 517 2876 prae
532 2828 646 2861 coeteris
665 2827 843 2874 egregiam3
869 2840 962 2874 quam

210 2880 313 2927 paucis
325 2877 442 2913 tanturn
455 2876 566 2911 abhinc
578 2877 679 2915 annis,
698 2878 838 2924 antiquus
852 2876 917 2910 doli
929 2889 963 2910 0-

998 1088 1158 1130 sanarum,
1182 1093 1345 1140 caeterique
1354 1093 1440 1127 Cleri
1455 1095 1592 1129 Romani
1608 1107 1737 1130 catervas
1751 1110 1758 1131 :

998 1153 1065 1186 quae
1075 1139 1269 1175 infernalium
1278 1141 1458 1188 dogmatum
1466 1140 1589 1178 suorum
1601 1142 1688 1179 fnmo
1696 1145 1757 1178 ob-

996 1201 1142 1224 caecarent
1156 1200 1317 1238 quotquot
1330 1193 1361 1225 in
1375 1194 1542 1228 meretricis
1555 1193 1753 1239 Babylonicae

996 1239 1118 1285 gremio
1143 1239 1243 1273 divina
1265 1239 1379 1284 justitia
1401 1244 1594 1277 commorari
1606 1267 1616 1282 ,
1650 1241 1754 1278 saltem

995 1289 1151 1322 commori
1164 1289 1329 1335 permittite
1342 1290 1466 1325 istarum
1474 1292 1675 1327 Locustarum
1686 1303 1753 1327 utut

995 1337 1174 1383 improbus,
1195 1341 1227 1372 δι
1239 1338 1369 1374 nimium
1383 1341 1532 1387 quantum
1546 1340 1650 1376 infelix
1663 1343 1753 1377 labor

995 1386 1153 1421 exhaurire
1175 1399 1239 1421 non
1259 1389 1349 1423 valuit
1366 1400 1470 1425 totum
1490 1392 1619 1426 Satanici
1639 1390 1752 1426 furoris

996 1436 1026 1469 in
1041 1435 1207 1485 Ecclesiam
1227 1435 1346 1472 Christi
1364 1439 1494 1474 dolium.
1531 1442 1752 1476 Verumenim-

994 1485 1069 1519 vero
1085 1485 1150 1533 quo
1162 1485 1314 1532 majorem
1328 1487 1425 1522 adhuc
1438 1488 1570 1538 stragem
1581 1490 1752 1525 animarum

996 1547 1135 1583 nequam
1151 1535 1201 1569 ille
1220 1535 1339 1582 spiritus
1361 1537 1465 1573 ederet
1478 1564 1487 1580 ‚
1519 1540 1665 1574 loricatos
1683 1539 1753 1575 suos

996 1585 1182 1632 Scorpiones
1198 1585 1213 1619 a
1226 1595 1317 1633 tergo
1331 1583 1469 1636 subsequi
1488 1588 1565 1633 juffit
1577 1613 1586 1628 ‚
1612 1589 1685 1623 alius
1699 1602 1755 1638 ge-

995 1636 1075 1668 neris
1094 1635 1227 1668 militum
1247 1635 1445 1684 phalangem,
1468 1650 1535 1685 quae
1557 1636 1755 1683 Cassandro&

994 1684 1156 1732 Spalatenfi
1165 1684 1349 1719 duetoribus
1360 1711 1370 1725 ,
1401 1687 1492 1722 novis
1506 1689 1595 1722 armis
1610 1689 1757 1736 aggrede-

994 1745 1077 1768 retur
1090 1732 1289 1782 quoscunque
1302 1735 1318 1770 ὲ
1331 1735 1517 1771 locustarum
1530 1735 1619 1772 fumo
1632 1737 1760 1779 illaesos,

995 1783 1032 1817 ad
1050 1781 1154 1831 fugam
1173 1797 1209 1818 ex
1224 1784 1389 1833 Babylone
1404 1796 1526 1833 paratos
1542 1811 1553 1828 ‚
1577 1797 1628 1822 aut
1640 1789 1760 1832 jamdu-

996 1832 1070 1867 dum
1092 1844 1173 1868 extra
1195 1834 1308 1869 Romae
1332 1836 1479 1883 pomaeria
1496 1835 1566 1883 post
1590 1834 1662 1872 felix
1681 1836 1760 1873 effu-

996 1884 1082 1931 gium
1097 1883 1243 1931 degentes
1256 1883 1477 1926 observassenn
1500 1887 1655 1934 imperans
1669 1889 1759 1923 omni

997 1946 1058 1981 ope
1070 1934 1241 1968 niterentur
1253 1935 1384 1969 retinere
1397 1935 1579 1970 meditantes
1589 1933 1691 1984 fugam
1701 1961 1711 1977 ,
1728 1940 1760 1972 δι

998 1983 1051 2030 qui
1063 1986 1125 2030 jam
1137 1981 1290 2019 evaserunt
1303 1984 1458 2020 retrahere
1477 1985 1514 2020 ad
1530 1984 1654 2032 pristina
1672 1999 1761 2033 erga-

997 2032 1088 2070 stula,
1109 2033 1302 2068 dementatos
1319 2033 1383 2068 hoc
1397 2036 1625 2069 incantamento
1641 2059 1650 2074 ,
1676 2034 1763 2083 quasi

997 2082 1140 2118 Ecclcfiae
1162 2084 1315 2118 Romanae
1330 2095 1449 2118 errores
1470 2094 1536 2118 utut
1554 2084 1641 2118 multi
1658 2108 1667 2124 ‚
1694 2094 1761 2119 utut

995 2132 1158 2180 palpabiles
1171 2157 1181 2172 ‚
1206 2133 1381 2167 tolerabiles
1400 2144 1502 2169 tamen
1515 2146 1625 2168 omnes
1640 2132 1734 2168 essent
1749 2158 1760 2173 ,

997 2187 1028 2218 &
1041 2184 1148 2228 procul
1161 2182 1199 2216 ab
1215 2183 1297 2217 exitii
1314 2183 1453 2229 periculo
1468 2208 1477 2220 ,
1502 2193 1611 2229 utpote
1625 2184 1677 2230 qui
1691 2184 1761 2217 lon·

997 2232 1035 2279 ge
1049 2230 1126 2266 infra
1139 2231 1262 2266 haeresm
1277 2231 1452 2267 subsideant.
1480 2231 1760 2280 Hujuscelegionis

995 2283 1149 2314 Tartareae
1161 2292 1238 2314 artes
1251 2281 1399 2327 primariae
1413 2281 1495 2320 sunt,
1521 2281 1645 2315 haerefin
1658 2283 1688 2315 in
1708 2282 1762 2315 de-

996 2327 1080 2362 feffitu
1094 2328 1276 2369 confflem,
1298 2343 1491 2378 nequ-aquam
1507 2331 1537 2364 in
1553 2330 1686 2369 excessu,
1700 2330 1763 2365 hae-

997 2377 1074 2410 resin
1089 2376 1213 2411 defectu
1227 2377 1280 2412 suo
1294 2392 1359 2413 non
1367 2378 1504 2425 quosvis,
1522 2377 1761 2413 sedfuntlamcn-

997 2427 1070 2460 tales
1090 2425 1163 2460 fidei
1182 2428 1327 2461 articulos
1354 2428 1462 2461 tollere
1478 2442 1487 2468 ς
1516 2427 1563 2461 isti
1587 2439 1688 2461 aurem
1707 2428 1763 2462 sint

998 2474 1117 2523 oppido
1136 2477 1245 2522 pauci,
1275 2477 1350 2523 quin
1374 2478 1463 2511 etiam
1483 2478 1515 2511 in
1536 2489 1667 2512 numero
1684 2478 1763 2512 adeo

997 2524 1177 2572 pauxillulo,
1197 2536 1231 2558 ut
1243 2526 1295 2573 qui
1311 2527 1432 2560 tandem
1447 2526 1519 2564 sint,
1543 2527 1590 2562 vix
1603 2538 1636 2560 ac
1657 2539 1694 2561 ne
1715 2528 1763 2560 vix

999 2575 1124 2621 quidem
1138 2574 1224 2608 certo
1238 2575 1326 2622 poffit
1343 2575 1359 2610 a
1374 2588 1533 2623 quoquam
1547 2576 1762 2622 pronunciari3

999 2625 1133 2672 denique
1147 2621 1389 2658 fundamentales
1407 2649 1414 2661 ‚
1441 2626 1618 2673 quicunque
1641 2625 1763 2660 tandem

1001 2673 1056 2707 sint
1070 2674 1256 2721 articuli‚per
1270 2673 1394 2708 haeresin
1407 2674 1514 2721 impeti
1524 2686 1669 2721 oportere
1677 2676 1764 2710 τεᾶἓι

1000 2722 1105 2757 fronte
1115 2747 1124 2762 ,
1147 2736 1212 2758 non
1223 2736 1276 2771 per
1288 2722 1574 2770 consequentiarum
1589 2723 1733 2771 ambages
1745 2748 1755 2763 ‚

1001 2773 1114 2808 nedum
1127 2772 1353 2821 consequentiis
1361 2773 1438 2807 adeo
1447 2775 1573 2808 remotis
1582 2798 1591 2812 ,
1606 2772 1684 2807 adeo
1698 2774 1758 2808 ob-

1003 2822 1105 2861 scuris,
1123 2833 1156 2856 ut
1170 2821 1281 2870 absque
1294 2821 1529 2870 prosyllogismis
1544 2821 1691 2858 haereseos
1703 2837 1756 2858 ve-

1002 2884 1116 2906 nenum
1129 2869 1263 2919 conspici
1274 2885 1339 2907 non
1352 2872 1451 2919 possit.

211 2929 292 2962 mnis
306 2926 471 2962 fabricator
483 2940 522 2961 ex
537 2939 620 2961 novo
637 2939 694 2961 :ere
709 2926 868 2972 procudit3
883 2927 965 2961 tanta

210 2989 281 3011 cum
294 2989 372 3017 arte,
387 2988 420 3011 ut
432 2980 496 3022 ejus
510 2976 622 3011 iffibus
634 2975 812 3011 sustinendis
822 3000 830 3012 ‚
842 2977 890 3009 vix
905 2976 964 3009 ulla

211 3027 281 3061 valli
303 3028 440 3060 cmffities
453 3051 462 3066 ‚
488 3028 546 3060 ulla
564 3026 643 3061 muri
664 3026 792 3060 latitudo
814 3023 962 3064 sufficiam

211 3087 363 3122 nuperum
380 3075 512 3123 indigito
532 3077 644 3111 Satanae
659 3075 838 3123 strategema
851 3098 861 3114 ‚
896 3086 963 3120 quo

212 3125 443 3159 mendaciorum
457 3125 506 3157 ille
519 3127 605 3159 Pater
622 3138 687 3159 non
708 3137 803 3159 unum
823 3134 872 3157 aut
890 3124 963 3158 alte-

210 3187 278 3210 rum
291 3186 428 3209 errorem
437 3198 448 3215 ‚
462 3171 511 3210 sed
525 3184 588 3209 tota
601 3173 743 3222 plaustra,
758 3172 807 3210 sed
819 3171 914 3221 ipsum
928 3186 960 3208 e-

1050 2928 1103 2962 Ab
1117 2928 1173 2963 hac
1188 2941 1280 2975 quam
1294 2929 1423 2963 dicimus
1439 2928 1580 2974 legione,
1594 2940 1655 2963 tam
1668 2941 1754 2977 egre·
1769 2931 1873 2954 Reman-

1004 2978 1052 3025 gia
1063 2976 1229 3012 Archiduci
1243 2990 1347 3013 navata
1361 2978 1438 3011 olim
1452 2978 1494 3012 cst
1504 3003 1511 3017 ‚
1527 2982 1555 3012 ὃ(
1564 2978 1755 3014 hodieetiam
1764 2968 1917 3040 stssinffisasp

1002 3026 1156 3074 praestatur
1168 3041 1278 3074 opera,
1300 3038 1333 3061 ut
1346 3028 1431 3060 nullo
1444 3028 1589 3073 praeterezi
1601 3029 1697 3063 milite
1711 3031 1754 3063 vi-
1767 3028 1864 3083 pfffiim}
1874 3056 1897 3072 o-

1002 3078 1106 3110 deatur
1125 3088 1215 3123 egere
1235 3080 1354 3111 Satanas
1372 3077 1408 3110 ad
1426 3078 1545 3122 plenam
1565 3078 1603 3111 de
1624 3079 1756 3115 Ecclesia
1768 3086 1864 3113 maium
1878 3095 1919 3112 ar.

1003 3124 1120 3159 Christi
1132 3126 1292 3161 vi&oriam
1300 3126 1524 3171 reportandam.
1551 3130 1753 3176 Qanquam,
1768 3125 1836 3153 ribus
1847 3127 1918 3151 ΨΜ·

1002 3185 1035 3209 ut
1048 3176 1162 3210 certior
1176 3187 1208 3211 ac
1223 3174 1406 3224 splendidior
1419 3175 1590 3225 triumphus
1604 3176 1655 3213 fiat
1669 3203 1677 3215 ‚
1698 3191 1756 3211 no-
1766 3171 1892 3242 {ZZZ

1357 3226 1421 3261 Nn
1447 3238 1462 3259 2
1702 3240 1757 3262 ως
1882 3225 1885 3229 ’
