2048 3343
8 253 10 310 ἑ
46 267 159 300 ⁴jl'rm'o-

451 98 519 126 ET
578 91 1247 129 Cnaonotocrm

202 173 283 213 gum
301 159 518 212 Philopaemenis
546 165 698 201 manibus
714 165 748 199 in
767 161 958 198 sacrificium

201 217 318 248 omnes
330 213 568 261 suntjugulati.
823 215 827 218 ⁴

453 254 464 263 κ

254 262 423 298 Antiochus
433 266 489 299 reli
496 263 546 299 &a
555 264 716 299 Romanis
727 259 799 295 Afia
810 262 855 294 cis
864 260 957 293 Tau-

8 329 9 345 l
47 307 174 348 ‹him-:gni
202 324 295 353 rum,
322 315 356 349 in
369 315 453 362 pacis
474 312 680 348 securitatem
698 311 819 359 viginti
830 308 957 344 obfides

8 352 11 392 ξ
45 360 113 380 mors.

8 396 26 429 lt

22 3150 23 3177 1
52 3147 142 3174 Deme-

22 3202 23 3207 =
49 3187 161 3224 triumfi-

201 362 348 398 Romam
361 361 466 397 milit,
487 364 573 396 inter
591 375 675 410 quos
696 360 853 396 secundus
870 357 956 393 filius

202 412 373 447 Antiochus
384 407 551 458 Epiphanes
561 423 642 446 erat:
656 421 734 446 natu
745 414 846 455 major
855 412 878 442 S
880 408 958 443 eleu-

198 475 247 496 cus
266 464 301 496 in
321 461 479 508 Regnum
507 459 664 496 succeffit.
696 459 786 496 Ct‘rrn
817 470 906 507 pater
926 461 958 493 in

195 510 365 558 Elymaide
375 510 414 545 ad
432 510 536 545 finum
550 511 710 546 Persicum
723 536 733 551 ‚
750 522 784 545 ut
801 510 958 544 mulctam

195 560 358 595 Romanis
373 558 559 608 promissam
574 561 714 597 solveret
725 586 733 599 ‚
748 561 787 595 ad
798 560 879 594 Iovis
890 558 957 594 Beli

197 612 363 655 templum
378 609 583 658 spoliandum
595 608 763 646 accessisset
773 636 784 651 ,
806 608 823 644 31
834 610 959 644 tumul-

198 659 292 694 tuosa
304 660 395 707 plebe
411 672 485 694 curn
501 672 575 695 toto
586 660 642 696 suo
653 662 796 709 exercitu
812 658 962 693 concisus

200 709 258 745 est,
268 707 434 745 tricesimo
447 708 538 744 sexto
548 723 635 746 anno
645 712 689 745 sui
700 710 810 758 Regni
821 734 830 749 ‚
842 709 962 752 Iustinus

197 759 237 792 ad
248 761 326 792 lovis
343 758 512 802 Dindymi
526 761 689 807 templum
703 761 774 794 vult
786 770 959 794 necatum:

195 807 252 842 sed
271 808 377 855 Cybele
386 808 450 843 fuit
465 821 536 844 non
549 810 676 858 Iupiter,
696 822 767 857 quae
779 810 811 843 in
826 811 955 857 Dindy—

195 859 259 892 mis
286 859 436 906 I’hrygiae
465 871 582 894 monte
613 861 778 906 templum
801 857 955 894 habebat.

195 909 350 943 Praeterea
369 909 531 955 templum
559 908 767 953 Dindymaeum
787 907 875 942 nulla'i
895 922 957 942 un-

194 970 297 1005 quam
310 958 498 992 divitiarum
519 955 606 991 famfi
616 957 729 992 floruit
741 983 750 997 ‚
766 969 872 1002 neque
883 968 956 991 tum

197 1008 358 1054 temporis
372 1003 541 1041 Antiocbm
553 1007 700 1055 Phrygiae
709 1007 866 1040 dominus
878 1017 956 1041 erat.

200 1056 381 1103 Templum
394 1056 524 1104 quidem
535 1056 615 1090 Iovis
627 1055 786 1094 Dodonaei,
799 1055 955 1103 quodha-

200 1105 281 1140 bent
300 1106 445 1154 quaedam
464 1102 564 1154 lupini
575 1105 768 1152 exemplaria
779 1128 788 1143 ,
801 1104 956 1139 thesauris

198 1155 407 1190 abundabat,
433 1152 485 1188 sed
507 1153 574 1188 hoc
591 1156 626 1188 in
639 1155 739 1203 Epiro
758 1154 813 1189 diu
825 1165 898 1189 ante
914 1155 955 1189 ab

197 1205 286 1244 AEtol
295 1205 320 1236 is
332 1202 505 1250 spoliat-um
516 1201 587 1236 fuit.

242 1252 386 1286 Romani
397 1263 430 1286 ut
442 1251 640 1287 abstinentiae
652 1252 822 1297 &justitiae
832 1250 955 1286 famam

135 1312 146 1317 “
196 1313 265 1336 non
278 1303 443 1336 minorem
463 1301 564 1349 quam
580 1301 788 1336 fortitudinis
807 1304 955 1350 acquire—

195 1362 287 1390 rent,
302 1350 385 1385 nihil
399 1352 580 1399 quicquam
599 1353 749 1399 nequein
759 1352 831 1386 Asia
846 1364 954 1400 neque

193 1401 227 1434 in
239 1399 366 1436 Graecifi
376 1400 435 1435 fibi
448 1402 675 1435 retinuerunt:
705 1400 759 1435 sed
770 1404 803 1435 in
823 1401 883 1435 hac
899 1403 954 1435 seu

192 1452 312 1484 virtute
323 1450 374 1484 seu
384 1449 546 1498 hypocrisi
555 1464 623 1485 non
634 1450 688 1484 diu
700 1451 956 1498 perseverfirunt2

191 1512 271 1533 mox
286 1501 376 1534 enim
398 1500 534 1546 superbii
555 1500 757 1541 admodum,
784 1499 897 1539 avara,
922 1505 955 1535 &

194 1548 317 1583 crudeli
328 1549 497 1596 tyrannide
515 1550 651 1584 Graecos
662 1562 779 1584 omnes
796 1553 827 1584 δι
841 1550 957 1585 Asiati·

196 1610 254 1632 cos
266 1611 433 1634 vexavere.

246 1649 273 1680 A
295 1646 426 1696 Philippo
442 1647 589 1683 fecerunt
611 1650 763 1683 initium:
790 1651 879 1696 pacis
901 1650 957 1684 ille

196 1698 405 1733 conditiones
426 1710 542 1733 omnes
562 1698 671 1732 exaete
693 1699 870 1733 servaverat
889 1724 898 1739 ,
925 1703 957 1734 &

197 1747 373 1795 Sciptomhns
389 1750 520 1796 aliisque
539 1759 653 1782 contra
671 1746 958 1783 AntwchumAEto·

196 1796 309 1845 losque
324 1798 464 1832 ducibus
479 1797 608 1832 fidelem
620 1797 959 1845 operampraestiterat,

194 1847 412 1894 quamobrem
427 1848 556 1882 muletae
571 1849 733 1894 reliquum
752 1851 782 1881 δέ
793 1846 877 1881 filius
894 1853 957 1882 De-

192 1897 310 1931 metrius
330 1896 422 1930 obses
442 1908 477 1931 ut
499 1910 577 1932 vero
603 1899 712 1931 amico
731 1895 855 1931 remissa
875 1897 956 1932 sunt.

190 1947 420 1981 Veruntamen
433 1957 485 1981 tot
499 1946 609 1994 postea
626 1947 837 1981 contumeliis
860 1951 891 1982 ὅ(
903 1950 956 1982 in-

184 1997 282 2040 juriis
300 1995 434 2030 affeetus
453 1994 519 2036 est}
547 2007 583 2030 ut
601 1996 670 2030 satis
682 1995 877 2045 perspiceret
899 1997 955 2033 suo

188 2046 311 2093 Regno
332 2047 507 2080 Romanos
525 2045 659 2080 inhiare.
684 2047 734 2082 Ut
747 2048 957 2093 praeveniret,

189 2097 303 2129 omnia
315 2094 411 2144 quam
425 2096 535 2142 potuit
549 2094 724 2143 diligenter
743 2100 777 2130 δε
790 2096 913 2131 secreto
923 2099 956 2132 in

191 2143 318 2179 bellum
332 2144 485 2192 parabat,
507 2145 655 2180 barbaras
682 2147 835 2180 nationes
855 2149 955 2182 etiam

191 2194 394 2243 longinquas
414 2195 497 2229 ultra
524 2194 638 2229 xstrum
654 2193 852 2232 solicitabat,
867 2199 956 2231 Grae-

193 2255 309 2278 corum
330 2246 459 2291 animos
478 2244 625 2292 superbia
644 2245 878 2279 Rornanorum
898 2246 956 2292 ipfi

194 2294 404 2333 conciliavit3
428 2298 460 2328 δι
479 2296 647 2340 ingentem
661 2296 830 2340 pecuniam
849 2308 955 2330 anno-

196 2352 341 2388 namque
358 2343 393 2376 in
413 2342 493 2377 belli
512 2342 678 2377 necessaria
702 2344 741 2376 ad
755 2343 954 2378 decennium

197 2390 379 2435 reposuerat
390 2405 400 2430 ·,
410 2391 461 2424 sed
471 2391 649 2425 domestica
661 2393 824 2426 calamitas
837 2405 956 2428 omnes

197 2442 266 2483 ejus
285 2440 429 2473 rationes
460 2441 682 2474 conturbavit.
722 2441 842 2487 Junior
868 2441 956 2478 filius

196 2488 365 2522 Demetrius
376 2489 453 2522 dum
467 2490 584 2524 Romae
603 2489 733 2537 degeret
744 2515 753 2530 ‚
771 2492 887 2538 magnfi
905 2490 957 2526 sua

197 2538 320 2571 virtute
333 2539 525 2573 Senatorum
543 2538 809 2574 benevolentiam
823 2540 958 2588 acquili-

196 2597 299 2621 verat.
325 2588 435 2633 Major
451 2600 529 2623 natu
550 2591 665 2636 Pnstus
686 2589 772 2623 hunc
786 2591 959 2624 Romano-

198 2648 271 2670 rum
285 2634 428 2672 favorem
440 2637 526 2673 fratri
539 2639 729 2679 invidebat,
751 2643 783 2673 &
796 2639 835 2674 ab
848 2653 888 2674 eo
900 2639 957 2674 sibi

199 2685 379 2721 metuebat.
406 2689 497 2722 Dum
509 2689 615 2723 multa
627 2690 659 2722 in
673 2690 831 2724 Romano
840 2692 958 2724 Senatu

199 2737 294 2770 multi
308 2739 405 2771 vieini
414 2737 451 2771 de
464 2734 595 2785 Philippo
607 2750 818 2785 quererentur
830 2764 839 2779 ,
859 2744 956 2774 remi—

199 2782 240 2818 fit
251 2785 355 2821 filium
369 2788 553 2821 Demetrium
565 2789 710 2822 Romam
727 2790 781 2836 qui
799 2802 858 2835 pro
868 2790 896 2823 se
911 2803 957 2824 re-

198 2830 381 2880 sponderet.
406 2836 756 2884 SignificavitSenatus
768 2839 800 2871 in
813 2838 961 2872 Demetrii

203 2886 337 2931 gratiam
357 2900 492 2922 omnem
505 2887 533 2921 se
546 2889 628 2921 Patri
645 2886 802 2922 offensam
815 2889 960 2922 remitte-

205 2946 252 2967 re.
272 2933 360 2969 Male
370 2937 484 2972 habuit
497 2934 673 2986 Phihppzm,
684 2937 773 2987 quod
785 2941 887 2982 major
898 2937 959 2972 filii

205 2995 302 3030 quam
319 2982 369 3019 sua
382 2988 414 3019 in
434 2988 590 3022 Romano
607 2990 724 3022 Senatu
744 2988 820 3023 effet
837 2990 958 3037 gratia,

205 3033 279 3067 inde
290 3032 332 3067 irz'i
344 3039 373 3069 3<
384 3035 465 3070 falfis
477 3039 865 3084 Perseiciiminationibus
878 3040 959 3072 exti-

207 3084 361 3122 mularuz,
376 3086 535 3130 quasnam
548 3089 677 3123 insuam
688 3090 786 3138 quim
804 3089 896 3137 Perftt
909 3090 961 3122 vi—

206 3145 272 3167 tam
287 3133 488 3180 conspirfiffet
497 3139 678 3179 Demetrius,
688 3152 762 3174 eum
775 3151 865 3189 pater
875 3150 962 3174 curat

208 3183 403 3228 necandum,
415 3181 492 3221 cum
502 3185 578 3224 vero
590 3200 668 3225 mox
679 3189 899 3227 innocentiam
906 3192 963 3237 ju-

1304 88 1480 132 [1121.

1001 162 1092 195 venis
1104 184 1115 200 ‚
1144 158 1196 195 sed
1209 159 1277 195 sero
1287 164 1357 209 post
1370 178 1512 201 mortem
1524 190 1534 206 ‚
1554 169 1585 202 &
1600 168 1908 215 Pe›fi=ica·1mmnme,

1001 211 1140 245 lumnias
1150 211 1356 257 comperiflet
1371 238 1380 253 ‚
1408 217 1567 251 ultionem
1580 219 1612 252 in
1626 221 1759 266 Perfi‘um

1001 257 1120 304 spirans
1137 273 1174 295 ex
1195 262 1297 296 animi
1322 264 1514 309 aegritudine
1539 265 1688 316 Philippus
1708 271 1758 304 in·

1003 318 1102 343 terut.

1050 360 1179 405 ‘Perftus
1195 360 1300 395 statim
1314 361 1471 408 Regnum
1485 364 1668 408 capessivit,
1693 369 1725 402 &
1744 366 1762 402 a

1001 408 1163 443 Romanis
1177 412 1303 457 paterni
1316 409 1454 445 foederis
1471 410 1762 452 confirmationem

1002 459 1198 504 impetravit.
1225 463 1260 494 In
1281 461 1379 505 patris
1388 471 1499 495 tamen
1511 472 1624 496 contra
1636 465 1762 501 Roma-

1004 520 1064 541 nos
1079 508 1158 542 odio
1169 511 1329 556 perrexit:
1346 512 1459 544 omnia
1471 511 1509 545 ad
1520 510 1643 547 bellum
1656 526 1761 562 quan-

1005 556 1036 591 ta
1046 559 1154 604 potuit
1165 570 1239 594 cum
1252 559 1406 594 industri&
1418 573 1619 609 comparans,
1646 563 1761 598 Seleuci

1007 606 1107 641 filiam
1124 611 1246 656 accepit
1256 611 1289 644 in
1301 622 1452 650 uxorem,
1464 614 1496 646 &
1509 614 1607 656 Prusia
1619 610 1762 658 Bithynia

1007 655 1149 692 sororem
1167 657 1255 693 suam
1266 660 1442 695 collocavit
1453 685 1463 701 ,
1490 660 1694 696 humanitate
1707 676 1767 698 va-

1007 706 1125 755 riisque
1135 707 1250 743 officiis
1263 707 1400 743 Achaeos
1409 734 1418 749 ‚
1430 712 1562 746 AEtolos
1572 737 1581 751 ,
1593 712 1746 747 Rhodios
1756 735 1766 749 ‚

1007 760 1041 790 &
1054 759 1189 792 Graecos
1206 771 1321 793 omnes
1334 760 1377 792 ita
1388 758 1445 793 fibi
1456 760 1623 801 devinxit,
1644 773 1680 797 ut
1692 764 1768 798 licet

1005 817 1095 841 metu
1104 808 1335 843 Rornanorum
1348 821 1418 843 non
1431 809 1564 845 fintaufi
1574 823 1649 845 cum
1662 825 1702 846 eo
1714 812 1769 846 so-

1005 858 1087 890 ciare
1105 869 1214 896 arma,
1236 859 1347 892 animo
1360 869 1472 893 tamen
1491 861 1524 894 in
1543 859 1644 907 ipsum
1665 860 1764 909 quam

1002 906 1174 939 Romanos
1186 905 1297 940 multo
1315 907 1580 945 benevolentiori
1598 909 1705 947 affecti
1717 910 1766 946 es-

1004 953 1084 988 sent.

1051 1002 1269 1051 Cupidissime
1290 1016 1365 1039 cum
1388 1005 1552 1040 Romanis
1571 1018 1680 1051 pacem
1693 1010 1763 1041 Per·
1778 1021 1885 1061 Romani

993 1053 1059 1097 scus
1071 1051 1299 1090 continuasset,
1310 1053 1364 1088 sed
1376 1053 1452 1090 cum
1466 1055 1601 1090 Senatus
1611 1057 1763 1103 iniquitas
1780 1064 1890 1098 Perseum

1001 1114 1101 1151 atque
1117 1103 1264 1150 superbia
1282 1103 1407 1139 bellum
1424 1105 1481 1152 ipsi
1493 1104 1612 1140 fecisset
1622 1103 1761 1140 necessa-
1779 1104 1880 1143 adigunt
1888 1099 1922 1132 ΜΖ

1001 1154 1098 1190 rium,
1107 1153 1321 1201 quadraginta
1330 1155 1433 1188 millia
1443 1155 1668 1189 Macedonum
1678 1155 1762 1189 duo·
1781 1145 1872 1174 bellum.

1002 1201 1061 1235 bus
1075 1201 1279 1237 Consulibus
1290 1216 1346 1250 per
1360 1203 1534 1239 biennium
1545 1204 1713 1252 opposuit,
1727 1208 1763 1239 δε

1678 104 1757 137 223

986 1256 1117 1286 'Contra
1134 1264 1271 1286 omnen]
1297 1254 1530 1289 Romanorum
1552 1257 1619 1290 Vim
1638 1265 1764 1289 artem-

1001 1308 1064 1348 q'ue
1075 1303 1166 1349 regni
1178 1301 1224 1335 sui
1237 1300 1319 1336 fines
1331 1313 1456 1338 tutatus
1467 1304 1533 1339 est:
1555 1308 1587 1339 ὃ(
1597 1303 1676 1351 saepe
1688 1316 1764 1351 pro-

1006 1352 1152 1398 pinquus
1172 1348 1235 1386 fuit
1247 1353 1350 1399 plenae
1366 1354 1511 1401 viC'toriae
1522 1378 1532 1394 ‚
1553 1352 1613 1387 nisi
1631 1356 1767 1388 innatus

1002 1401 1104 1434 timor
1114 1411 1214 1448 atque
1229 1403 1361 1436 avaritia
1371 1415 1487 1437 omnes
1496 1404 1562 1438 suas
1575 1403 1643 1451 spes
1654 1415 1769 1437 corru-

1003 1449 1103 1497 piffet.
1139 1451 1354 1486 Conduxerat
1387 1453 1506 1500 viginti
1531 1455 1675 1488 virorum
1694 1451 1766 1486 for-

1002 1503 1086 1547 tium
1105 1501 1208 1534 millia
1227 1514 1265 1535 ex
1285 1501 1443 1536 Bastarnis
1456 1529 1464 1542 ,
1485 1503 1764 1552 quorumdccem

1005 1551 1108 1584 millia
1129 1551 1254 1596 equites
1272 1562 1365 1586 erant
1383 1575 1394 1592 ‚
1422 1551 1458 1585 hi
1473 1551 1656 1588 stultissimfi
1671 1553 1765 1602 Persii
1783 1542 1927 1593 Perftmfiih

1005 1599 1198 1646 parsimonia
1219 1598 1355 1640 offenfi‚
1390 1600 1531 1636 domum
1567 1601 1764 1638 remearunt.
1778 1588 1900 1658 s‘ZeTt‘i'J

1006 1652 1129 1683 Gentzus
1139 1649 1324 1696 lllyriorum
1340 1651 1413 1684 Rex
1426 1649 1570 1686 habebat
1588 1651 1644 1687 sub
1665 1652 1763 1701 signis
1783 1639 1816 1657 m
1835 1640 1854 1658 rt
1898 1647 1906 1656 ⁰

1004 1699 1195 1746 quindecim
1222 1700 1325 1734 millia
1349 1711 1459 1748 parata
1485 1704 1585 1750 Perseo
1611 1703 1768 1742 militare,

1005 1748 1056 1783 sed
1076 1760 1112 1783 ut
1132 1750 1281 1796 integros
1301 1750 1463 1785 Romanis
1487 1751 1563 1786 suos
1599 1752 1770 1787 thesauros

1003 1797 1139 1833 servaret
1150 1797 1279 1845 Perftus,
1291 1799 1402 1847 inopi&
1411 1799 1564 1848 stipendii
1576 1805 1609 1836 &
1621 1801 1703 1838 istud
1712 1814 1771 1837 au-

1005 1849 1123 1883 xilium
1139 1846 1289 1895 perdidit.

1053 1901 1158 1931 Anno
1171 1896 1250 1931 belli
1270 1899 1368 1932 tertio
1382 1897 1540 1933 ‹AEmilius
1553 1899 1662 1935 Paulus
1676 1901 1772 1936 Con-

1004 1945 1063 1986 sul,
1076 1949 1124 1981 vir
1135 1947 1275 1994 prudens
1286 1951 1317 1982 &
1331 1947 1441 1987 fortis,
1452 1948 1568 1983 diebus
1580 1952 1688 1996 paucis
1699 1954 1773 1984 Per-

996 1999 1080 2045 seum
1093 1996 1291 2037 debellavit,
1321 1999 1379 2045 qui
1398 1999 1520 2032 timore
1543 1996 1600 2032 suo
1621 2000 1771 2046 inprimis

1004 2048 1108 2082 vietus
1121 2047 1160 2082 ad
1173 2046 1406 2081 Samothraces
1416 2045 1540 2094 asylum
1555 2046 1652 2095 fugit.
1676 2048 1769 2084 Cum

1003 2109 1121 2131 omnes
1133 2109 1208 2130 eum
1221 2094 1534 2132 amicideseruiss'ent
1552 2121 1562 2134 ‚
1584 2097 1722 2132 tandem
1739 2098 1768 2133 se

1004 2145 1161 2181 Consulis
1181 2146 1317 2181 arbitrio
1337 2146 1494 2193 permisit.
1538 2149 1628 2182 Ante
1649 2149 1769 2182 triurn-

1003 2196 1133 2243 phantis
1154 2209 1284 2230 currum
1298 2208 1374 2230 cum
1385 2196 1516 2230 duobus
1529 2194 1602 2231 filiis
1616 2201 1647 2231 &
1660 2197 1766 2231 Gentio

1001 2246 1094 2293 Rege
1106 2246 1292 2291 lllyriorum
1310 2258 1365 2293 per
1377 2246 1498 2280 Romae
1511 2247 1634 2293 plateas
1646 2249 1680 2281 in
1693 2249 1762 2281 vin·
1782 2257 1874 2292 Regum

1000 2295 1082 2329 culis
1094 2294 1213 2329 ductus
1236 2294 1303 2335 est,
1326 2296 1403 2329 &in
1421 2308 1564 2333 carcere,
1583 2308 1619 2330 ut
1630 2297 1763 2344 quidam
1783 2294 1905 2342 Macedq-

1001 2342 1120 2379 volunt
1133 2369 1141 2382 ‚
1152 2344 1257 2379 inedia
1267 2369 1276 2382 ,
1297 2355 1334 2378 ut
1343 2345 1396 2378 alii
1410 2344 1519 2391 vigilia
1533 2347 1667 2379 eneifftus
1679 2370 1689 2385 ,
1702 2344 1764 2379 una
1782 2344 1913 2381 ”¹³².‘*'²''¹'·

1004 2406 1080 2427 cum
1094 2389 1238 2440 ‘Philippo
1251 2392 1343 2427 filio:
1361 2394 1443 2427 alter
1461 2392 1548 2426 filius
1570 2392 1765 2428 exstem-ander
1778 2382 1856 2414 ‘'m''

1002 2441 1111 2490 primo
1123 2441 1204 2477 fabri
1216 2444 1343 2491 lignarii
1355 2454 1466 2482 artem,
1479 2441 1589 2489 postea
1599 2441 1708 2477 scribae
1723 2445 1764 2479 ad
1884 2442 1886 2445 ’

1001 2494 1074 2526 vitae
1086 2491 1185 2526 finem
1201 2493 1319 2526 Romae
1334 2495 1491 2531 exercuit,
1503 2494 1546 2526 ita
1559 2491 1766 2529 Maccdoniae

1003 2543 1135 2587 Regum
1149 2540 1240 2586 stirps
1252 2542 1360 2574 omnis
1372 2541 1510 2575 interiit.

1052 2587 1232 2630 Hannibale,
1247 2587 1398 2623 Antiocho
1411 2614 1420 2629 ‚
1434 2594 1467 2624 &
1477 2589 1583 2636 ‘Persio
1596 2589 1763 2625 debellatis
1781 2601 1891 2632 Crudelis

1004 2640 1151 2674 Romani
1169 2641 1297 2673 nullum
1315 2640 1414 2673 alium
1428 2651 1611 2674 metuentes
1627 2639 1762 2679 hostem,
1778 2648 1899 2683 Romano-

1005 2687 1137 2736 superbfi
1161 2690 1352 2724 crudelitate
1378 2691 1502 2724 amicos
1530 2690 1653 2737 ubique
1667 2704 1761 2726 vexa-
1781 2688 1868 2712 rumin

1004 2739 1095 2773 bant.
1123 2738 1280 2773 :Aimilim
1298 2738 1401 2773 Paulus
1415 2741 1454 2774 ad
1474 2738 1502 2773 se
1514 2740 1680 2774 advocatis
1696 2743 1759 2788 pri·
1779 2726 1899 2795 pyry’ffg

1005 2789 1113 2822 mariis
1135 2790 1210 2822 viris
1226 2789 1265 2822 de
1283 2788 1447 2837 sexaginta
1465 2791 1612 2837 quinque
1624 2791 1764 2826 civitati·
1779 2778 1823 2795 vm
1844 2781 1877 2796 ἰ’
1899 2789 1907 2797 ’

1004 2838 1063 2871 bus
1074 2838 1472 2887 Epirotarurn,imperavit
1484 2850 1518 2873 ut
1527 2852 1663 2873 ornnem
1675 2840 1762 2877 suam

1006 2889 1176 2934 pecuniam
1198 2887 1255 2922 fibi
1275 2889 1454 2928 traderent,
1475 2889 1557 2923 hanc
1569 2889 1654 2936 quasi
1673 2903 1765 2925 acce-

1007 2949 1118 2985 pturos
1139 2950 1213 2972 cum
1226 2940 1262 2972 iis
1281 2938 1419 2974 domurn
1440 2938 1524 2973 misit
1539 2938 1612 2973 suos
1625 2941 1763 2976 milites:

1005 3001 1045 3022 eo
1072 2999 1226 3035 praetextu
1245 2990 1389 3024 civitates
1415 3001 1530 3023 omnes
1550 2990 1760 3036 Epirotarum

1006 3039 1149 3072 Romani
1171 3037 1329 3073 intr-Erunt
1346 3043 1377 3074 in
1397 3051 1474 3084 pace
1486 3062 1494 3074 ‚
1520 3038 1572 3073 sed
1591 3053 1669 3074 mox
1680 3040 1761 3076 dieu

1005 3087 1020 3122 ᾖ
1033 3087 1175 3122 Consule
1185 3089 1272 3122 ἀίξὶο
1283 3101 1398 3123 contra
1409 3090 1546 3124 inermes
1557 3088 1760 3137 insurgentes

1007 3139 1121 3172 armati
1133 3164 1142 3177 ,
1163 3139 1332 3185 ingentem
1346 3139 1519 3174 hominum
1531 3140 1761 3174 innocentium

1009 3188 1145 3238 stragem
1172 3187 1340 3225 ediderunt
1353 3203 1364 3232 3
1395 3190 1540 3226 civitates
1566 3189 1740 3239 spolifirunt
1752 3214 1762 3226 2

1629 3247 1763 3273 centum
