<?xml version="1.0" encoding="UTF-8"?>
<!DOCTYPE html PUBLIC "-//W3C//DTD XHTML 1.0 Transitional//EN"
    "http://www.w3.org/TR/xhtml1/DTD/xhtml1-transitional.dtd">
<html xmlns="http://www.w3.org/1999/xhtml" xml:lang="en" lang="en">
 <head>
  <title>
</title>
<meta http-equiv="Content-Type" content="text/html;charset=utf-8" />
  <meta name='ocr-system' content='tesseract 3.04.00' />
  <meta name='ocr-capabilities' content='ocr_page ocr_carea ocr_par ocr_line ocrx_word'/>
</head>
<body>
  <div class='ocr_page' id='page_1' title='image "./operishistoricie00bail_0375.png"; bbox 0 0 2048 3343; ppageno 0'>
   <div class='ocr_carea' id='block_1_1' title="bbox 0 1176 2 1203">
    <p class='ocr_par' dir='ltr' id='par_1_1' title="bbox 0 1176 2 1203">
     <span class='ocr_line' id='line_1_1' title="bbox 0 1176 1 1189; baseline 0 0"><span class='ocrx_word' id='word_1_1' title='bbox 0 1176 1 1189; x_wconf 77' lang='lat' dir='ltr'>l</span> 
     </span>
     <span class='ocr_line' id='line_1_2' title="bbox 0 1194 2 1203; baseline 0 0"><span class='ocrx_word' id='word_1_2' title='bbox 0 1194 2 1203; x_wconf 58' lang='grc' dir='ltr'>ι</span> 
     </span>
    </p>
   </div>
   <div class='ocr_carea' id='block_1_2' title="bbox 55 493 166 521">
    <p class='ocr_par' dir='ltr' id='par_1_2' title="bbox 55 493 166 521">
     <span class='ocr_line' id='line_1_3' title="bbox 55 493 166 521; baseline -0.009 0"><span class='ocrx_word' id='word_1_3' title='bbox 55 493 166 521; x_wconf 75' lang='lat' dir='ltr'>Middel-</span> 
     </span>
    </p>
   </div>
   <div class='ocr_carea' id='block_1_3' title="bbox 3 531 178 569">
    <p class='ocr_par' dir='ltr' id='par_1_3' title="bbox 3 531 178 569">
     <span class='ocr_line' id='line_1_4' title="bbox 3 531 178 569; baseline 0 -9"><span class='ocrx_word' id='word_1_4' title='bbox 3 552 6 556; x_wconf 40' lang='grc' dir='ltr'><em>ι</em></span> <span class='ocrx_word' id='word_1_5' title='bbox 56 531 178 569; x_wconf 64' lang='lat' dir='ltr'>burgensis</span> 
     </span>
    </p>
   </div>
   <div class='ocr_carea' id='block_1_4' title="bbox 52 573 187 609">
    <p class='ocr_par' dir='ltr' id='par_1_4' title="bbox 52 573 187 609">
     <span class='ocr_line' id='line_1_5' title="bbox 52 573 187 609; baseline 0.007 -9"><span class='ocrx_word' id='word_1_6' title='bbox 52 573 187 609; x_wconf 76' lang='lat' dir='ltr'>fhmmum.</span> 
     </span>
    </p>
   </div>
   <div class='ocr_carea' id='block_1_5' title="bbox 60 1386 217 1493">
    <p class='ocr_par' dir='ltr' id='par_1_5' title="bbox 60 1386 217 1493">
     <span class='ocr_line' id='line_1_6' title="bbox 61 1386 207 1412; baseline 0 0"><span class='ocrx_word' id='word_1_7' title='bbox 61 1386 164 1412; x_wconf 70' lang='lat' dir='ltr'>Baronii</span> <span class='ocrx_word' id='word_1_8' title='bbox 180 1387 207 1412; x_wconf 84' lang='lat' dir='ltr'>in</span> 
     </span>
     <span class='ocr_line' id='line_1_7' title="bbox 60 1433 217 1454; baseline 0.013 -4"><span class='ocrx_word' id='word_1_9' title='bbox 60 1435 126 1450; x_wconf 77' lang='lat' dir='ltr'>anno</span> <span class='ocrx_word' id='word_1_10' title='bbox 139 1433 217 1454; x_wconf 75' lang='lat' dir='ltr'>nata-</span> 
     </span>
     <span class='ocr_line' id='line_1_8' title="bbox 60 1464 167 1493; baseline -0.019 -2"><span class='ocrx_word' id='word_1_11' title='bbox 60 1464 80 1491; x_wconf 77' lang='lat' dir='ltr'>lt</span> <span class='ocrx_word' id='word_1_12' title='bbox 92 1475 167 1493; x_wconf 77' lang='lat' dir='ltr'>error,</span> 
     </span>
    </p>
   </div>
   <div class='ocr_carea' id='block_1_6' title="bbox 475 103 1249 144">
    <p class='ocr_par' dir='ltr' id='par_1_6' title="bbox 475 103 1249 144">
     <span class='ocr_line' id='line_1_9' title="bbox 475 103 1249 144; baseline -0.014 0"><span class='ocrx_word' id='word_1_13' title='bbox 475 118 555 144; x_wconf 74' lang='lat' dir='ltr'>ET</span> <span class='ocrx_word' id='word_1_14' title='bbox 612 103 1249 142; x_wconf 73' lang='lat' dir='ltr'>CHR0N0L0c1C1</span> 
     </span>
    </p>
   </div>
   <div class='ocr_carea' id='block_1_7' title="bbox 1306 93 1560 134">
    <p class='ocr_par' dir='ltr' id='par_1_7' title="bbox 1306 93 1560 134">
     <span class='ocr_line' id='line_1_10' title="bbox 1306 93 1560 134; baseline -0.012 0"><span class='ocrx_word' id='word_1_15' title='bbox 1306 96 1444 134; x_wconf 72' lang='lat' dir='ltr'>L1n.</span> <span class='ocrx_word' id='word_1_16' title='bbox 1502 93 1560 132; x_wconf 87' lang='grc' dir='ltr'>ΙΙ.</span> 
     </span>
    </p>
   </div>
   <div class='ocr_carea' id='block_1_8' title="bbox 1742 102 1786 143">
    <p class='ocr_par' dir='ltr' id='par_1_8' title="bbox 1742 102 1786 143">
     <span class='ocr_line' id='line_1_11' title="bbox 1742 102 1786 143; baseline -0.023 0"><span class='ocrx_word' id='word_1_17' title='bbox 1742 102 1786 143; x_wconf 84' lang='lat'>37</span> 
     </span>
    </p>
   </div>
   <div class='ocr_carea' id='block_1_9' title="bbox 224 164 1786 279">
    <p class='ocr_par' dir='ltr' id='par_1_9' title="bbox 224 164 1786 279">
     <span class='ocr_line' id='line_1_12' title="bbox 225 164 1786 228; baseline -0.013 -11"><span class='ocrx_word' id='word_1_18' title='bbox 225 196 290 219; x_wconf 85' lang='lat' dir='ltr'>rem</span> <span class='ocrx_word' id='word_1_19' title='bbox 302 179 477 228; x_wconf 81' lang='lat' dir='ltr'>Euangelio</span> <span class='ocrx_word' id='word_1_20' title='bbox 491 177 600 212; x_wconf 69' lang='lat' dir='ltr'>diserte</span> <span class='ocrx_word' id='word_1_21' title='bbox 617 174 803 223; x_wconf 56' lang='lat' dir='ltr'>adversatum</span> <span class='ocrx_word' id='word_1_22' title='bbox 823 184 894 206; x_wconf 89' lang='lat' dir='ltr'>nam</span> <span class='ocrx_word' id='word_1_23' title='bbox 906 173 985 205; x_wconf 89' lang='lat' dir='ltr'>Luc.</span> <span class='ocrx_word' id='word_1_24' title='bbox 1022 167 1132 204; x_wconf 79' lang='lat' dir='ltr'>fatetur</span> <span class='ocrx_word' id='word_1_25' title='bbox 1150 169 1181 202; x_wconf 90' lang='lat' dir='ltr'>in</span> <span class='ocrx_word' id='word_1_26' title='bbox 1200 167 1509 201; x_wconf 83' lang='lat' dir='ltr'>animadversionibus</span> <span class='ocrx_word' id='word_1_27' title='bbox 1527 165 1584 200; x_wconf 89' lang='lat' dir='ltr'>suis</span> <span class='ocrx_word' id='word_1_28' title='bbox 1602 166 1634 198; x_wconf 88' lang='lat' dir='ltr'>in</span> <span class='ocrx_word' id='word_1_29' title='bbox 1652 164 1786 213; x_wconf 80' lang='lat' dir='ltr'>Epipha-</span> 
     </span>
     <span class='ocr_line' id='line_1_13' title="bbox 224 213 1786 279; baseline -0.012 -13"><span class='ocrx_word' id='word_1_30' title='bbox 224 235 374 279; x_wconf 80' lang='lat'>3.1.&amp;23.</span> <span class='ocrx_word' id='word_1_31' title='bbox 385 228 527 265; x_wconf 88' lang='lat' dir='ltr'>Christus</span> <span class='ocrx_word' id='word_1_32' title='bbox 535 226 578 262; x_wconf 88' lang='lat' dir='ltr'>est</span> <span class='ocrx_word' id='word_1_33' title='bbox 586 226 754 273; x_wconf 85' lang='lat' dir='ltr'>baptizatus</span> <span class='ocrx_word' id='word_1_34' title='bbox 762 223 886 258; x_wconf 87' lang='lat' dir='ltr'>decimo</span> <span class='ocrx_word' id='word_1_35' title='bbox 894 220 987 267; x_wconf 88' lang='lat' dir='ltr'>quin·</span> <span class='ocrx_word' id='word_1_36' title='bbox 1022 222 1066 252; x_wconf 86' lang='lat' dir='ltr'>nii</span> <span class='ocrx_word' id='word_1_37' title='bbox 1084 215 1209 253; x_wconf 74' lang='lat' dir='ltr'>haeresin</span> <span class='ocrx_word' id='word_1_38' title='bbox 1227 217 1407 264; x_wconf 85' lang='lat' dir='ltr'>Alogorum</span> <span class='ocrx_word' id='word_1_39' title='bbox 1426 213 1708 264; x_wconf 51' lang='lat' dir='ltr'>quinduagesimam</span> <span class='ocrx_word' id='word_1_40' title='bbox 1722 215 1786 262; x_wconf 88' lang='lat' dir='ltr'>pri-</span> 
     </span>
    </p>
   </div>
   <div class='ocr_carea' id='block_1_10' title="bbox 224 271 1011 3249">
    <p class='ocr_par' dir='ltr' id='par_1_10' title="bbox 224 271 987 466">
     <span class='ocr_line' id='line_1_14' title="bbox 225 271 986 326; baseline -0.021 -10"><span class='ocrx_word' id='word_1_41' title='bbox 225 294 261 316; x_wconf 87' lang='lat' dir='ltr'>to</span> <span class='ocrx_word' id='word_1_42' title='bbox 275 280 405 320; x_wconf 59' lang='lat' dir='ltr'>Tiberii,</span> <span class='ocrx_word' id='word_1_43' title='bbox 419 284 450 315; x_wconf 69' lang='grc' dir='ltr'>δι</span> <span class='ocrx_word' id='word_1_44' title='bbox 464 277 569 326; x_wconf 71' lang='lat' dir='ltr'>postea</span> <span class='ocrx_word' id='word_1_45' title='bbox 582 287 651 310; x_wconf 82' lang='lat' dir='ltr'>ante</span> <span class='ocrx_word' id='word_1_46' title='bbox 659 285 796 309; x_wconf 90' lang='lat' dir='ltr'>mortem</span> <span class='ocrx_word' id='word_1_47' title='bbox 808 271 927 317; x_wconf 88' lang='lat' dir='ltr'>aliquot</span> <span class='ocrx_word' id='word_1_48' title='bbox 935 280 986 301; x_wconf 80' lang='lat' dir='ltr'>an-</span> 
     </span>
     <span class='ocr_line' id='line_1_15' title="bbox 224 317 987 378; baseline -0.022 -12"><span class='ocrx_word' id='word_1_49' title='bbox 224 332 271 365; x_wconf 84' lang='lat' dir='ltr'>nis</span> <span class='ocrx_word' id='word_1_50' title='bbox 285 330 459 378; x_wconf 79' lang='lat' dir='ltr'>praedicavit</span> <span class='ocrx_word' id='word_1_51' title='bbox 473 325 677 373; x_wconf 81' lang='lat' dir='ltr'>Euangelium</span> <span class='ocrx_word' id='word_1_52' title='bbox 685 347 696 362; x_wconf 92' lang='lat'>,</span> <span class='ocrx_word' id='word_1_53' title='bbox 717 333 794 369; x_wconf 87' lang='lat' dir='ltr'>ergo</span> <span class='ocrx_word' id='word_1_54' title='bbox 807 331 872 352; x_wconf 91' lang='lat' dir='ltr'>non</span> <span class='ocrx_word' id='word_1_55' title='bbox 884 317 987 365; x_wconf 89' lang='lat' dir='ltr'>potuit</span> 
     </span>
     <span class='ocr_line' id='line_1_16' title="bbox 225 368 986 416; baseline -0.022 0"><span class='ocrx_word' id='word_1_56' title='bbox 225 393 288 415; x_wconf 83' lang='lat' dir='ltr'>tam</span> <span class='ocrx_word' id='word_1_57' title='bbox 296 378 414 415; x_wconf 71' lang='lat' dir='ltr'>mature</span> <span class='ocrx_word' id='word_1_58' title='bbox 422 376 500 412; x_wconf 80' lang='lat' dir='ltr'>nasci</span> <span class='ocrx_word' id='word_1_59' title='bbox 511 400 522 415; x_wconf 87' lang='lat'>,</span> <span class='ocrx_word' id='word_1_60' title='bbox 534 385 568 408; x_wconf 87' lang='lat' dir='ltr'>ut</span> <span class='ocrx_word' id='word_1_61' title='bbox 576 383 644 407; x_wconf 88' lang='lat' dir='ltr'>ante</span> <span class='ocrx_word' id='word_1_62' title='bbox 653 368 908 416; x_wconf 66' lang='lat' dir='ltr'>Dbertiprimum</span> <span class='ocrx_word' id='word_1_63' title='bbox 916 378 986 400; x_wconf 91' lang='lat' dir='ltr'>mo-</span> 
     </span>
     <span class='ocr_line' id='line_1_17' title="bbox 225 441 350 466; baseline -0.04 0"><span class='ocrx_word' id='word_1_64' title='bbox 225 441 350 466; x_wconf 83' lang='lat' dir='ltr'>teretur.</span> 
     </span>
    </p>

    <p class='ocr_par' dir='ltr' id='par_1_11' title="bbox 224 465 997 1359">
     <span class='ocr_line' id='line_1_18' title="bbox 272 465 989 521; baseline -0.02 -8"><span class='ocrx_word' id='word_1_65' title='bbox 272 478 381 514; x_wconf 83' lang='lat' dir='ltr'>Paulus</span> <span class='ocrx_word' id='word_1_66' title='bbox 400 471 684 521; x_wconf 82' lang='lat' dir='ltr'>Middelburgensis</span> <span class='ocrx_word' id='word_1_67' title='bbox 703 468 888 518; x_wconf 80' lang='lat' dir='ltr'>palpabilem</span> <span class='ocrx_word' id='word_1_68' title='bbox 906 465 989 500; x_wconf 88' lang='lat' dir='ltr'>hunc</span> 
     </span>
     <span class='ocr_line' id='line_1_19' title="bbox 227 515 989 570; baseline -0.02 -6"><span class='ocrx_word' id='word_1_69' title='bbox 227 540 365 564; x_wconf 87' lang='lat' dir='ltr'>errorem</span> <span class='ocrx_word' id='word_1_70' title='bbox 377 538 442 561; x_wconf 89' lang='lat' dir='ltr'>non</span> <span class='ocrx_word' id='word_1_71' title='bbox 455 525 574 560; x_wconf 70' lang='lat' dir='ltr'>tantum</span> <span class='ocrx_word' id='word_1_72' title='bbox 587 520 707 570; x_wconf 68' lang='lat' dir='ltr'>prolixe</span> <span class='ocrx_word' id='word_1_73' title='bbox 719 530 838 558; x_wconf 86' lang='lat' dir='ltr'>tuetur,</span> <span class='ocrx_word' id='word_1_74' title='bbox 854 515 904 551; x_wconf 89' lang='lat' dir='ltr'>sed</span> <span class='ocrx_word' id='word_1_75' title='bbox 918 528 989 550; x_wconf 88' lang='lat' dir='ltr'>eum</span> 
     </span>
     <span class='ocr_line' id='line_1_20' title="bbox 225 565 987 618; baseline -0.02 -5"><span class='ocrx_word' id='word_1_76' title='bbox 225 577 377 615; x_wconf 81' lang='lat' dir='ltr'>invisione</span> <span class='ocrx_word' id='word_1_77' title='bbox 390 576 547 610; x_wconf 58' lang='lat' dir='ltr'>noemma</span> <span class='ocrx_word' id='word_1_78' title='bbox 559 572 598 608; x_wconf 87' lang='lat' dir='ltr'>ab</span> <span class='ocrx_word' id='word_1_79' title='bbox 619 570 779 618; x_wconf 88' lang='lat' dir='ltr'>Apostolo</span> <span class='ocrx_word' id='word_1_80' title='bbox 800 569 892 602; x_wconf 85' lang='lat' dir='ltr'>Paulo</span> <span class='ocrx_word' id='word_1_81' title='bbox 911 565 987 600; x_wconf 85' lang='lat' dir='ltr'>didi-</span> 
     </span>
     <span class='ocr_line' id='line_1_21' title="bbox 226 616 990 674; baseline -0.021 -10"><span class='ocrx_word' id='word_1_82' title='bbox 226 627 297 664; x_wconf 80' lang='lat' dir='ltr'>cisse</span> <span class='ocrx_word' id='word_1_83' title='bbox 312 624 339 661; x_wconf 91' lang='lat' dir='ltr'>se</span> <span class='ocrx_word' id='word_1_84' title='bbox 352 625 527 674; x_wconf 82' lang='lat' dir='ltr'>profitetur.</span> <span class='ocrx_word' id='word_1_85' title='bbox 549 625 696 658; x_wconf 85' lang='lat' dir='ltr'>Baronius</span> <span class='ocrx_word' id='word_1_86' title='bbox 711 617 866 654; x_wconf 89' lang='lat' dir='ltr'>somnium</span> <span class='ocrx_word' id='word_1_87' title='bbox 880 616 944 650; x_wconf 90' lang='lat' dir='ltr'>hoc</span> <span class='ocrx_word' id='word_1_88' title='bbox 958 626 990 648; x_wconf 88' lang='lat' dir='ltr'>ut</span> 
     </span>
     <span class='ocr_line' id='line_1_22' title="bbox 225 663 990 722; baseline -0.021 -9"><span class='ocrx_word' id='word_1_89' title='bbox 225 678 390 713; x_wconf 88' lang='lat' dir='ltr'>ridiculum</span> <span class='ocrx_word' id='word_1_90' title='bbox 404 673 554 722; x_wconf 83' lang='lat' dir='ltr'>sophisma</span> <span class='ocrx_word' id='word_1_91' title='bbox 568 672 685 718; x_wconf 86' lang='lat' dir='ltr'>rejicit,</span> <span class='ocrx_word' id='word_1_92' title='bbox 701 682 759 704; x_wconf 91' lang='lat' dir='ltr'>nec</span> <span class='ocrx_word' id='word_1_93' title='bbox 771 669 884 702; x_wconf 89' lang='lat' dir='ltr'>mirum</span> <span class='ocrx_word' id='word_1_94' title='bbox 894 690 903 705; x_wconf 92' lang='lat'>,</span> <span class='ocrx_word' id='word_1_95' title='bbox 918 663 990 698; x_wconf 73' lang='lat' dir='ltr'>cum</span> 
     </span>
     <span class='ocr_line' id='line_1_23' title="bbox 226 712 990 775; baseline -0.02 -13"><span class='ocrx_word' id='word_1_96' title='bbox 226 726 288 775; x_wconf 87' lang='lat' dir='ltr'>ipse</span> <span class='ocrx_word' id='word_1_97' title='bbox 306 723 588 773; x_wconf 84' lang='lat' dir='ltr'>Middclburgenfis</span> <span class='ocrx_word' id='word_1_98' title='bbox 608 721 720 755; x_wconf 90' lang='lat' dir='ltr'>somnii</span> <span class='ocrx_word' id='word_1_99' title='bbox 739 723 771 753; x_wconf 87' lang='lat'>&amp;</span> <span class='ocrx_word' id='word_1_100' title='bbox 790 716 915 751; x_wconf 80' lang='lat' dir='ltr'>visionis</span> <span class='ocrx_word' id='word_1_101' title='bbox 934 712 990 748; x_wconf 82' lang='lat' dir='ltr'>suae</span> 
     </span>
     <span class='ocr_line' id='line_1_24' title="bbox 226 762 991 818; baseline -0.02 -6"><span class='ocrx_word' id='word_1_102' title='bbox 226 778 344 811; x_wconf 89' lang='lat' dir='ltr'>oblitus</span> <span class='ocrx_word' id='word_1_103' title='bbox 362 775 433 810; x_wconf 86' lang='lat' dir='ltr'>alibi</span> <span class='ocrx_word' id='word_1_104' title='bbox 447 776 477 808; x_wconf 90' lang='lat' dir='ltr'>in</span> <span class='ocrx_word' id='word_1_105' title='bbox 491 773 591 808; x_wconf 88' lang='lat' dir='ltr'>culcet</span> <span class='ocrx_word' id='word_1_106' title='bbox 603 771 756 818; x_wconf 77' lang='lat' dir='ltr'>vulgatam</span> <span class='ocrx_word' id='word_1_107' title='bbox 770 779 860 801; x_wconf 83' lang='lat' dir='ltr'>aeram</span> <span class='ocrx_word' id='word_1_108' title='bbox 871 762 991 800; x_wconf 74' lang='lat' dir='ltr'>tantum</span> 
     </span>
     <span class='ocr_line' id='line_1_25' title="bbox 224 815 991 867; baseline -0.017 -6"><span class='ocrx_word' id='word_1_109' title='bbox 224 825 325 861; x_wconf 81' lang='lat' dir='ltr'>abesse</span> <span class='ocrx_word' id='word_1_110' title='bbox 337 851 347 866; x_wconf 94' lang='lat'>‚</span> <span class='ocrx_word' id='word_1_111' title='bbox 367 836 400 859; x_wconf 93' lang='lat' dir='ltr'>ut</span> <span class='ocrx_word' id='word_1_112' title='bbox 412 836 519 858; x_wconf 87' lang='lat' dir='ltr'>verum</span> <span class='ocrx_word' id='word_1_113' title='bbox 532 821 664 867; x_wconf 78' lang='lat' dir='ltr'>natalem</span> <span class='ocrx_word' id='word_1_114' title='bbox 678 818 787 867; x_wconf 81' lang='lat' dir='ltr'>viginti</span> <span class='ocrx_word' id='word_1_115' title='bbox 800 815 923 851; x_wconf 84' lang='lat' dir='ltr'>duobus</span> <span class='ocrx_word' id='word_1_116' title='bbox 939 827 991 849; x_wconf 89' lang='lat' dir='ltr'>an-</span> 
     </span>
     <span class='ocr_line' id='line_1_26' title="bbox 224 864 991 923; baseline -0.018 -12"><span class='ocrx_word' id='word_1_117' title='bbox 224 878 273 911; x_wconf 87' lang='lat' dir='ltr'>nis</span> <span class='ocrx_word' id='word_1_118' title='bbox 287 873 428 923; x_wconf 86' lang='lat' dir='ltr'>sequatur</span> <span class='ocrx_word' id='word_1_119' title='bbox 436 899 444 913; x_wconf 93' lang='lat'>‚</span> <span class='ocrx_word' id='word_1_120' title='bbox 461 885 493 908; x_wconf 92' lang='lat' dir='ltr'>ut</span> <span class='ocrx_word' id='word_1_121' title='bbox 507 885 579 907; x_wconf 90' lang='lat' dir='ltr'>eum</span> <span class='ocrx_word' id='word_1_122' title='bbox 593 871 685 906; x_wconf 86' lang='lat' dir='ltr'>etiam</span> <span class='ocrx_word' id='word_1_123' title='bbox 695 867 817 914; x_wconf 75' lang='lat' dir='ltr'>duobus</span> <span class='ocrx_word' id='word_1_124' title='bbox 825 864 991 899; x_wconf 79' lang='lat' dir='ltr'>antecedat.</span> 
     </span>
     <span class='ocr_line' id='line_1_27' title="bbox 224 919 990 975; baseline -0.021 -13"><span class='ocrx_word' id='word_1_125' title='bbox 224 927 331 961; x_wconf 60' lang='lat' dir='ltr'>Recte</span> <span class='ocrx_word' id='word_1_126' title='bbox 344 924 539 975; x_wconf 73' lang='lat' dir='ltr'>Spanhcmius</span> <span class='ocrx_word' id='word_1_127' title='bbox 552 923 675 954; x_wconf 80' lang='lat' dir='ltr'>Petavii</span> <span class='ocrx_word' id='word_1_128' title='bbox 686 919 737 953; x_wconf 89' lang='lat' dir='ltr'>hic</span> <span class='ocrx_word' id='word_1_129' title='bbox 752 920 880 959; x_wconf 54' lang='grc' dir='ltr'>,ὶςλεψίκν</span> <span class='ocrx_word' id='word_1_130' title='bbox 894 924 990 951; x_wconf 88' lang='lat' dir='ltr'>notat,</span> 
     </span>
     <span class='ocr_line' id='line_1_28' title="bbox 225 962 993 1024; baseline -0.02 -13"><span class='ocrx_word' id='word_1_131' title='bbox 225 976 314 1024; x_wconf 77' lang='lat' dir='ltr'>quod</span> <span class='ocrx_word' id='word_1_132' title='bbox 329 972 533 1019; x_wconf 70' lang='lat' dir='ltr'>Castfizbonum</span> <span class='ocrx_word' id='word_1_133' title='bbox 546 970 687 1005; x_wconf 91' lang='lat' dir='ltr'>nostrum</span> <span class='ocrx_word' id='word_1_134' title='bbox 700 968 809 1003; x_wconf 84' lang='lat' dir='ltr'>acriter</span> <span class='ocrx_word' id='word_1_135' title='bbox 823 975 904 1001; x_wconf 83' lang='lat' dir='ltr'>taxet</span> <span class='ocrx_word' id='word_1_136' title='bbox 911 962 993 1011; x_wconf 79' lang='lat' dir='ltr'>qnasi</span> 
     </span>
     <span class='ocr_line' id='line_1_29' title="bbox 225 1013 993 1071; baseline -0.018 -10"><span class='ocrx_word' id='word_1_137' title='bbox 225 1024 352 1061; x_wconf 64' lang='lat' dir='ltr'>ridicule</span> <span class='ocrx_word' id='word_1_138' title='bbox 371 1024 582 1071; x_wconf 77' lang='lat' dir='ltr'>corrigentem</span> <span class='ocrx_word' id='word_1_139' title='bbox 595 1023 761 1053; x_wconf 80' lang='lat' dir='ltr'>Barom&#39;um</span> <span class='ocrx_word' id='word_1_140' title='bbox 778 1021 810 1052; x_wconf 91' lang='lat'>&amp;</span> <span class='ocrx_word' id='word_1_141' title='bbox 824 1013 993 1051; x_wconf 89' lang='lat' dir='ltr'>defenden-</span> 
     </span>
     <span class='ocr_line' id='line_1_30' title="bbox 226 1065 994 1121; baseline -0.017 -11"><span class='ocrx_word' id='word_1_142' title='bbox 226 1088 290 1110; x_wconf 86' lang='lat' dir='ltr'>tem</span> <span class='ocrx_word' id='word_1_143' title='bbox 304 1070 587 1121; x_wconf 85' lang='lat' dir='ltr'>Middelburgenfis</span> <span class='ocrx_word' id='word_1_144' title='bbox 603 1068 769 1103; x_wconf 90' lang='lat' dir='ltr'>somnium.</span> <span class='ocrx_word' id='word_1_145' title='bbox 797 1065 882 1100; x_wconf 73' lang='lat' dir='ltr'>Cum</span> <span class='ocrx_word' id='word_1_146' title='bbox 892 1076 994 1099; x_wconf 90' lang='lat' dir='ltr'>tamen</span> 
     </span>
     <span class='ocr_line' id='line_1_31' title="bbox 227 1115 996 1169; baseline -0.02 -9"><span class='ocrx_word' id='word_1_147' title='bbox 227 1126 332 1159; x_wconf 87' lang='lat' dir='ltr'>Itonia</span> <span class='ocrx_word' id='word_1_148' title='bbox 351 1122 514 1169; x_wconf 67' lang='lat' dir='ltr'>[aufizbom&#39;</span> <span class='ocrx_word' id='word_1_149' title='bbox 532 1133 597 1155; x_wconf 91' lang='lat' dir='ltr'>non</span> <span class='ocrx_word' id='word_1_150' title='bbox 622 1119 724 1153; x_wconf 88' lang='lat' dir='ltr'>minus</span> <span class='ocrx_word' id='word_1_151' title='bbox 753 1115 848 1164; x_wconf 75' lang='lat' dir='ltr'>quam</span> <span class='ocrx_word' id='word_1_152' title='bbox 872 1116 996 1149; x_wconf 71' lang='lat' dir='ltr'>Barom‘z&#39;</span> 
     </span>
     <span class='ocr_line' id='line_1_32' title="bbox 226 1162 995 1222; baseline -0.021 -12"><span class='ocrx_word' id='word_1_153' title='bbox 226 1175 352 1222; x_wconf 87' lang='lat' dir='ltr'>propria</span> <span class='ocrx_word' id='word_1_154' title='bbox 367 1175 469 1207; x_wconf 83' lang='lat' dir='ltr'>oratio</span> <span class='ocrx_word' id='word_1_155' title='bbox 483 1170 642 1218; x_wconf 85' lang='lat' dir='ltr'>improbet</span> <span class='ocrx_word' id='word_1_156' title='bbox 650 1162 930 1212; x_wconf 84' lang='lat' dir='ltr'>Middelburgensis</span> <span class='ocrx_word' id='word_1_157' title='bbox 940 1175 995 1195; x_wconf 88' lang='lat' dir='ltr'>nu-</span> 
     </span>
     <span class='ocr_line' id='line_1_33' title="bbox 228 1212 996 1273; baseline -0.021 -13"><span class='ocrx_word' id='word_1_158' title='bbox 228 1238 296 1273; x_wconf 80' lang='lat' dir='ltr'>gas:</span> <span class='ocrx_word' id='word_1_159' title='bbox 311 1224 427 1268; x_wconf 66' lang='lat' dir='ltr'>rejecta</span> <span class='ocrx_word' id='word_1_160' title='bbox 439 1223 532 1270; x_wconf 85' lang='lat' dir='ltr'>igitur</span> <span class='ocrx_word' id='word_1_161' title='bbox 545 1232 608 1254; x_wconf 80' lang='lat' dir='ltr'>tam</span> <span class='ocrx_word' id='word_1_162' title='bbox 617 1216 712 1253; x_wconf 70' lang='lat' dir='ltr'>crassa</span> <span class='ocrx_word' id='word_1_163' title='bbox 725 1227 774 1251; x_wconf 92' lang='lat' dir='ltr'>tot</span> <span class='ocrx_word' id='word_1_164' title='bbox 784 1225 935 1249; x_wconf 88' lang='lat' dir='ltr'>annorum</span> <span class='ocrx_word' id='word_1_165' title='bbox 944 1212 996 1245; x_wconf 79' lang='lat' dir='ltr'>ad-</span> 
     </span>
     <span class='ocr_line' id='line_1_34' title="bbox 230 1264 997 1318; baseline -0.017 -9"><span class='ocrx_word' id='word_1_166' title='bbox 230 1275 368 1313; x_wconf 85' lang='lat' dir='ltr'>ditione,</span> <span class='ocrx_word' id='word_1_167' title='bbox 385 1271 552 1307; x_wconf 79' lang='lat' dir='ltr'>videndum</span> <span class='ocrx_word' id='word_1_168' title='bbox 565 1279 645 1318; x_wconf 90' lang='lat' dir='ltr'>quot</span> <span class='ocrx_word' id='word_1_169' title='bbox 657 1267 780 1302; x_wconf 89' lang='lat' dir='ltr'>tandem</span> <span class='ocrx_word' id='word_1_170' title='bbox 793 1277 857 1299; x_wconf 86' lang='lat' dir='ltr'>aerae</span> <span class='ocrx_word' id='word_1_171' title='bbox 871 1264 997 1309; x_wconf 85' lang='lat' dir='ltr'>vulgatae</span> 
     </span>
     <span class='ocr_line' id='line_1_35' title="bbox 231 1319 586 1359; baseline -0.017 0"><span class='ocrx_word' id='word_1_172' title='bbox 231 1322 347 1359; x_wconf 77' lang='lat' dir='ltr'>merito</span> <span class='ocrx_word' id='word_1_173' title='bbox 361 1321 505 1357; x_wconf 83' lang='lat' dir='ltr'>addendae</span> <span class='ocrx_word' id='word_1_174' title='bbox 518 1319 586 1354; x_wconf 86' lang='lat' dir='ltr'>fint.</span> 
     </span>
    </p>

    <p class='ocr_par' dir='ltr' id='par_1_12' title="bbox 236 1363 1000 1757">
     <span class='ocr_line' id='line_1_36' title="bbox 282 1363 997 1421; baseline -0.017 -15"><span class='ocrx_word' id='word_1_175' title='bbox 282 1371 418 1421; x_wconf 72' lang='lat' dir='ltr'>Joftphus</span> <span class='ocrx_word' id='word_1_176' title='bbox 435 1371 565 1417; x_wconf 75' lang='lat' dir='ltr'>Scaliger</span> <span class='ocrx_word' id='word_1_177' title='bbox 577 1392 588 1408; x_wconf 92' lang='lat'>,</span> <span class='ocrx_word' id='word_1_178' title='bbox 615 1364 758 1411; x_wconf 71' lang='lat' dir='ltr'>Calvifius</span> <span class='ocrx_word' id='word_1_179' title='bbox 772 1389 780 1402; x_wconf 88' lang='lat'>,</span> <span class='ocrx_word' id='word_1_180' title='bbox 812 1363 974 1398; x_wconf 77' lang='lat' dir='ltr'>Torniellus</span> <span class='ocrx_word' id='word_1_181' title='bbox 987 1386 997 1400; x_wconf 90' lang='lat'><em>‚</em></span> 
     </span>
     <span class='ocr_line' id='line_1_37' title="bbox 236 1413 997 1461; baseline -0.016 -5"><span class='ocrx_word' id='word_1_182' title='bbox 236 1426 389 1461; x_wconf 61' lang='lat' dir='ltr'>pererras,</span> <span class='ocrx_word' id='word_1_183' title='bbox 408 1421 561 1455; x_wconf 73' lang='lat' dir='ltr'>Batonius</span> <span class='ocrx_word' id='word_1_184' title='bbox 576 1442 586 1458; x_wconf 92' lang='lat'>,</span> <span class='ocrx_word' id='word_1_185' title='bbox 606 1420 638 1451; x_wconf 67' lang='grc' dir='ltr'>ὃ(</span> <span class='ocrx_word' id='word_1_186' title='bbox 651 1415 701 1449; x_wconf 90' lang='lat' dir='ltr'>alii</span> <span class='ocrx_word' id='word_1_187' title='bbox 717 1414 834 1448; x_wconf 85' lang='lat' dir='ltr'>addunt</span> <span class='ocrx_word' id='word_1_188' title='bbox 847 1413 926 1447; x_wconf 87' lang='lat' dir='ltr'>duos</span> <span class='ocrx_word' id='word_1_189' title='bbox 939 1413 997 1446; x_wconf 86' lang='lat' dir='ltr'>Ba-</span> 
     </span>
     <span class='ocr_line' id='line_1_38' title="bbox 237 1460 998 1507; baseline -0.017 0"><span class='ocrx_word' id='word_1_190' title='bbox 237 1473 362 1507; x_wconf 88' lang='lat' dir='ltr'>ronium</span> <span class='ocrx_word' id='word_1_191' title='bbox 376 1472 446 1505; x_wconf 89' lang='lat' dir='ltr'>licet</span> <span class='ocrx_word' id='word_1_192' title='bbox 459 1470 490 1503; x_wconf 91' lang='lat' dir='ltr'>in</span> <span class='ocrx_word' id='word_1_193' title='bbox 508 1469 572 1502; x_wconf 89' lang='lat' dir='ltr'>hoc</span> <span class='ocrx_word' id='word_1_194' title='bbox 586 1465 717 1500; x_wconf 90' lang='lat' dir='ltr'>biennio</span> <span class='ocrx_word' id='word_1_195' title='bbox 735 1463 792 1499; x_wconf 85' lang='lat' dir='ltr'>fibi</span> <span class='ocrx_word' id='word_1_196' title='bbox 805 1460 998 1498; x_wconf 86' lang='lat' dir='ltr'>consentien-</span> 
     </span>
     <span class='ocr_line' id='line_1_39' title="bbox 236 1510 1000 1568; baseline -0.018 -11"><span class='ocrx_word' id='word_1_197' title='bbox 236 1536 301 1557; x_wconf 87' lang='lat' dir='ltr'>tem</span> <span class='ocrx_word' id='word_1_198' title='bbox 314 1520 433 1568; x_wconf 72' lang='lat' dir='ltr'>prolixe</span> <span class='ocrx_word' id='word_1_199' title='bbox 448 1531 550 1554; x_wconf 87' lang='lat' dir='ltr'>tamen</span> <span class='ocrx_word' id='word_1_200' title='bbox 560 1514 671 1551; x_wconf 83' lang='lat' dir='ltr'>refutat</span> <span class='ocrx_word' id='word_1_201' title='bbox 682 1510 913 1562; x_wconf 78' lang='lat' dir='ltr'>Scaligerinfiiis</span> <span class='ocrx_word' id='word_1_202' title='bbox 922 1514 1000 1545; x_wconf 90' lang='lat' dir='ltr'>Pro-</span> 
     </span>
     <span class='ocr_line' id='line_1_40' title="bbox 236 1561 999 1620; baseline -0.013 -14"><span class='ocrx_word' id='word_1_203' title='bbox 236 1571 429 1620; x_wconf 81' lang='lat' dir='ltr'>legomenis‚</span> <span class='ocrx_word' id='word_1_204' title='bbox 444 1567 493 1603; x_wconf 84' lang='lat' dir='ltr'>sed</span> <span class='ocrx_word' id='word_1_205' title='bbox 506 1568 695 1614; x_wconf 63' lang='lat' dir='ltr'>magnacum</span> <span class='ocrx_word' id='word_1_206' title='bbox 703 1561 999 1597; x_wconf 67' lang='lat' dir='ltr'>modestiautvirum</span> 
     </span>
     <span class='ocr_line' id='line_1_41' title="bbox 237 1612 1000 1670; baseline -0.014 -14"><span class='ocrx_word' id='word_1_207' title='bbox 237 1635 294 1670; x_wconf 87' lang='lat' dir='ltr'>per</span> <span class='ocrx_word' id='word_1_208' title='bbox 307 1621 460 1655; x_wconf 91' lang='lat' dir='ltr'>eruditum</span> <span class='ocrx_word' id='word_1_209' title='bbox 470 1644 478 1659; x_wconf 91' lang='lat'><em>‚</em></span> <span class='ocrx_word' id='word_1_210' title='bbox 495 1615 683 1665; x_wconf 70' lang='lat' dir='ltr'>longealiter</span> <span class='ocrx_word' id='word_1_211' title='bbox 696 1613 789 1661; x_wconf 74' lang='lat' dir='ltr'>quam</span> <span class='ocrx_word' id='word_1_212' title='bbox 802 1612 1000 1659; x_wconf 85' lang='lat' dir='ltr'>impudentes</span> 
     </span>
     <span class='ocr_line' id='line_1_42' title="bbox 238 1664 999 1720; baseline -0.017 -13"><span class='ocrx_word' id='word_1_213' title='bbox 238 1677 270 1708; x_wconf 89' lang='lat'>&amp;</span> <span class='ocrx_word' id='word_1_214' title='bbox 286 1683 432 1720; x_wconf 89' lang='lat' dir='ltr'>procaces</span> <span class='ocrx_word' id='word_1_215' title='bbox 442 1666 564 1717; x_wconf 83' lang='lat' dir='ltr'>Jesuitae</span> <span class='ocrx_word' id='word_1_216' title='bbox 576 1664 700 1700; x_wconf 88' lang='lat' dir='ltr'>nostros</span> <span class='ocrx_word' id='word_1_217' title='bbox 710 1686 718 1699; x_wconf 83' lang='lat'><em>‚</em></span> <span class='ocrx_word' id='word_1_218' title='bbox 731 1664 762 1698; x_wconf 90' lang='lat' dir='ltr'>in</span> <span class='ocrx_word' id='word_1_219' title='bbox 770 1674 959 1710; x_wconf 86' lang='lat' dir='ltr'>quocunque</span> <span class='ocrx_word' id='word_1_220' title='bbox 967 1675 999 1696; x_wconf 91' lang='lat' dir='ltr'>e-</span> 
     </span>
     <span class='ocr_line' id='line_1_43' title="bbox 236 1711 884 1757; baseline -0.019 0"><span class='ocrx_word' id='word_1_221' title='bbox 236 1723 312 1757; x_wconf 81' lang='lat' dir='ltr'>tiam</span> <span class='ocrx_word' id='word_1_222' title='bbox 326 1722 364 1757; x_wconf 88' lang='lat' dir='ltr'>de</span> <span class='ocrx_word' id='word_1_223' title='bbox 377 1721 471 1756; x_wconf 88' lang='lat' dir='ltr'>literis</span> <span class='ocrx_word' id='word_1_224' title='bbox 484 1714 610 1752; x_wconf 79' lang='lat' dir='ltr'>dissensu</span> <span class='ocrx_word' id='word_1_225' title='bbox 616 1739 625 1755; x_wconf 92' lang='lat'>,</span> <span class='ocrx_word' id='word_1_226' title='bbox 643 1714 757 1748; x_wconf 83' lang='lat' dir='ltr'>habere</span> <span class='ocrx_word' id='word_1_227' title='bbox 770 1711 884 1747; x_wconf 64' lang='lat' dir='ltr'>solent.&gt;</span> 
     </span>
    </p>

    <p class='ocr_par' dir='ltr' id='par_1_13' title="bbox 235 1761 1011 3249">
     <span class='ocr_line' id='line_1_44' title="bbox 254 1761 998 1814; baseline -0.017 -7"><span class='ocrx_word' id='word_1_228' title='bbox 254 1793 255 1796; x_wconf 67' lang='lat'><em>=</em></span> <span class='ocrx_word' id='word_1_229' title='bbox 285 1771 413 1806; x_wconf 78' lang='lat' dir='ltr'>Baronii</span> <span class='ocrx_word' id='word_1_230' title='bbox 421 1781 507 1804; x_wconf 91' lang='lat' dir='ltr'>error</span> <span class='ocrx_word' id='word_1_231' title='bbox 515 1766 574 1803; x_wconf 88' lang='lat' dir='ltr'>est,</span> <span class='ocrx_word' id='word_1_232' title='bbox 589 1764 687 1814; x_wconf 74' lang='lat' dir='ltr'>quod,</span> <span class='ocrx_word' id='word_1_233' title='bbox 696 1763 767 1797; x_wconf 87' lang='lat' dir='ltr'>licet</span> <span class='ocrx_word' id='word_1_234' title='bbox 774 1763 903 1797; x_wconf 84' lang='lat' dir='ltr'>natalem</span> <span class='ocrx_word' id='word_1_235' title='bbox 911 1761 998 1797; x_wconf 83' lang='lat' dir='ltr'>bien-</span> 
     </span>
     <span class='ocr_line' id='line_1_45' title="bbox 236 1811 999 1867; baseline -0.012 -12"><span class='ocrx_word' id='word_1_236' title='bbox 236 1822 294 1855; x_wconf 88' lang='lat' dir='ltr'>nio</span> <span class='ocrx_word' id='word_1_237' title='bbox 307 1823 365 1856; x_wconf 68' lang='lat' dir='ltr'>aera</span> <span class='ocrx_word' id='word_1_238' title='bbox 377 1820 492 1867; x_wconf 84' lang='lat' dir='ltr'>vulgari</span> <span class='ocrx_word' id='word_1_239' title='bbox 505 1818 650 1852; x_wconf 84' lang='lat' dir='ltr'>citiorem</span> <span class='ocrx_word' id='word_1_240' title='bbox 663 1823 776 1862; x_wconf 87' lang='lat' dir='ltr'>ponat,</span> <span class='ocrx_word' id='word_1_241' title='bbox 793 1823 895 1847; x_wconf 83' lang='lat' dir='ltr'>tamen</span> <span class='ocrx_word' id='word_1_242' title='bbox 909 1811 946 1845; x_wconf 86' lang='lat' dir='ltr'>ab</span> <span class='ocrx_word' id='word_1_243' title='bbox 962 1824 999 1846; x_wconf 90' lang='lat' dir='ltr'>ae—</span> 
     </span>
     <span class='ocr_line' id='line_1_46' title="bbox 236 1861 1000 1918; baseline -0.013 -14"><span class='ocrx_word' id='word_1_244' title='bbox 236 1867 553 1918; x_wconf 72' lang='lat' dir='ltr'>ravulgaridiss‘entire</span> <span class='ocrx_word' id='word_1_245' title='bbox 561 1864 589 1900; x_wconf 95' lang='lat' dir='ltr'>se</span> <span class='ocrx_word' id='word_1_246' title='bbox 597 1877 662 1900; x_wconf 91' lang='lat' dir='ltr'>non</span> <span class='ocrx_word' id='word_1_247' title='bbox 672 1862 842 1903; x_wconf 87' lang='lat' dir='ltr'>existimet,</span> <span class='ocrx_word' id='word_1_248' title='bbox 856 1861 904 1897; x_wconf 91' lang='lat' dir='ltr'>sed</span> <span class='ocrx_word' id='word_1_249' title='bbox 911 1873 1000 1895; x_wconf 89' lang='lat' dir='ltr'>com-</span> 
     </span>
     <span class='ocr_line' id='line_1_47' title="bbox 236 1910 1000 1968; baseline -0.014 -13"><span class='ocrx_word' id='word_1_250' title='bbox 236 1922 432 1968; x_wconf 87' lang='lat' dir='ltr'>putationem</span> <span class='ocrx_word' id='word_1_251' title='bbox 446 1916 545 1956; x_wconf 81' lang='lat' dir='ltr'>suam,</span> <span class='ocrx_word' id='word_1_252' title='bbox 559 1928 627 1963; x_wconf 83' lang='lat' dir='ltr'>quae</span> <span class='ocrx_word' id='word_1_253' title='bbox 641 1913 841 1960; x_wconf 86' lang='lat' dir='ltr'>Scaligeriana</span> <span class='ocrx_word' id='word_1_254' title='bbox 855 1910 915 1950; x_wconf 88' lang='lat' dir='ltr'>est,</span> <span class='ocrx_word' id='word_1_255' title='bbox 929 1923 1000 1945; x_wconf 86' lang='lat' dir='ltr'>cum</span> 
     </span>
     <span class='ocr_line' id='line_1_48' title="bbox 236 1957 1000 2017; baseline -0.014 -13"><span class='ocrx_word' id='word_1_256' title='bbox 236 1971 352 2017; x_wconf 75' lang='lat' dir='ltr'>vulgari</span> <span class='ocrx_word' id='word_1_257' title='bbox 366 1969 500 2003; x_wconf 88' lang='lat' dir='ltr'>omnino</span> <span class='ocrx_word' id='word_1_258' title='bbox 514 1963 691 2002; x_wconf 86' lang='lat' dir='ltr'>confundit.</span> <span class='ocrx_word' id='word_1_259' title='bbox 724 1964 800 1996; x_wconf 87' lang='lat' dir='ltr'>Hoc</span> <span class='ocrx_word' id='word_1_260' title='bbox 814 1959 915 2008; x_wconf 82' lang='lat' dir='ltr'>posito</span> <span class='ocrx_word' id='word_1_261' title='bbox 930 1957 1000 1994; x_wconf 89' lang='lat' dir='ltr'>fun-</span> 
     </span>
     <span class='ocr_line' id='line_1_49' title="bbox 237 2009 1000 2063; baseline -0.014 -9"><span class='ocrx_word' id='word_1_262' title='bbox 237 2020 360 2054; x_wconf 84' lang='lat' dir='ltr'>damine</span> <span class='ocrx_word' id='word_1_263' title='bbox 378 2018 522 2052; x_wconf 81' lang='lat' dir='ltr'>historias</span> <span class='ocrx_word' id='word_1_264' title='bbox 542 2016 686 2063; x_wconf 84' lang='lat' dir='ltr'>plurimas</span> <span class='ocrx_word' id='word_1_265' title='bbox 706 2023 768 2046; x_wconf 85' lang='lat' dir='ltr'>tam</span> <span class='ocrx_word' id='word_1_266' title='bbox 789 2010 883 2046; x_wconf 88' lang='lat' dir='ltr'>sacras</span> <span class='ocrx_word' id='word_1_267' title='bbox 907 2009 1000 2058; x_wconf 73' lang='lat' dir='ltr'>quam</span> 
     </span>
     <span class='ocr_line' id='line_1_50' title="bbox 235 2062 1003 2118; baseline -0.016 -14"><span class='ocrx_word' id='word_1_268' title='bbox 235 2070 379 2118; x_wconf 87' lang='lat' dir='ltr'>politicas</span> <span class='ocrx_word' id='word_1_269' title='bbox 393 2069 496 2103; x_wconf 83' lang='lat' dir='ltr'>alieno</span> <span class='ocrx_word' id='word_1_270' title='bbox 509 2077 652 2113; x_wconf 88' lang='lat' dir='ltr'>tempore</span> <span class='ocrx_word' id='word_1_271' title='bbox 665 2063 814 2101; x_wconf 90' lang='lat' dir='ltr'>collocat,</span> <span class='ocrx_word' id='word_1_272' title='bbox 828 2072 863 2095; x_wconf 91' lang='lat' dir='ltr'>ut</span> <span class='ocrx_word' id='word_1_273' title='bbox 874 2062 1003 2109; x_wconf 81' lang='lat' dir='ltr'>Scaliger</span> 
     </span>
     <span class='ocr_line' id='line_1_51' title="bbox 236 2112 1001 2163; baseline -0.014 -10"><span class='ocrx_word' id='word_1_274' title='bbox 236 2125 269 2155; x_wconf 62' lang='grc' dir='ltr'>ὃ(</span> <span class='ocrx_word' id='word_1_275' title='bbox 286 2119 430 2163; x_wconf 74' lang='lat' dir='ltr'>Calvisius</span> <span class='ocrx_word' id='word_1_276' title='bbox 449 2118 479 2151; x_wconf 87' lang='lat' dir='ltr'>in</span> <span class='ocrx_word' id='word_1_277' title='bbox 498 2114 557 2150; x_wconf 90' lang='lat' dir='ltr'>suis</span> <span class='ocrx_word' id='word_1_278' title='bbox 573 2126 703 2161; x_wconf 87' lang='lat' dir='ltr'>uterque</span> <span class='ocrx_word' id='word_1_279' title='bbox 716 2112 954 2158; x_wconf 84' lang='lat' dir='ltr'>Prolegomenis</span> <span class='ocrx_word' id='word_1_280' title='bbox 968 2122 1001 2143; x_wconf 88' lang='lat' dir='ltr'>e-</span> 
     </span>
     <span class='ocr_line' id='line_1_52' title="bbox 236 2161 999 2217; baseline -0.014 -14"><span class='ocrx_word' id='word_1_281' title='bbox 236 2167 342 2217; x_wconf 73' lang='lat' dir='ltr'>gregie</span> <span class='ocrx_word' id='word_1_282' title='bbox 356 2172 387 2202; x_wconf 92' lang='lat'>&amp;</span> <span class='ocrx_word' id='word_1_283' title='bbox 400 2168 520 2214; x_wconf 84' lang='lat' dir='ltr'>prolixe</span> <span class='ocrx_word' id='word_1_284' title='bbox 533 2162 746 2200; x_wconf 85' lang='lat' dir='ltr'>demonstrant</span> <span class='ocrx_word' id='word_1_285' title='bbox 755 2186 764 2201; x_wconf 88' lang='lat'>‚</span> <span class='ocrx_word' id='word_1_286' title='bbox 779 2165 810 2196; x_wconf 89' lang='lat'>&amp;</span> <span class='ocrx_word' id='word_1_287' title='bbox 823 2175 858 2196; x_wconf 86' lang='lat' dir='ltr'>ex</span> <span class='ocrx_word' id='word_1_288' title='bbox 868 2161 904 2194; x_wconf 89' lang='lat' dir='ltr'>iis</span> <span class='ocrx_word' id='word_1_289' title='bbox 912 2162 999 2193; x_wconf 81' lang='lat' dir='ltr'>Peta-</span> 
     </span>
     <span class='ocr_line' id='line_1_53' title="bbox 236 2208 1001 2266; baseline -0.013 -14"><span class='ocrx_word' id='word_1_290' title='bbox 236 2223 308 2252; x_wconf 77' lang='lat' dir='ltr'>vius</span> <span class='ocrx_word' id='word_1_291' title='bbox 320 2222 351 2253; x_wconf 86' lang='lat'>&amp;</span> <span class='ocrx_word' id='word_1_292' title='bbox 370 2217 573 2266; x_wconf 76' lang='lat' dir='ltr'>Spanhemius.</span> <span class='ocrx_word' id='word_1_293' title='bbox 601 2216 671 2247; x_wconf 90' lang='lat' dir='ltr'>Imo</span> <span class='ocrx_word' id='word_1_294' title='bbox 685 2211 761 2247; x_wconf 74' lang='lat' dir='ltr'>vero</span> <span class='ocrx_word' id='word_1_295' title='bbox 774 2208 835 2258; x_wconf 88' lang='lat' dir='ltr'>ipse</span> <span class='ocrx_word' id='word_1_296' title='bbox 850 2209 1001 2244; x_wconf 83' lang='lat' dir='ltr'>Batonius</span> 
     </span>
     <span class='ocr_line' id='line_1_54' title="bbox 235 2260 1001 2310; baseline -0.017 -8"><span class='ocrx_word' id='word_1_297' title='bbox 235 2268 359 2303; x_wconf 83' lang='lat' dir='ltr'>tandem</span> <span class='ocrx_word' id='word_1_298' title='bbox 366 2265 448 2301; x_wconf 89' lang='lat' dir='ltr'>suam</span> <span class='ocrx_word' id='word_1_299' title='bbox 462 2260 777 2310; x_wconf 51' lang='lat' dir='ltr'>assazsst&#39;asperspiciens</span> <span class='ocrx_word' id='word_1_300' title='bbox 784 2261 940 2306; x_wconf 67' lang='lat' dir='ltr'>corrigere</span> <span class='ocrx_word' id='word_1_301' title='bbox 947 2270 1001 2291; x_wconf 85' lang='lat' dir='ltr'>co-</span> 
     </span>
     <span class='ocr_line' id='line_1_55' title="bbox 237 2306 1001 2353; baseline -0.016 -2"><span class='ocrx_word' id='word_1_302' title='bbox 237 2328 327 2351; x_wconf 87' lang='lat' dir='ltr'>natur</span> <span class='ocrx_word' id='word_1_303' title='bbox 337 2340 345 2353; x_wconf 91' lang='lat'>,</span> <span class='ocrx_word' id='word_1_304' title='bbox 356 2329 427 2349; x_wconf 86' lang='lat' dir='ltr'>nam</span> <span class='ocrx_word' id='word_1_305' title='bbox 441 2313 535 2348; x_wconf 67' lang='lat' dir='ltr'>liceta</span> <span class='ocrx_word' id='word_1_306' title='bbox 543 2312 668 2346; x_wconf 89' lang='lat' dir='ltr'>suorum</span> <span class='ocrx_word' id='word_1_307' title='bbox 675 2309 830 2345; x_wconf 80' lang='lat' dir='ltr'>annalium</span> <span class='ocrx_word' id='word_1_308' title='bbox 838 2309 929 2342; x_wconf 90' lang='lat' dir='ltr'>initio</span> <span class='ocrx_word' id='word_1_309' title='bbox 937 2306 1001 2353; x_wconf 90' lang='lat' dir='ltr'>ple-</span> 
     </span>
     <span class='ocr_line' id='line_1_56' title="bbox 238 2356 1002 2412; baseline -0.017 -12"><span class='ocrx_word' id='word_1_310' title='bbox 238 2378 333 2412; x_wconf 83' lang='lat' dir='ltr'>raque</span> <span class='ocrx_word' id='word_1_311' title='bbox 356 2365 454 2412; x_wconf 83' lang='lat' dir='ltr'>signet</span> <span class='ocrx_word' id='word_1_312' title='bbox 471 2361 556 2396; x_wconf 86' lang='lat' dir='ltr'>annis</span> <span class='ocrx_word' id='word_1_313' title='bbox 570 2361 623 2407; x_wconf 90' lang='lat' dir='ltr'>qui</span> <span class='ocrx_word' id='word_1_314' title='bbox 634 2361 791 2407; x_wconf 83' lang='lat' dir='ltr'>vulgarem</span> <span class='ocrx_word' id='word_1_315' title='bbox 804 2370 894 2391; x_wconf 81' lang='lat' dir='ltr'>aeram</span> <span class='ocrx_word' id='word_1_316' title='bbox 913 2356 1002 2389; x_wconf 85' lang='lat' dir='ltr'>bien-</span> 
     </span>
     <span class='ocr_line' id='line_1_57' title="bbox 240 2404 1002 2456; baseline -0.018 -7"><span class='ocrx_word' id='word_1_317' title='bbox 240 2416 296 2449; x_wconf 78' lang='lat' dir='ltr'>nio</span> <span class='ocrx_word' id='word_1_318' title='bbox 310 2413 493 2448; x_wconf 88' lang='lat' dir='ltr'>antecedunt</span> <span class='ocrx_word' id='word_1_319' title='bbox 504 2434 512 2447; x_wconf 91' lang='lat'>,</span> <span class='ocrx_word' id='word_1_320' title='bbox 538 2422 565 2443; x_wconf 89' lang='lat' dir='ltr'>v.</span> <span class='ocrx_word' id='word_1_321' title='bbox 581 2422 611 2456; x_wconf 83' lang='lat' dir='ltr'>g.</span> <span class='ocrx_word' id='word_1_322' title='bbox 629 2419 765 2443; x_wconf 88' lang='lat' dir='ltr'>mortem</span> <span class='ocrx_word' id='word_1_323' title='bbox 779 2404 909 2453; x_wconf 76' lang='lat' dir='ltr'>Augusti</span> <span class='ocrx_word' id='word_1_324' title='bbox 920 2415 1002 2437; x_wconf 89' lang='lat' dir='ltr'>anno</span> 
     </span>
     <span class='ocr_line' id='line_1_58' title="bbox 243 2452 1001 2506; baseline -0.018 -7"><span class='ocrx_word' id='word_1_325' title='bbox 243 2462 363 2500; x_wconf 86' lang='lat' dir='ltr'>Christi</span> <span class='ocrx_word' id='word_1_326' title='bbox 377 2462 500 2496; x_wconf 89' lang='lat' dir='ltr'>decimo</span> <span class='ocrx_word' id='word_1_327' title='bbox 514 2457 616 2498; x_wconf 80' lang='lat' dir='ltr'>sexte,</span> <span class='ocrx_word' id='word_1_328' title='bbox 635 2471 703 2506; x_wconf 86' lang='lat' dir='ltr'>quae</span> <span class='ocrx_word' id='word_1_329' title='bbox 718 2467 824 2491; x_wconf 87' lang='lat' dir='ltr'>tamen</span> <span class='ocrx_word' id='word_1_330' title='bbox 837 2452 1001 2488; x_wconf 87' lang='lat' dir='ltr'>secundum</span> 
     </span>
     <span class='ocr_line' id='line_1_59' title="bbox 241 2501 1000 2558; baseline -0.017 -10"><span class='ocrx_word' id='word_1_331' title='bbox 241 2526 332 2548; x_wconf 80' lang='lat' dir='ltr'>aeram</span> <span class='ocrx_word' id='word_1_332' title='bbox 346 2509 645 2558; x_wconf 77' lang='lat' dir='ltr'>‘Dionyfiivulgarem</span> <span class='ocrx_word' id='word_1_333' title='bbox 653 2507 786 2553; x_wconf 84' lang='lat' dir='ltr'>contigit</span> <span class='ocrx_word' id='word_1_334' title='bbox 793 2505 874 2539; x_wconf 87' lang='lat' dir='ltr'>anno</span> <span class='ocrx_word' id='word_1_335' title='bbox 885 2501 1000 2537; x_wconf 88' lang='lat' dir='ltr'>Christi</span> 
     </span>
     <span class='ocr_line' id='line_1_60' title="bbox 241 2553 1002 2609; baseline -0.018 -11"><span class='ocrx_word' id='word_1_336' title='bbox 241 2564 498 2609; x_wconf 78' lang='lat' dir='ltr'>decimoquart05</span> <span class='ocrx_word' id='word_1_337' title='bbox 518 2558 720 2592; x_wconf 87' lang='lat' dir='ltr'>nihilomiuus</span> <span class='ocrx_word' id='word_1_338' title='bbox 733 2555 805 2590; x_wconf 76' lang='lat' dir='ltr'>cum</span> <span class='ocrx_word' id='word_1_339' title='bbox 818 2553 854 2587; x_wconf 83' lang='lat' dir='ltr'>ad</span> <span class='ocrx_word' id='word_1_340' title='bbox 867 2554 1002 2599; x_wconf 89' lang='lat' dir='ltr'>primum</span> 
     </span>
     <span class='ocr_line' id='line_1_61' title="bbox 241 2602 1003 2649; baseline -0.018 -1"><span class='ocrx_word' id='word_1_341' title='bbox 241 2614 426 2649; x_wconf 73' lang='lat' dir='ltr'>Diocletiani</span> <span class='ocrx_word' id='word_1_342' title='bbox 437 2610 533 2645; x_wconf 87' lang='lat' dir='ltr'>venit,</span> <span class='ocrx_word' id='word_1_343' title='bbox 544 2620 615 2642; x_wconf 87' lang='lat' dir='ltr'>eum</span> <span class='ocrx_word' id='word_1_344' title='bbox 624 2607 706 2641; x_wconf 89' lang='lat' dir='ltr'>locat</span> <span class='ocrx_word' id='word_1_345' title='bbox 717 2607 748 2640; x_wconf 93' lang='lat' dir='ltr'>in</span> <span class='ocrx_word' id='word_1_346' title='bbox 757 2602 875 2639; x_wconf 87' lang='lat' dir='ltr'>Christi</span> <span class='ocrx_word' id='word_1_347' title='bbox 888 2603 1003 2637; x_wconf 88' lang='lat' dir='ltr'>ducen-</span> 
     </span>
     <span class='ocr_line' id='line_1_62' title="bbox 241 2654 1002 2708; baseline -0.013 -11"><span class='ocrx_word' id='word_1_348' title='bbox 241 2661 352 2698; x_wconf 82' lang='lat' dir='ltr'>tefimo</span> <span class='ocrx_word' id='word_1_349' title='bbox 370 2658 568 2708; x_wconf 61' lang='lat' dir='ltr'>oetogesimo</span> <span class='ocrx_word' id='word_1_350' title='bbox 587 2668 699 2705; x_wconf 81' lang='lat' dir='ltr'>quarto</span> <span class='ocrx_word' id='word_1_351' title='bbox 719 2654 884 2690; x_wconf 81' lang='lat' dir='ltr'>secundum</span> <span class='ocrx_word' id='word_1_352' title='bbox 912 2664 1002 2687; x_wconf 80' lang='lat' dir='ltr'>aeram</span> 
     </span>
     <span class='ocr_line' id='line_1_63' title="bbox 240 2701 1001 2760; baseline -0.016 -14"><span class='ocrx_word' id='word_1_353' title='bbox 240 2713 398 2760; x_wconf 83' lang='lat' dir='ltr'>vulgarem</span> <span class='ocrx_word' id='word_1_354' title='bbox 422 2722 514 2757; x_wconf 86' lang='lat' dir='ltr'>quam</span> <span class='ocrx_word' id='word_1_355' title='bbox 531 2706 639 2756; x_wconf 70' lang='lat' dir='ltr'>postea</span> <span class='ocrx_word' id='word_1_356' title='bbox 661 2707 697 2741; x_wconf 86' lang='lat' dir='ltr'>ad</span> <span class='ocrx_word' id='word_1_357' title='bbox 717 2705 886 2740; x_wconf 86' lang='lat' dir='ltr'>Annalium</span> <span class='ocrx_word' id='word_1_358' title='bbox 906 2701 1001 2736; x_wconf 86' lang='lat' dir='ltr'>finem</span> 
     </span>
     <span class='ocr_line' id='line_1_64' title="bbox 240 2757 1004 2810; baseline -0.017 -13"><span class='ocrx_word' id='word_1_359' title='bbox 240 2761 376 2810; x_wconf 84' lang='lat' dir='ltr'>sequitur</span> <span class='ocrx_word' id='word_1_360' title='bbox 387 2784 394 2797; x_wconf 90' lang='lat'>‚</span> <span class='ocrx_word' id='word_1_361' title='bbox 415 2758 489 2793; x_wconf 85' lang='lat' dir='ltr'>ficut</span> <span class='ocrx_word' id='word_1_362' title='bbox 507 2757 591 2805; x_wconf 72' lang='lat' dir='ltr'>prius</span> <span class='ocrx_word' id='word_1_363' title='bbox 604 2758 642 2791; x_wconf 89' lang='lat' dir='ltr'>ab</span> <span class='ocrx_word' id='word_1_364' title='bbox 656 2757 746 2790; x_wconf 88' lang='lat' dir='ltr'>initio</span> <span class='ocrx_word' id='word_1_365' title='bbox 759 2757 901 2803; x_wconf 74' lang='lat' dir='ltr'>Scalz&#39;geri</span> <span class='ocrx_word' id='word_1_366' title='bbox 914 2763 1004 2786; x_wconf 89' lang='lat' dir='ltr'>com-</span> 
     </span>
     <span class='ocr_line' id='line_1_65' title="bbox 241 2800 1005 2859; baseline -0.016 -13"><span class='ocrx_word' id='word_1_367' title='bbox 241 2823 352 2859; x_wconf 86' lang='lat' dir='ltr'>putum</span> <span class='ocrx_word' id='word_1_368' title='bbox 367 2810 508 2857; x_wconf 83' lang='lat' dir='ltr'>sequutus</span> <span class='ocrx_word' id='word_1_369' title='bbox 521 2806 576 2842; x_wconf 83' lang='lat' dir='ltr'>est.</span> <span class='ocrx_word' id='word_1_370' title='bbox 599 2807 651 2841; x_wconf 87' lang='lat' dir='ltr'>Ne</span> <span class='ocrx_word' id='word_1_371' title='bbox 659 2817 760 2839; x_wconf 89' lang='lat' dir='ltr'>autem</span> <span class='ocrx_word' id='word_1_372' title='bbox 769 2805 782 2838; x_wconf 74' lang='lat' dir='ltr'>a</span> <span class='ocrx_word' id='word_1_373' title='bbox 791 2803 885 2849; x_wconf 84' lang='lat' dir='ltr'>seipso</span> <span class='ocrx_word' id='word_1_374' title='bbox 898 2800 1005 2836; x_wconf 81' lang='lat' dir='ltr'>dissen-</span> 
     </span>
     <span class='ocr_line' id='line_1_66' title="bbox 245 2850 1005 2901; baseline -0.018 -5"><span class='ocrx_word' id='word_1_375' title='bbox 245 2861 308 2895; x_wconf 78' lang='lat' dir='ltr'>fisse</span> <span class='ocrx_word' id='word_1_376' title='bbox 321 2859 551 2896; x_wconf 84' lang='lat' dir='ltr'>observaretur,</span> <span class='ocrx_word' id='word_1_377' title='bbox 573 2861 603 2892; x_wconf 74' lang='grc' dir='ltr'>δι</span> <span class='ocrx_word' id='word_1_378' title='bbox 619 2867 651 2889; x_wconf 91' lang='lat' dir='ltr'>ut</span> <span class='ocrx_word' id='word_1_379' title='bbox 663 2855 679 2889; x_wconf 72' lang='lat' dir='ltr'>a</span> <span class='ocrx_word' id='word_1_380' title='bbox 692 2854 789 2901; x_wconf 84' lang='lat' dir='ltr'>priori</span> <span class='ocrx_word' id='word_1_381' title='bbox 807 2861 959 2897; x_wconf 88' lang='lat' dir='ltr'>computo</span> <span class='ocrx_word' id='word_1_382' title='bbox 973 2850 1005 2883; x_wconf 90' lang='lat' dir='ltr'>in</span> 
     </span>
     <span class='ocr_line' id='line_1_67' title="bbox 249 2898 1005 2957; baseline -0.019 -12"><span class='ocrx_word' id='word_1_383' title='bbox 249 2910 454 2957; x_wconf 87' lang='lat' dir='ltr'>posteriorem</span> <span class='ocrx_word' id='word_1_384' title='bbox 462 2933 471 2948; x_wconf 89' lang='lat'>,</span> <span class='ocrx_word' id='word_1_385' title='bbox 489 2907 581 2956; x_wconf 63' lang='lat' dir='ltr'>quam</span> <span class='ocrx_word' id='word_1_386' title='bbox 595 2905 661 2940; x_wconf 79' lang='lat' dir='ltr'>fieri</span> <span class='ocrx_word' id='word_1_387' title='bbox 675 2902 777 2952; x_wconf 87' lang='lat' dir='ltr'>potest</span> <span class='ocrx_word' id='word_1_388' title='bbox 784 2901 870 2936; x_wconf 70' lang='lat' dir='ltr'>caute</span> <span class='ocrx_word' id='word_1_389' title='bbox 879 2905 909 2935; x_wconf 87' lang='lat'>&amp;</span> <span class='ocrx_word' id='word_1_390' title='bbox 917 2898 1005 2932; x_wconf 82' lang='lat' dir='ltr'>silen-</span> 
     </span>
     <span class='ocr_line' id='line_1_68' title="bbox 250 2946 1006 3004; baseline -0.016 -11"><span class='ocrx_word' id='word_1_391' title='bbox 250 2971 297 2993; x_wconf 87' lang='lat' dir='ltr'>ter</span> <span class='ocrx_word' id='word_1_392' title='bbox 311 2959 473 2995; x_wconf 80' lang='lat' dir='ltr'>dilabatur,</span> <span class='ocrx_word' id='word_1_393' title='bbox 494 2970 529 2992; x_wconf 84' lang='lat' dir='ltr'>ex</span> <span class='ocrx_word' id='word_1_394' title='bbox 545 2955 741 3004; x_wconf 83' lang='lat' dir='ltr'>Imperatoris</span> <span class='ocrx_word' id='word_1_395' title='bbox 749 2951 932 2986; x_wconf 70' lang='lat' dir='ltr'>Probiannis</span> <span class='ocrx_word' id='word_1_396' title='bbox 941 2946 1006 2988; x_wconf 85' lang='lat' dir='ltr'>sex,</span> 
     </span>
     <span class='ocr_line' id='line_1_69' title="bbox 250 2998 1008 3056; baseline -0.013 -14"><span class='ocrx_word' id='word_1_397' title='bbox 250 3021 334 3056; x_wconf 87' lang='lat' dir='ltr'>quos</span> <span class='ocrx_word' id='word_1_398' title='bbox 345 3020 454 3042; x_wconf 85' lang='lat' dir='ltr'>omnes</span> <span class='ocrx_word' id='word_1_399' title='bbox 461 3006 600 3041; x_wconf 87' lang='lat' dir='ltr'>historici</span> <span class='ocrx_word' id='word_1_400' title='bbox 609 3005 662 3054; x_wconf 88' lang='lat' dir='ltr'>ipsi</span> <span class='ocrx_word' id='word_1_401' title='bbox 669 3003 854 3041; x_wconf 86' lang='lat' dir='ltr'>attribuunt,</span> <span class='ocrx_word' id='word_1_402' title='bbox 868 3000 946 3035; x_wconf 92' lang='lat' dir='ltr'>duos</span> <span class='ocrx_word' id='word_1_403' title='bbox 954 2998 1008 3032; x_wconf 91' lang='lat' dir='ltr'>de-</span> 
     </span>
     <span class='ocr_line' id='line_1_70' title="bbox 251 3053 1008 3098; baseline -0.015 -6"><span class='ocrx_word' id='word_1_404' title='bbox 251 3057 358 3092; x_wconf 83' lang='lat' dir='ltr'>trahit,</span> <span class='ocrx_word' id='word_1_405' title='bbox 372 3062 402 3092; x_wconf 89' lang='lat'>&amp;</span> <span class='ocrx_word' id='word_1_406' title='bbox 416 3070 451 3091; x_wconf 82' lang='lat' dir='ltr'>ex</span> <span class='ocrx_word' id='word_1_407' title='bbox 466 3053 544 3090; x_wconf 75' lang='lat' dir='ltr'>fastis</span> <span class='ocrx_word' id='word_1_408' title='bbox 559 3058 694 3091; x_wconf 87' lang='lat' dir='ltr'>duorum</span> <span class='ocrx_word' id='word_1_409' title='bbox 707 3065 861 3087; x_wconf 85' lang='lat' dir='ltr'>annorum</span> <span class='ocrx_word' id='word_1_410' title='bbox 875 3060 1008 3098; x_wconf 86' lang='lat' dir='ltr'>quatuor</span> 
     </span>
     <span class='ocr_line' id='line_1_71' title="bbox 252 3096 1009 3154; baseline -0.015 -12"><span class='ocrx_word' id='word_1_411' title='bbox 252 3106 404 3142; x_wconf 81' lang='lat' dir='ltr'>Consules</span> <span class='ocrx_word' id='word_1_412' title='bbox 416 3106 506 3139; x_wconf 83' lang='lat' dir='ltr'>delet.</span> <span class='ocrx_word' id='word_1_413' title='bbox 532 3105 772 3154; x_wconf 78' lang='lat' dir='ltr'>Egregiumhoc</span> <span class='ocrx_word' id='word_1_414' title='bbox 779 3101 937 3137; x_wconf 79' lang='lat' dir='ltr'>cardinalis</span> <span class='ocrx_word' id='word_1_415' title='bbox 946 3096 1009 3132; x_wconf 88' lang='lat' dir='ltr'>fur-</span> 
     </span>
     <span class='ocr_line' id='line_1_72' title="bbox 253 3150 1009 3193; baseline -0.013 -2"><span class='ocrx_word' id='word_1_416' title='bbox 253 3170 320 3193; x_wconf 89' lang='lat' dir='ltr'>tum</span> <span class='ocrx_word' id='word_1_417' title='bbox 333 3157 348 3191; x_wconf 75' lang='lat' dir='ltr'>:i</span> <span class='ocrx_word' id='word_1_418' title='bbox 361 3154 472 3190; x_wconf 77' lang='lat' dir='ltr'>nostris</span> <span class='ocrx_word' id='word_1_419' title='bbox 486 3155 522 3188; x_wconf 82' lang='lat' dir='ltr'>ad</span> <span class='ocrx_word' id='word_1_420' title='bbox 535 3156 661 3189; x_wconf 92' lang='lat' dir='ltr'>oculum</span> <span class='ocrx_word' id='word_1_421' title='bbox 673 3152 917 3189; x_wconf 82' lang='lat' dir='ltr'>demonstratum</span> <span class='ocrx_word' id='word_1_422' title='bbox 926 3175 935 3189; x_wconf 90' lang='lat'>‚</span> <span class='ocrx_word' id='word_1_423' title='bbox 957 3150 1009 3181; x_wconf 83' lang='lat' dir='ltr'>Pe-</span> 
     </span>
     <span class='ocr_line' id='line_1_73' title="bbox 254 3196 1011 3249; baseline -0.012 -7"><span class='ocrx_word' id='word_1_424' title='bbox 254 3211 359 3242; x_wconf 73' lang='lat' dir='ltr'>tavius</span> <span class='ocrx_word' id='word_1_425' title='bbox 371 3218 437 3241; x_wconf 89' lang='lat' dir='ltr'>non</span> <span class='ocrx_word' id='word_1_426' title='bbox 450 3204 539 3240; x_wconf 90' lang='lat' dir='ltr'>audet</span> <span class='ocrx_word' id='word_1_427' title='bbox 550 3203 731 3246; x_wconf 87' lang='lat' dir='ltr'>defendere,</span> <span class='ocrx_word' id='word_1_428' title='bbox 745 3203 795 3239; x_wconf 89' lang='lat' dir='ltr'>sed</span> <span class='ocrx_word' id='word_1_429' title='bbox 804 3196 1011 3249; x_wconf 68' lang='lat' dir='ltr'>satisingenue</span> 
     </span>
    </p>
   </div>
   <div class='ocr_carea' id='block_1_11' title="bbox 1025 281 1785 361">
    <p class='ocr_par' dir='ltr' id='par_1_14' title="bbox 1025 281 1785 361">
     <span class='ocr_line' id='line_1_74' title="bbox 1025 281 1116 302; baseline -0.011 0"><span class='ocrx_word' id='word_1_430' title='bbox 1025 281 1116 302; x_wconf 84' lang='lat' dir='ltr'>mam.</span> 
     </span>
     <span class='ocr_line' id='line_1_75' title="bbox 1073 309 1785 361; baseline -0.011 -8"><span class='ocrx_word' id='word_1_431' title='bbox 1073 315 1260 352; x_wconf 82' lang='lat' dir='ltr'>condonari</span> <span class='ocrx_word' id='word_1_432' title='bbox 1274 312 1415 361; x_wconf 81' lang='lat' dir='ltr'>potuisset</span> <span class='ocrx_word' id='word_1_433' title='bbox 1427 312 1490 347; x_wconf 88' lang='lat' dir='ltr'>hoc</span> <span class='ocrx_word' id='word_1_434' title='bbox 1501 312 1643 347; x_wconf 89' lang='lat' dir='ltr'>Baronio</span> <span class='ocrx_word' id='word_1_435' title='bbox 1656 309 1785 352; x_wconf 82' lang='lat' dir='ltr'>facilius,</span> 
     </span>
    </p>
   </div>
   <div class='ocr_carea' id='block_1_12' title="bbox 1026 362 1801 2104">
    <p class='ocr_par' dir='ltr' id='par_1_15' title="bbox 1026 362 1794 957">
     <span class='ocr_line' id='line_1_76' title="bbox 1027 362 1785 413; baseline -0.004 -16"><span class='ocrx_word' id='word_1_436' title='bbox 1027 365 1080 399; x_wconf 81' lang='lat' dir='ltr'>nisi</span> <span class='ocrx_word' id='word_1_437' title='bbox 1094 365 1154 413; x_wconf 87' lang='lat' dir='ltr'>ipse</span> <span class='ocrx_word' id='word_1_438' title='bbox 1173 368 1303 400; x_wconf 86' lang='lat' dir='ltr'>aliorum</span> <span class='ocrx_word' id='word_1_439' title='bbox 1316 362 1366 396; x_wconf 81' lang='lat' dir='ltr'>hic</span> <span class='ocrx_word' id='word_1_440' title='bbox 1384 362 1550 400; x_wconf 42' lang='lat' dir='ltr'>wewam&amp;</span> <span class='ocrx_word' id='word_1_441' title='bbox 1569 362 1677 396; x_wconf 82' lang='lat' dir='ltr'>acerbe</span> <span class='ocrx_word' id='word_1_442' title='bbox 1691 362 1785 395; x_wconf 91' lang='lat' dir='ltr'>nimis</span> 
     </span>
     <span class='ocr_line' id='line_1_77' title="bbox 1026 409 1785 461; baseline -0.005 -13"><span class='ocrx_word' id='word_1_443' title='bbox 1026 412 1356 461; x_wconf 66' lang='lat' dir='ltr'>persequereturzcert‘e</span> <span class='ocrx_word' id='word_1_444' title='bbox 1363 409 1477 459; x_wconf 72' lang='lat' dir='ltr'>Josepho</span> <span class='ocrx_word' id='word_1_445' title='bbox 1485 411 1705 456; x_wconf 67' lang='lat' dir='ltr'>praeclarissimo</span> <span class='ocrx_word' id='word_1_446' title='bbox 1713 409 1785 444; x_wconf 85' lang='lat' dir='ltr'>scri-</span> 
     </span>
     <span class='ocr_line' id='line_1_78' title="bbox 1027 460 1786 511; baseline -0.005 -13"><span class='ocrx_word' id='word_1_447' title='bbox 1027 465 1110 511; x_wconf 88' lang='lat' dir='ltr'>ptori</span> <span class='ocrx_word' id='word_1_448' title='bbox 1123 463 1307 511; x_wconf 86' lang='lat' dir='ltr'>flagellando</span> <span class='ocrx_word' id='word_1_449' title='bbox 1320 473 1382 495; x_wconf 84' lang='lat' dir='ltr'>tam</span> <span class='ocrx_word' id='word_1_450' title='bbox 1396 460 1440 493; x_wconf 85' lang='lat' dir='ltr'>est</span> <span class='ocrx_word' id='word_1_451' title='bbox 1454 460 1605 499; x_wconf 86' lang='lat' dir='ltr'>intentus,</span> <span class='ocrx_word' id='word_1_452' title='bbox 1620 471 1653 493; x_wconf 90' lang='lat' dir='ltr'>ut</span> <span class='ocrx_word' id='word_1_453' title='bbox 1665 461 1696 493; x_wconf 92' lang='lat' dir='ltr'>in</span> <span class='ocrx_word' id='word_1_454' title='bbox 1704 460 1786 494; x_wconf 85' lang='lat' dir='ltr'>mul-</span> 
     </span>
     <span class='ocr_line' id='line_1_79' title="bbox 1026 508 1787 561; baseline -0.013 -13"><span class='ocrx_word' id='word_1_455' title='bbox 1026 524 1076 547; x_wconf 93' lang='lat' dir='ltr'>tos</span> <span class='ocrx_word' id='word_1_456' title='bbox 1090 514 1217 561; x_wconf 89' lang='lat' dir='ltr'>putidos</span> <span class='ocrx_word' id='word_1_457' title='bbox 1231 522 1351 546; x_wconf 86' lang='lat' dir='ltr'>errores</span> <span class='ocrx_word' id='word_1_458' title='bbox 1366 508 1491 556; x_wconf 87' lang='lat' dir='ltr'>seipsum</span> <span class='ocrx_word' id='word_1_459' title='bbox 1511 509 1542 542; x_wconf 93' lang='lat' dir='ltr'>in</span> <span class='ocrx_word' id='word_1_460' title='bbox 1556 510 1694 556; x_wconf 80' lang='lat' dir='ltr'>cogitans</span> <span class='ocrx_word' id='word_1_461' title='bbox 1708 523 1787 557; x_wconf 67' lang='lat' dir='ltr'>prae-</span> 
     </span>
     <span class='ocr_line' id='line_1_80' title="bbox 1027 558 1788 610; baseline -0.007 -14"><span class='ocrx_word' id='word_1_462' title='bbox 1027 564 1133 610; x_wconf 87' lang='lat' dir='ltr'>cipitet</span> <span class='ocrx_word' id='word_1_463' title='bbox 1147 587 1156 603; x_wconf 88' lang='lat'>‚</span> <span class='ocrx_word' id='word_1_464' title='bbox 1181 563 1255 598; x_wconf 89' lang='lat' dir='ltr'>dum</span> <span class='ocrx_word' id='word_1_465' title='bbox 1269 559 1396 596; x_wconf 69' lang='lat' dir='ltr'>Herodis</span> <span class='ocrx_word' id='word_1_466' title='bbox 1409 560 1557 606; x_wconf 75' lang='lat' dir='ltr'>Regnum</span> <span class='ocrx_word' id='word_1_467' title='bbox 1571 570 1636 593; x_wconf 83' lang='lat' dir='ltr'>non</span> <span class='ocrx_word' id='word_1_468' title='bbox 1649 558 1703 591; x_wconf 80' lang='lat' dir='ltr'>nisi</span> <span class='ocrx_word' id='word_1_469' title='bbox 1717 558 1788 604; x_wconf 83' lang='lat' dir='ltr'>post</span> 
     </span>
     <span class='ocr_line' id='line_1_81' title="bbox 1029 607 1788 658; baseline -0.008 -12"><span class='ocrx_word' id='word_1_470' title='bbox 1029 614 1190 648; x_wconf 65' lang='lat' dir='ltr'>Astiacam</span> <span class='ocrx_word' id='word_1_471' title='bbox 1213 609 1345 658; x_wconf 81' lang='lat' dir='ltr'>Augusti</span> <span class='ocrx_word' id='word_1_472' title='bbox 1358 634 1368 649; x_wconf 95' lang='lat'>,</span> <span class='ocrx_word' id='word_1_473' title='bbox 1393 609 1558 643; x_wconf 60' lang='lat' dir='ltr'>viCloriam</span> <span class='ocrx_word' id='word_1_474' title='bbox 1577 607 1788 642; x_wconf 84' lang='lat' dir='ltr'>inchoandum</span> 
     </span>
     <span class='ocr_line' id='line_1_82' title="bbox 1028 655 1789 709; baseline -0.008 -13"><span class='ocrx_word' id='word_1_475' title='bbox 1028 675 1208 709; x_wconf 88' lang='lat' dir='ltr'>novemque</span> <span class='ocrx_word' id='word_1_476' title='bbox 1226 672 1312 695; x_wconf 83' lang='lat' dir='ltr'>totos</span> <span class='ocrx_word' id='word_1_477' title='bbox 1332 671 1429 693; x_wconf 81' lang='lat' dir='ltr'>annos</span> <span class='ocrx_word' id='word_1_478' title='bbox 1447 658 1464 692; x_wconf 75' lang='lat' dir='ltr'>a</span> <span class='ocrx_word' id='word_1_479' title='bbox 1483 657 1594 706; x_wconf 72' lang='lat' dir='ltr'>Ioftpho</span> <span class='ocrx_word' id='word_1_480' title='bbox 1609 655 1789 704; x_wconf 87' lang='lat' dir='ltr'>praetermis-</span> 
     </span>
     <span class='ocr_line' id='line_1_83' title="bbox 1029 708 1789 754; baseline -0.009 -8"><span class='ocrx_word' id='word_1_481' title='bbox 1029 710 1077 747; x_wconf 91' lang='lat' dir='ltr'>sos</span> <span class='ocrx_word' id='word_1_482' title='bbox 1096 713 1134 748; x_wconf 83' lang='lat' dir='ltr'>ad</span> <span class='ocrx_word' id='word_1_483' title='bbox 1148 712 1274 746; x_wconf 69' lang='lat' dir='ltr'>Herodis</span> <span class='ocrx_word' id='word_1_484' title='bbox 1282 710 1374 743; x_wconf 88' lang='lat' dir='ltr'>vitam</span> <span class='ocrx_word' id='word_1_485' title='bbox 1388 708 1545 742; x_wconf 88' lang='lat' dir='ltr'>addendos</span> <span class='ocrx_word' id='word_1_486' title='bbox 1558 708 1713 754; x_wconf 88' lang='lat' dir='ltr'>vitamque</span> <span class='ocrx_word' id='word_1_487' title='bbox 1726 708 1789 739; x_wconf 87' lang='lat' dir='ltr'>He-</span> 
     </span>
     <span class='ocr_line' id='line_1_84' title="bbox 1029 756 1794 805; baseline -0.01 -8"><span class='ocrx_word' id='word_1_488' title='bbox 1029 762 1105 797; x_wconf 69' lang='lat' dir='ltr'>ro&#39;dis</span> <span class='ocrx_word' id='word_1_489' title='bbox 1121 763 1157 797; x_wconf 81' lang='lat' dir='ltr'>ad</span> <span class='ocrx_word' id='word_1_490' title='bbox 1172 759 1289 796; x_wconf 86' lang='lat' dir='ltr'>Christi</span> <span class='ocrx_word' id='word_1_491' title='bbox 1303 771 1422 792; x_wconf 89' lang='lat' dir='ltr'>nonum</span> <span class='ocrx_word' id='word_1_492' title='bbox 1441 756 1691 805; x_wconf 85' lang='lat' dir='ltr'>producendam,</span> <span class='ocrx_word' id='word_1_493' title='bbox 1712 769 1794 790; x_wconf 88' lang='lat' dir='ltr'>con-</span> 
     </span>
     <span class='ocr_line' id='line_1_85' title="bbox 1029 805 1792 846; baseline -0.01 1"><span class='ocrx_word' id='word_1_494' title='bbox 1029 824 1073 846; x_wconf 87' lang='lat' dir='ltr'>tra</span> <span class='ocrx_word' id='word_1_495' title='bbox 1082 812 1224 846; x_wconf 86' lang='lat' dir='ltr'>omnium</span> <span class='ocrx_word' id='word_1_496' title='bbox 1237 810 1407 844; x_wconf 60' lang='lat' dir='ltr'>doetorum</span> <span class='ocrx_word' id='word_1_497' title='bbox 1420 817 1558 842; x_wconf 88' lang='lat' dir='ltr'>mentem</span> <span class='ocrx_word' id='word_1_498' title='bbox 1570 805 1749 846; x_wconf 88' lang='lat' dir='ltr'>contendit;</span> <span class='ocrx_word' id='word_1_499' title='bbox 1759 816 1792 840; x_wconf 90' lang='lat' dir='ltr'>ut</span> 
     </span>
     <span class='ocr_line' id='line_1_86' title="bbox 1031 854 1793 896; baseline -0.01 1"><span class='ocrx_word' id='word_1_500' title='bbox 1031 862 1116 896; x_wconf 54' lang='lat' dir='ltr'>reete</span> <span class='ocrx_word' id='word_1_501' title='bbox 1140 872 1228 896; x_wconf 87' lang='lat' dir='ltr'>notat</span> <span class='ocrx_word' id='word_1_502' title='bbox 1252 861 1283 894; x_wconf 88' lang='lat' dir='ltr'>in</span> <span class='ocrx_word' id='word_1_503' title='bbox 1307 856 1364 892; x_wconf 90' lang='lat' dir='ltr'>suis</span> <span class='ocrx_word' id='word_1_504' title='bbox 1392 854 1663 892; x_wconf 84' lang='lat' dir='ltr'>exercitationibus</span> <span class='ocrx_word' id='word_1_505' title='bbox 1687 855 1793 890; x_wconf 88' lang='lat' dir='ltr'>noster</span> 
     </span>
     <span class='ocr_line' id='line_1_87' title="bbox 1031 903 1301 957; baseline -0.015 -12"><span class='ocrx_word' id='word_1_506' title='bbox 1031 910 1224 957; x_wconf 68' lang='lat' dir='ltr'>Caufhbonus.</span> <span class='ocrx_word' id='word_1_507' title='bbox 1296 903 1301 907; x_wconf 59' lang='lat'>&#39;</span> 
     </span>
    </p>

    <p class='ocr_par' dir='ltr' id='par_1_16' title="bbox 1030 954 1801 2104">
     <span class='ocr_line' id='line_1_88' title="bbox 1076 954 1795 1003; baseline -0.01 -8"><span class='ocrx_word' id='word_1_508' title='bbox 1076 960 1238 995; x_wconf 84' lang='lat' dir='ltr'>Lubenter</span> <span class='ocrx_word' id='word_1_509' title='bbox 1249 970 1352 993; x_wconf 87' lang='lat' dir='ltr'>tamen</span> <span class='ocrx_word' id='word_1_510' title='bbox 1365 956 1554 991; x_wconf 85' lang='lat' dir='ltr'>admittimus</span> <span class='ocrx_word' id='word_1_511' title='bbox 1563 981 1573 996; x_wconf 89' lang='lat'>,</span> <span class='ocrx_word' id='word_1_512' title='bbox 1595 955 1683 1003; x_wconf 87' lang='lat' dir='ltr'>quod</span> <span class='ocrx_word' id='word_1_513' title='bbox 1696 954 1795 1003; x_wconf 89' lang='lat' dir='ltr'>proli-</span> 
     </span>
     <span class='ocr_line' id='line_1_89' title="bbox 1030 1004 1795 1057; baseline -0.01 -12"><span class='ocrx_word' id='word_1_514' title='bbox 1030 1009 1067 1044; x_wconf 70' lang='lat' dir='ltr'>xe</span> <span class='ocrx_word' id='word_1_515' title='bbox 1082 1009 1195 1057; x_wconf 84' lang='lat' dir='ltr'>prob&#39;at</span> <span class='ocrx_word' id='word_1_516' title='bbox 1211 1008 1364 1043; x_wconf 80' lang='lat' dir='ltr'>Batonius</span> <span class='ocrx_word' id='word_1_517' title='bbox 1379 1031 1388 1045; x_wconf 90' lang='lat'>‚</span> <span class='ocrx_word' id='word_1_518' title='bbox 1415 1004 1534 1040; x_wconf 84' lang='lat' dir='ltr'>christi</span> <span class='ocrx_word' id='word_1_519' title='bbox 1547 1005 1678 1039; x_wconf 89' lang='lat' dir='ltr'>natalem</span> <span class='ocrx_word' id='word_1_520' title='bbox 1692 1004 1795 1052; x_wconf 88' lang='lat' dir='ltr'>poste-</span> 
     </span>
     <span class='ocr_line' id='line_1_90' title="bbox 1031 1053 1796 1104; baseline -0.005 -11"><span class='ocrx_word' id='word_1_521' title='bbox 1031 1060 1148 1094; x_wconf 90' lang='lat' dir='ltr'>riorem</span> <span class='ocrx_word' id='word_1_522' title='bbox 1161 1058 1219 1095; x_wconf 82' lang='lat' dir='ltr'>esse</span> <span class='ocrx_word' id='word_1_523' title='bbox 1232 1070 1297 1092; x_wconf 90' lang='lat' dir='ltr'>non</span> <span class='ocrx_word' id='word_1_524' title='bbox 1311 1055 1396 1104; x_wconf 82' lang='lat' dir='ltr'>posse</span> <span class='ocrx_word' id='word_1_525' title='bbox 1409 1054 1580 1090; x_wconf 86' lang='lat' dir='ltr'>Consulatu</span> <span class='ocrx_word' id='word_1_526' title='bbox 1595 1053 1750 1097; x_wconf 72' lang='lat' dir='ltr'>Meffizlini</span> <span class='ocrx_word' id='word_1_527' title='bbox 1763 1058 1796 1089; x_wconf 80' lang='grc' dir='ltr'>δε</span> 
     </span>
     <span class='ocr_line' id='line_1_91' title="bbox 1032 1101 1797 1153; baseline -0.01 -9"><span class='ocrx_word' id='word_1_528' title='bbox 1032 1111 1172 1149; x_wconf 74' lang='lat' dir='ltr'>Lentuli,</span> <span class='ocrx_word' id='word_1_529' title='bbox 1191 1108 1240 1142; x_wconf 89' lang='lat' dir='ltr'>seu</span> <span class='ocrx_word' id='word_1_530' title='bbox 1256 1119 1337 1141; x_wconf 86' lang='lat' dir='ltr'>anno</span> <span class='ocrx_word' id='word_1_531' title='bbox 1347 1105 1474 1153; x_wconf 77' lang='lat' dir='ltr'>juliano</span> <span class='ocrx_word' id='word_1_532' title='bbox 1488 1101 1721 1151; x_wconf 80' lang='lat' dir='ltr'>quadragesimo</span> <span class='ocrx_word' id='word_1_533' title='bbox 1734 1115 1797 1137; x_wconf 85' lang='lat' dir='ltr'>ter-</span> 
     </span>
     <span class='ocr_line' id='line_1_92' title="bbox 1032 1153 1797 1204; baseline -0.012 -10"><span class='ocrx_word' id='word_1_534' title='bbox 1032 1162 1093 1195; x_wconf 89' lang='lat' dir='ltr'>tio,</span> <span class='ocrx_word' id='word_1_535' title='bbox 1116 1159 1251 1193; x_wconf 60' lang='lat' dir='ltr'>Astiacae</span> <span class='ocrx_word' id='word_1_536' title='bbox 1265 1168 1375 1204; x_wconf 85' lang='lat' dir='ltr'>pugnae</span> <span class='ocrx_word' id='word_1_537' title='bbox 1387 1153 1534 1189; x_wconf 89' lang='lat' dir='ltr'>vicesimo</span> <span class='ocrx_word' id='word_1_538' title='bbox 1548 1154 1679 1192; x_wconf 70' lang='lat' dir='ltr'>oetam,</span> <span class='ocrx_word' id='word_1_539' title='bbox 1700 1153 1797 1187; x_wconf 85' lang='lat' dir='ltr'>Urbis</span> 
     </span>
     <span class='ocr_line' id='line_1_93' title="bbox 1033 1200 1798 1248; baseline -0.009 -5"><span class='ocrx_word' id='word_1_540' title='bbox 1033 1208 1182 1247; x_wconf 88' lang='lat' dir='ltr'>conditae,</span> <span class='ocrx_word' id='word_1_541' title='bbox 1203 1205 1369 1241; x_wconf 86' lang='lat' dir='ltr'>secundum</span> <span class='ocrx_word' id='word_1_542' title='bbox 1384 1203 1489 1239; x_wconf 88' lang='lat' dir='ltr'>Palilia</span> <span class='ocrx_word' id='word_1_543' title='bbox 1500 1202 1692 1238; x_wconf 87' lang='lat' dir='ltr'>Varroniana</span> <span class='ocrx_word' id='word_1_544' title='bbox 1703 1227 1712 1242; x_wconf 91' lang='lat'>‚</span> <span class='ocrx_word' id='word_1_545' title='bbox 1732 1200 1798 1248; x_wconf 87' lang='lat' dir='ltr'>sep-</span> 
     </span>
     <span class='ocr_line' id='line_1_94' title="bbox 1034 1252 1799 1306; baseline -0.012 -13"><span class='ocrx_word' id='word_1_546' title='bbox 1034 1257 1253 1306; x_wconf 85' lang='lat' dir='ltr'>tingentesimo</span> <span class='ocrx_word' id='word_1_547' title='bbox 1272 1252 1531 1303; x_wconf 86' lang='lat' dir='ltr'>quinquagesimo</span> <span class='ocrx_word' id='word_1_548' title='bbox 1550 1252 1666 1300; x_wconf 88' lang='lat' dir='ltr'>primo.</span> <span class='ocrx_word' id='word_1_549' title='bbox 1697 1254 1799 1287; x_wconf 86' lang='lat' dir='ltr'>Cato-</span> 
     </span>
     <span class='ocr_line' id='line_1_95' title="bbox 1033 1299 1799 1351; baseline -0.012 -9"><span class='ocrx_word' id='word_1_550' title='bbox 1033 1309 1122 1342; x_wconf 83' lang='lat' dir='ltr'>niana</span> <span class='ocrx_word' id='word_1_551' title='bbox 1147 1307 1222 1342; x_wconf 73' lang='lat' dir='ltr'>vero</span> <span class='ocrx_word' id='word_1_552' title='bbox 1242 1331 1252 1346; x_wconf 90' lang='lat'>,</span> <span class='ocrx_word' id='word_1_553' title='bbox 1284 1301 1555 1351; x_wconf 81' lang='lat' dir='ltr'>septingentesimo</span> <span class='ocrx_word' id='word_1_554' title='bbox 1581 1299 1799 1349; x_wconf 79' lang='lat' dir='ltr'>quinquagesi-</span> 
     </span>
     <span class='ocr_line' id='line_1_96' title="bbox 1035 1351 1798 1403; baseline -0.013 -10"><span class='ocrx_word' id='word_1_555' title='bbox 1035 1371 1089 1392; x_wconf 87' lang='lat' dir='ltr'>mo</span> <span class='ocrx_word' id='word_1_556' title='bbox 1105 1382 1115 1398; x_wconf 92' lang='lat'><em>‚</em></span> <span class='ocrx_word' id='word_1_557' title='bbox 1154 1355 1350 1403; x_wconf 88' lang='lat' dir='ltr'>Olympiadis</span> <span class='ocrx_word' id='word_1_558' title='bbox 1386 1351 1556 1387; x_wconf 82' lang='lat' dir='ltr'>centefimae</span> <span class='ocrx_word' id='word_1_559' title='bbox 1593 1351 1798 1398; x_wconf 80' lang='lat' dir='ltr'>nonagesimae</span> 
     </span>
     <span class='ocr_line' id='line_1_97' title="bbox 1036 1398 1801 1456; baseline -0.014 -13"><span class='ocrx_word' id='word_1_560' title='bbox 1036 1419 1149 1456; x_wconf 78' lang='lat' dir='ltr'>quartae</span> <span class='ocrx_word' id='word_1_561' title='bbox 1169 1405 1302 1441; x_wconf 87' lang='lat' dir='ltr'>secundo</span> <span class='ocrx_word' id='word_1_562' title='bbox 1325 1417 1333 1438; x_wconf 71' lang='grc' dir='ltr'>ε</span> <span class='ocrx_word' id='word_1_563' title='bbox 1364 1403 1419 1451; x_wconf 89' lang='lat' dir='ltr'>qui</span> <span class='ocrx_word' id='word_1_564' title='bbox 1437 1401 1640 1436; x_wconf 66' lang='lat' dir='ltr'>Charac&#39;teres</span> <span class='ocrx_word' id='word_1_565' title='bbox 1657 1424 1666 1439; x_wconf 90' lang='lat'>,</span> <span class='ocrx_word' id='word_1_566' title='bbox 1692 1398 1801 1434; x_wconf 82' lang='lat' dir='ltr'>secun-</span> 
     </span>
     <span class='ocr_line' id='line_1_98' title="bbox 1036 1450 1799 1502; baseline -0.013 -10"><span class='ocrx_word' id='word_1_567' title='bbox 1036 1459 1108 1492; x_wconf 91' lang='lat' dir='ltr'>dum</span> <span class='ocrx_word' id='word_1_568' title='bbox 1124 1456 1286 1502; x_wconf 79' lang='lat' dir='ltr'>Calvtfium</span> <span class='ocrx_word' id='word_1_569' title='bbox 1299 1478 1309 1493; x_wconf 92' lang='lat'>,</span> <span class='ocrx_word' id='word_1_570' title='bbox 1335 1452 1526 1487; x_wconf 90' lang='lat' dir='ltr'>conveniunt</span> <span class='ocrx_word' id='word_1_571' title='bbox 1539 1463 1621 1484; x_wconf 83' lang='lat' dir='ltr'>anno</span> <span class='ocrx_word' id='word_1_572' title='bbox 1635 1450 1799 1483; x_wconf 86' lang='lat' dir='ltr'>Munditer</span> 
     </span>
     <span class='ocr_line' id='line_1_99' title="bbox 1036 1498 1797 1552; baseline -0.013 -10"><span class='ocrx_word' id='word_1_573' title='bbox 1036 1506 1198 1542; x_wconf 82' lang='lat' dir='ltr'>millesimo</span> <span class='ocrx_word' id='word_1_574' title='bbox 1210 1501 1452 1552; x_wconf 84' lang='lat' dir='ltr'>nongentesimo</span> <span class='ocrx_word' id='word_1_575' title='bbox 1466 1499 1701 1548; x_wconf 84' lang='lat' dir='ltr'>quadragefimo</span> <span class='ocrx_word' id='word_1_576' title='bbox 1708 1498 1797 1546; x_wconf 88' lang='lat' dir='ltr'>septi-</span> 
     </span>
     <span class='ocr_line' id='line_1_100' title="bbox 1035 1550 1797 1598; baseline -0.013 -6"><span class='ocrx_word' id='word_1_577' title='bbox 1035 1571 1090 1591; x_wconf 89' lang='lat' dir='ltr'>mo</span> <span class='ocrx_word' id='word_1_578' title='bbox 1101 1582 1112 1597; x_wconf 93' lang='lat'>,</span> <span class='ocrx_word' id='word_1_579' title='bbox 1136 1556 1256 1591; x_wconf 70' lang='lat' dir='ltr'>tantum</span> <span class='ocrx_word' id='word_1_580' title='bbox 1268 1553 1397 1588; x_wconf 90' lang='lat' dir='ltr'>biennio</span> <span class='ocrx_word' id='word_1_581' title='bbox 1416 1550 1486 1598; x_wconf 88' lang='lat' dir='ltr'>post</span> <span class='ocrx_word' id='word_1_582' title='bbox 1503 1550 1589 1598; x_wconf 71' lang='lat' dir='ltr'>supra</span> <span class='ocrx_word' id='word_1_583' title='bbox 1601 1550 1720 1584; x_wconf 69' lang='lat' dir='ltr'>dietum</span> <span class='ocrx_word' id='word_1_584' title='bbox 1734 1561 1797 1583; x_wconf 87' lang='lat' dir='ltr'>no-</span> 
     </span>
     <span class='ocr_line' id='line_1_101' title="bbox 1035 1601 1795 1652; baseline -0.012 -10"><span class='ocrx_word' id='word_1_585' title='bbox 1035 1606 1130 1642; x_wconf 89' lang='lat' dir='ltr'>strum</span> <span class='ocrx_word' id='word_1_586' title='bbox 1146 1620 1182 1641; x_wconf 87' lang='lat' dir='ltr'>ex</span> <span class='ocrx_word' id='word_1_587' title='bbox 1197 1603 1355 1652; x_wconf 59' lang='lat' dir='ltr'>Scriptura</span> <span class='ocrx_word' id='word_1_588' title='bbox 1367 1601 1535 1636; x_wconf 81' lang='lat' dir='ltr'>calculum:</span> <span class='ocrx_word' id='word_1_589' title='bbox 1553 1601 1678 1648; x_wconf 88' lang='lat' dir='ltr'>integro</span> <span class='ocrx_word' id='word_1_590' title='bbox 1691 1609 1795 1633; x_wconf 89' lang='lat' dir='ltr'>tamen</span> 
     </span>
     <span class='ocr_line' id='line_1_102' title="bbox 1036 1648 1796 1698; baseline -0.013 -6"><span class='ocrx_word' id='word_1_591' title='bbox 1036 1657 1167 1693; x_wconf 80' lang='lat' dir='ltr'>biennio</span> <span class='ocrx_word' id='word_1_592' title='bbox 1181 1665 1251 1690; x_wconf 85' lang='lat' dir='ltr'>ante</span> <span class='ocrx_word' id='word_1_593' title='bbox 1263 1665 1353 1689; x_wconf 84' lang='lat' dir='ltr'>aerarn</span> <span class='ocrx_word' id='word_1_594' title='bbox 1364 1651 1535 1698; x_wconf 88' lang='lat' dir='ltr'>vulgarem,</span> <span class='ocrx_word' id='word_1_595' title='bbox 1552 1663 1619 1698; x_wconf 83' lang='lat' dir='ltr'>quae</span> <span class='ocrx_word' id='word_1_596' title='bbox 1633 1648 1796 1684; x_wconf 88' lang='lat' dir='ltr'>Christum</span> 
     </span>
     <span class='ocr_line' id='line_1_103' title="bbox 1036 1699 1797 1753; baseline -0.012 -11"><span class='ocrx_word' id='word_1_597' title='bbox 1036 1718 1142 1742; x_wconf 85' lang='lat' dir='ltr'>natum</span> <span class='ocrx_word' id='word_1_598' title='bbox 1151 1705 1305 1753; x_wconf 86' lang='lat' dir='ltr'>supponit,</span> <span class='ocrx_word' id='word_1_599' title='bbox 1313 1701 1419 1737; x_wconf 90' lang='lat' dir='ltr'>mundi</span> <span class='ocrx_word' id='word_1_600' title='bbox 1431 1712 1477 1736; x_wconf 87' lang='lat' dir='ltr'>ter</span> <span class='ocrx_word' id='word_1_601' title='bbox 1484 1699 1647 1735; x_wconf 84' lang='lat' dir='ltr'>millesimo</span> <span class='ocrx_word' id='word_1_602' title='bbox 1653 1711 1797 1747; x_wconf 85' lang='lat' dir='ltr'>nongen-</span> 
     </span>
     <span class='ocr_line' id='line_1_104' title="bbox 1036 1750 1796 1804; baseline -0.012 -12"><span class='ocrx_word' id='word_1_603' title='bbox 1036 1757 1146 1792; x_wconf 82' lang='lat' dir='ltr'>tesimo</span> <span class='ocrx_word' id='word_1_604' title='bbox 1159 1752 1394 1804; x_wconf 81' lang='lat' dir='ltr'>quadragesimo</span> <span class='ocrx_word' id='word_1_605' title='bbox 1406 1763 1495 1786; x_wconf 90' lang='lat' dir='ltr'>nono</span> <span class='ocrx_word' id='word_1_606' title='bbox 1508 1763 1516 1784; x_wconf 74' lang='grc' dir='ltr'><strong>ε</strong></span> <span class='ocrx_word' id='word_1_607' title='bbox 1537 1750 1673 1785; x_wconf 67' lang='lat' dir='ltr'>Aetiacae</span> <span class='ocrx_word' id='word_1_608' title='bbox 1685 1760 1796 1798; x_wconf 84' lang='lat' dir='ltr'>pugnae</span> 
     </span>
     <span class='ocr_line' id='line_1_105' title="bbox 1036 1800 1798 1848; baseline -0.013 -7"><span class='ocrx_word' id='word_1_609' title='bbox 1036 1804 1259 1847; x_wconf 83' lang='lat' dir='ltr'>tricesimo;ab</span> <span class='ocrx_word' id='word_1_610' title='bbox 1273 1801 1458 1840; x_wconf 62' lang='lat' dir='ltr'>Alexandria</span> <span class='ocrx_word' id='word_1_611' title='bbox 1474 1802 1562 1848; x_wconf 62' lang='lat' dir='ltr'>capti</span> <span class='ocrx_word' id='word_1_612' title='bbox 1575 1800 1722 1835; x_wconf 86' lang='lat' dir='ltr'>vicesimo</span> <span class='ocrx_word' id='word_1_613' title='bbox 1734 1811 1798 1832; x_wconf 92' lang='lat' dir='ltr'>no-</span> 
     </span>
     <span class='ocr_line' id='line_1_106' title="bbox 1036 1847 1797 1904; baseline -0.013 -12"><span class='ocrx_word' id='word_1_614' title='bbox 1036 1870 1078 1892; x_wconf 91' lang='lat' dir='ltr'>no</span> <span class='ocrx_word' id='word_1_615' title='bbox 1087 1882 1096 1896; x_wconf 94' lang='lat'>,</span> <span class='ocrx_word' id='word_1_616' title='bbox 1106 1857 1234 1904; x_wconf 87' lang='lat' dir='ltr'>Juliano</span> <span class='ocrx_word' id='word_1_617' title='bbox 1248 1850 1482 1902; x_wconf 83' lang='lat' dir='ltr'>quadragesimo</span> <span class='ocrx_word' id='word_1_618' title='bbox 1493 1850 1623 1899; x_wconf 90' lang='lat' dir='ltr'>quinto,</span> <span class='ocrx_word' id='word_1_619' title='bbox 1637 1847 1797 1898; x_wconf 85' lang='lat' dir='ltr'>Augustali</span> 
     </span>
     <span class='ocr_line' id='line_1_107' title="bbox 1035 1898 1797 1954; baseline -0.013 -12"><span class='ocrx_word' id='word_1_620' title='bbox 1035 1907 1051 1942; x_wconf 73' lang='lat' dir='ltr'>a</span> <span class='ocrx_word' id='word_1_621' title='bbox 1065 1907 1146 1941; x_wconf 82' lang='lat' dir='ltr'>caede</span> <span class='ocrx_word' id='word_1_622' title='bbox 1154 1906 1228 1954; x_wconf 89' lang='lat' dir='ltr'>Julii</span> <span class='ocrx_word' id='word_1_623' title='bbox 1242 1899 1475 1952; x_wconf 81' lang='lat' dir='ltr'>quadragesimo</span> <span class='ocrx_word' id='word_1_624' title='bbox 1487 1901 1581 1935; x_wconf 89' lang='lat' dir='ltr'>tertio</span> <span class='ocrx_word' id='word_1_625' title='bbox 1593 1924 1600 1938; x_wconf 83' lang='lat'>‚</span> <span class='ocrx_word' id='word_1_626' title='bbox 1612 1898 1686 1934; x_wconf 66' lang='lat' dir='ltr'>seda</span> <span class='ocrx_word' id='word_1_627' title='bbox 1694 1898 1797 1946; x_wconf 90' lang='lat' dir='ltr'>primo</span> 
     </span>
     <span class='ocr_line' id='line_1_108' title="bbox 1037 1947 1795 2005; baseline -0.011 -16"><span class='ocrx_word' id='word_1_628' title='bbox 1037 1955 1166 2005; x_wconf 73' lang='lat' dir='ltr'><em>Augusti</em></span> <span class='ocrx_word' id='word_1_629' title='bbox 1192 1952 1366 1990; x_wconf 83' lang='lat' dir='ltr'>Consulatu</span> <span class='ocrx_word' id='word_1_630' title='bbox 1383 1948 1618 1999; x_wconf 75' lang='lat' dir='ltr'>quadragesimo</span> <span class='ocrx_word' id='word_1_631' title='bbox 1637 1947 1771 1984; x_wconf 86' lang='lat' dir='ltr'>secundo</span> <span class='ocrx_word' id='word_1_632' title='bbox 1784 1971 1795 1987; x_wconf 86' lang='lat'>,</span> 
     </span>
     <span class='ocr_line' id='line_1_109' title="bbox 1038 1998 1797 2054; baseline -0.014 -12"><span class='ocrx_word' id='word_1_633' title='bbox 1038 2005 1233 2054; x_wconf 83' lang='lat' dir='ltr'>Olympiadis</span> <span class='ocrx_word' id='word_1_634' title='bbox 1255 2000 1428 2038; x_wconf 76' lang='lat' dir='ltr'>centesxmae</span> <span class='ocrx_word' id='word_1_635' title='bbox 1451 1998 1656 2046; x_wconf 73' lang='lat' dir='ltr'>nonagesimae</span> <span class='ocrx_word' id='word_1_636' title='bbox 1682 2008 1797 2045; x_wconf 83' lang='lat' dir='ltr'>quartae</span> 
     </span>
     <span class='ocr_line' id='line_1_110' title="bbox 1038 2047 1800 2104; baseline -0.016 -13"><span class='ocrx_word' id='word_1_637' title='bbox 1038 2067 1163 2104; x_wconf 90' lang='lat' dir='ltr'>quarto,</span> <span class='ocrx_word' id='word_1_638' title='bbox 1179 2053 1276 2090; x_wconf 89' lang='lat' dir='ltr'>Urbis</span> <span class='ocrx_word' id='word_1_639' title='bbox 1284 2050 1449 2086; x_wconf 90' lang='lat' dir='ltr'>secundum</span> <span class='ocrx_word' id='word_1_640' title='bbox 1457 2051 1617 2083; x_wconf 78' lang='lat' dir='ltr'>Varronem</span> <span class='ocrx_word' id='word_1_641' title='bbox 1627 2047 1800 2094; x_wconf 83' lang='lat' dir='ltr'>septingen-</span> 
     </span>
    </p>
   </div>
   <div class='ocr_carea' id='block_1_13' title="bbox 1037 2094 1913 2153">
    <p class='ocr_par' dir='ltr' id='par_1_17' title="bbox 1037 2094 1913 2153">
     <span class='ocr_line' id='line_1_111' title="bbox 1037 2094 1913 2153; baseline -0.013 -12"><span class='ocrx_word' id='word_1_642' title='bbox 1037 2105 1148 2140; x_wconf 85' lang='lat' dir='ltr'>tesimo</span> <span class='ocrx_word' id='word_1_643' title='bbox 1161 2099 1418 2153; x_wconf 81' lang='lat' dir='ltr'>quinquagesimo</span> <span class='ocrx_word' id='word_1_644' title='bbox 1430 2098 1543 2137; x_wconf 88' lang='lat' dir='ltr'>tertio,</span> <span class='ocrx_word' id='word_1_645' title='bbox 1558 2094 1709 2142; x_wconf 68' lang='lat' dir='ltr'>Omnem,</span> <span class='ocrx_word' id='word_1_646' title='bbox 1732 2096 1799 2142; x_wconf 87' lang='lat' dir='ltr'>sep·</span> <span class='ocrx_word' id='word_1_647' title='bbox 1817 2107 1913 2130; x_wconf 75' lang='lat' dir='ltr'>Contra</span> 
     </span>
    </p>
   </div>
   <div class='ocr_carea' id='block_1_14' title="bbox 1038 2143 1968 2292">
    <p class='ocr_par' dir='ltr' id='par_1_18' title="bbox 1038 2143 1968 2211">
     <span class='ocr_line' id='line_1_112' title="bbox 1038 2143 1958 2211; baseline -0.024 -20"><span class='ocrx_word' id='word_1_648' title='bbox 1038 2153 1255 2203; x_wconf 83' lang='lat' dir='ltr'>tingentefimo</span> <span class='ocrx_word' id='word_1_649' title='bbox 1267 2147 1523 2200; x_wconf 84' lang='lat' dir='ltr'>quinquagesimo</span> <span class='ocrx_word' id='word_1_650' title='bbox 1535 2144 1677 2181; x_wconf 88' lang='lat' dir='ltr'>secundo.</span> <span class='ocrx_word' id='word_1_651' title='bbox 1703 2147 1800 2181; x_wconf 88' lang='lat' dir='ltr'>Erro·</span> <span class='ocrx_word' id='word_1_652' title='bbox 1816 2143 1958 2211; x_wconf 54' lang='lat' dir='ltr'>vulgargml</span> 
     </span>
     <span class='ocr_line' id='line_1_113' title="bbox 1816 2194 1968 2211; baseline -0.033 0"><span class='ocrx_word' id='word_1_653' title='bbox 1816 2194 1863 2211; x_wconf 66' lang='lat' dir='ltr'>Era</span> <span class='ocrx_word' id='word_1_654' title='bbox 1957 2201 1968 2206; x_wconf 86' lang='lat'>-</span> 
     </span>
    </p>

    <p class='ocr_par' dir='ltr' id='par_1_19' title="bbox 1781 2194 1966 2260">
     <span class='ocr_line' id='line_1_114' title="bbox 1781 2194 1966 2260; baseline -0.011 -8"><span class='ocrx_word' id='word_1_655' title='bbox 1781 2195 1799 2228; x_wconf 80' lang='lat' dir='ltr'>d</span> <span class='ocrx_word' id='word_1_656' title='bbox 1816 2194 1966 2260; x_wconf 50' lang='lat' dir='ltr'>vist‘inargu-</span> 
     </span>
    </p>

    <p class='ocr_par' dir='ltr' id='par_1_20' title="bbox 1815 2272 1911 2292">
     <span class='ocr_line' id='line_1_115' title="bbox 1815 2272 1911 2292; baseline 0 -1"><span class='ocrx_word' id='word_1_657' title='bbox 1815 2272 1911 2292; x_wconf 68' lang='lat' dir='ltr'>mcntaa.</span> 
     </span>
    </p>
   </div>
   <div class='ocr_carea' id='block_1_15' title="bbox 1037 2192 1804 3285">
    <p class='ocr_par' dir='ltr' id='par_1_21' title="bbox 1037 2192 1800 2748">
     <span class='ocr_line' id='line_1_116' title="bbox 1039 2192 1778 2248; baseline -0.018 -7"><span class='ocrx_word' id='word_1_658' title='bbox 1039 2219 1104 2240; x_wconf 90' lang='lat' dir='ltr'>rem</span> <span class='ocrx_word' id='word_1_659' title='bbox 1117 2205 1200 2239; x_wconf 92' lang='lat' dir='ltr'>hunc</span> <span class='ocrx_word' id='word_1_660' title='bbox 1212 2214 1322 2237; x_wconf 87' lang='lat' dir='ltr'>omnes</span> <span class='ocrx_word' id='word_1_661' title='bbox 1330 2212 1409 2248; x_wconf 88' lang='lat' dir='ltr'>pene</span> <span class='ocrx_word' id='word_1_662' title='bbox 1420 2197 1506 2233; x_wconf 72' lang='lat' dir='ltr'>doffl</span> <span class='ocrx_word' id='word_1_663' title='bbox 1514 2199 1576 2241; x_wconf 82' lang='lat' dir='ltr'>jam</span> <span class='ocrx_word' id='word_1_664' title='bbox 1584 2194 1734 2235; x_wconf 87' lang='lat' dir='ltr'>fatentur,</span> <span class='ocrx_word' id='word_1_665' title='bbox 1750 2192 1778 2229; x_wconf 91' lang='lat' dir='ltr'>se</span> 
     </span>
     <span class='ocr_line' id='line_1_117' title="bbox 1038 2243 1799 2301; baseline -0.016 -12"><span class='ocrx_word' id='word_1_666' title='bbox 1038 2256 1143 2301; x_wconf 90' lang='lat' dir='ltr'>pauci,</span> <span class='ocrx_word' id='word_1_667' title='bbox 1161 2252 1248 2300; x_wconf 89' lang='lat' dir='ltr'>quod</span> <span class='ocrx_word' id='word_1_668' title='bbox 1261 2252 1293 2285; x_wconf 89' lang='lat' dir='ltr'>in</span> <span class='ocrx_word' id='word_1_669' title='bbox 1309 2249 1417 2297; x_wconf 87' lang='lat' dir='ltr'>primis</span> <span class='ocrx_word' id='word_1_670' title='bbox 1430 2246 1630 2295; x_wconf 82' lang='lat' dir='ltr'>praestandum</span> <span class='ocrx_word' id='word_1_671' title='bbox 1644 2243 1720 2285; x_wconf 82' lang='lat' dir='ltr'>fuit,</span> <span class='ocrx_word' id='word_1_672' title='bbox 1738 2244 1799 2279; x_wconf 88' lang='lat' dir='ltr'>cla-</span> 
     </span>
     <span class='ocr_line' id='line_1_118' title="bbox 1038 2294 1800 2348; baseline -0.012 -12"><span class='ocrx_word' id='word_1_673' title='bbox 1038 2305 1078 2337; x_wconf 91' lang='lat' dir='ltr'>ris</span> <span class='ocrx_word' id='word_1_674' title='bbox 1098 2307 1129 2338; x_wconf 89' lang='lat'>&amp;</span> <span class='ocrx_word' id='word_1_675' title='bbox 1149 2300 1253 2336; x_wconf 87' lang='lat' dir='ltr'>solidis</span> <span class='ocrx_word' id='word_1_676' title='bbox 1272 2298 1460 2348; x_wconf 85' lang='lat' dir='ltr'>argumentis</span> <span class='ocrx_word' id='word_1_677' title='bbox 1485 2308 1624 2330; x_wconf 90' lang='lat' dir='ltr'>errorem</span> <span class='ocrx_word' id='word_1_678' title='bbox 1642 2294 1726 2329; x_wconf 87' lang='lat' dir='ltr'>hunc</span> <span class='ocrx_word' id='word_1_679' title='bbox 1743 2294 1800 2328; x_wconf 92' lang='lat' dir='ltr'>de-</span> 
     </span>
     <span class='ocr_line' id='line_1_119' title="bbox 1037 2344 1799 2391; baseline -0.016 -4"><span class='ocrx_word' id='word_1_680' title='bbox 1037 2350 1207 2386; x_wconf 79' lang='lat' dir='ltr'>monstrare</span> <span class='ocrx_word' id='word_1_681' title='bbox 1216 2348 1426 2385; x_wconf 77' lang='lat' dir='ltr'>conantur.Et</span> <span class='ocrx_word' id='word_1_682' title='bbox 1434 2345 1509 2381; x_wconf 76' lang='lat' dir='ltr'>vero</span> <span class='ocrx_word' id='word_1_683' title='bbox 1518 2358 1585 2391; x_wconf 87' lang='lat' dir='ltr'>quae</span> <span class='ocrx_word' id='word_1_684' title='bbox 1591 2344 1799 2378; x_wconf 77' lang='lat' dir='ltr'>afferuntScn-</span> 
     </span>
     <span class='ocr_line' id='line_1_120' title="bbox 1038 2391 1797 2449; baseline -0.012 -15"><span class='ocrx_word' id='word_1_685' title='bbox 1038 2403 1109 2449; x_wconf 74' lang='lat' dir='ltr'>lzger</span> <span class='ocrx_word' id='word_1_686' title='bbox 1121 2405 1153 2434; x_wconf 87' lang='lat'>&amp;</span> <span class='ocrx_word' id='word_1_687' title='bbox 1168 2398 1331 2434; x_wconf 84' lang='lat' dir='ltr'>Calvifius‚</span> <span class='ocrx_word' id='word_1_688' title='bbox 1345 2410 1379 2430; x_wconf 90' lang='lat' dir='ltr'>ea</span> <span class='ocrx_word' id='word_1_689' title='bbox 1391 2395 1498 2429; x_wconf 86' lang='lat' dir='ltr'>omnia</span> <span class='ocrx_word' id='word_1_690' title='bbox 1509 2396 1672 2432; x_wconf 69' lang='lat' dir='ltr'>Petamus,</span> <span class='ocrx_word' id='word_1_691' title='bbox 1686 2404 1719 2425; x_wconf 88' lang='lat' dir='ltr'>ac</span> <span class='ocrx_word' id='word_1_692' title='bbox 1726 2391 1797 2438; x_wconf 89' lang='lat' dir='ltr'>post</span> 
     </span>
     <span class='ocr_line' id='line_1_121' title="bbox 1039 2441 1799 2491; baseline -0.017 -7"><span class='ocrx_word' id='word_1_693' title='bbox 1039 2463 1111 2484; x_wconf 87' lang='lat' dir='ltr'>eum</span> <span class='ocrx_word' id='word_1_694' title='bbox 1124 2447 1316 2483; x_wconf 64' lang='lat' dir='ltr'>detstiffimus</span> <span class='ocrx_word' id='word_1_695' title='bbox 1329 2444 1435 2479; x_wconf 90' lang='lat' dir='ltr'>noster</span> <span class='ocrx_word' id='word_1_696' title='bbox 1447 2441 1642 2491; x_wconf 70' lang='lat' dir='ltr'>spanhemius</span> <span class='ocrx_word' id='word_1_697' title='bbox 1654 2465 1664 2480; x_wconf 93' lang='lat'>,</span> <span class='ocrx_word' id='word_1_698' title='bbox 1690 2452 1799 2488; x_wconf 81' lang='lat' dir='ltr'>praeter</span> 
     </span>
     <span class='ocr_line' id='line_1_122' title="bbox 1040 2491 1792 2534; baseline -0.016 0"><span class='ocrx_word' id='word_1_699' title='bbox 1040 2498 1125 2534; x_wconf 89' lang='lat' dir='ltr'>suum</span> <span class='ocrx_word' id='word_1_700' title='bbox 1145 2511 1267 2533; x_wconf 90' lang='lat' dir='ltr'>morem</span> <span class='ocrx_word' id='word_1_701' title='bbox 1281 2496 1371 2531; x_wconf 89' lang='lat' dir='ltr'>omni</span> <span class='ocrx_word' id='word_1_702' title='bbox 1386 2504 1499 2528; x_wconf 83' lang='lat' dir='ltr'>conatu</span> <span class='ocrx_word' id='word_1_703' title='bbox 1513 2492 1634 2526; x_wconf 86' lang='lat' dir='ltr'>laborat</span> <span class='ocrx_word' id='word_1_704' title='bbox 1648 2491 1770 2526; x_wconf 89' lang='lat' dir='ltr'>eludere</span> <span class='ocrx_word' id='word_1_705' title='bbox 1780 2515 1792 2530; x_wconf 86' lang='lat'>,</span> 
     </span>
     <span class='ocr_line' id='line_1_123' title="bbox 1040 2539 1797 2597; baseline -0.016 -13"><span class='ocrx_word' id='word_1_706' title='bbox 1040 2551 1144 2597; x_wconf 87' lang='lat' dir='ltr'>potius</span> <span class='ocrx_word' id='word_1_707' title='bbox 1154 2547 1250 2595; x_wconf 75' lang='lat' dir='ltr'>quam</span> <span class='ocrx_word' id='word_1_708' title='bbox 1263 2555 1406 2580; x_wconf 84' lang='lat' dir='ltr'>enervare</span> <span class='ocrx_word' id='word_1_709' title='bbox 1421 2546 1451 2576; x_wconf 78' lang='grc' dir='ltr'>δι</span> <span class='ocrx_word' id='word_1_710' title='bbox 1460 2542 1589 2581; x_wconf 88' lang='lat' dir='ltr'>elidere,</span> <span class='ocrx_word' id='word_1_711' title='bbox 1604 2540 1694 2574; x_wconf 87' lang='lat' dir='ltr'>nimis</span> <span class='ocrx_word' id='word_1_712' title='bbox 1703 2539 1797 2586; x_wconf 75' lang='lat' dir='ltr'>quam</span> 
     </span>
     <span class='ocr_line' id='line_1_124' title="bbox 1040 2588 1798 2647; baseline -0.015 -13"><span class='ocrx_word' id='word_1_713' title='bbox 1040 2609 1199 2647; x_wconf 88' lang='lat' dir='ltr'>proterve,</span> <span class='ocrx_word' id='word_1_714' title='bbox 1213 2608 1248 2630; x_wconf 90' lang='lat' dir='ltr'>ut</span> <span class='ocrx_word' id='word_1_715' title='bbox 1255 2595 1347 2630; x_wconf 86' lang='lat' dir='ltr'>etiam</span> <span class='ocrx_word' id='word_1_716' title='bbox 1361 2591 1501 2626; x_wconf 73' lang='lat' dir='ltr'>Nisbetm</span> <span class='ocrx_word' id='word_1_717' title='bbox 1514 2601 1581 2625; x_wconf 87' lang='lat' dir='ltr'>ante</span> <span class='ocrx_word' id='word_1_718' title='bbox 1590 2603 1650 2624; x_wconf 92' lang='lat' dir='ltr'>nos</span> <span class='ocrx_word' id='word_1_719' title='bbox 1658 2588 1798 2624; x_wconf 85' lang='lat' dir='ltr'>observa-</span> 
     </span>
     <span class='ocr_line' id='line_1_125' title="bbox 1041 2638 1798 2693; baseline -0.015 -9"><span class='ocrx_word' id='word_1_720' title='bbox 1041 2651 1084 2684; x_wconf 91' lang='lat' dir='ltr'>vit</span> <span class='ocrx_word' id='word_1_721' title='bbox 1093 2673 1102 2688; x_wconf 92' lang='lat'>,</span> <span class='ocrx_word' id='word_1_722' title='bbox 1117 2658 1274 2693; x_wconf 87' lang='lat' dir='ltr'>utcunque</span> <span class='ocrx_word' id='word_1_723' title='bbox 1282 2657 1317 2679; x_wconf 88' lang='lat' dir='ltr'>ex</span> <span class='ocrx_word' id='word_1_724' title='bbox 1326 2641 1460 2677; x_wconf 80' lang='lat' dir='ltr'>Calvisio</span> <span class='ocrx_word' id='word_1_725' title='bbox 1468 2640 1599 2676; x_wconf 75' lang='lat' dir='ltr'>maxime</span> <span class='ocrx_word' id='word_1_726' title='bbox 1608 2652 1665 2673; x_wconf 89' lang='lat' dir='ltr'>nos</span> <span class='ocrx_word' id='word_1_727' title='bbox 1678 2638 1743 2673; x_wconf 85' lang='lat' dir='ltr'>haec</span> <span class='ocrx_word' id='word_1_728' title='bbox 1750 2652 1798 2674; x_wconf 88' lang='lat' dir='ltr'>ar-</span> 
     </span>
     <span class='ocr_line' id='line_1_126' title="bbox 1041 2694 1400 2748; baseline -0.025 -14"><span class='ocrx_word' id='word_1_729' title='bbox 1041 2708 1186 2748; x_wconf 85' lang='lat' dir='ltr'>gumenta</span> <span class='ocrx_word' id='word_1_730' title='bbox 1200 2694 1400 2740; x_wconf 83' lang='lat' dir='ltr'>subjicimus.&#39;</span> 
     </span>
    </p>

    <p class='ocr_par' dir='ltr' id='par_1_22' title="bbox 1038 2739 1804 3245">
     <span class='ocr_line' id='line_1_127' title="bbox 1089 2739 1800 2782; baseline -0.015 0"><span class='ocrx_word' id='word_1_731' title='bbox 1089 2746 1196 2782; x_wconf 76' lang='lat' dir='ltr'>Primo</span> <span class='ocrx_word' id='word_1_732' title='bbox 1212 2747 1321 2780; x_wconf 83' lang='lat' dir='ltr'>Annus</span> <span class='ocrx_word' id='word_1_733' title='bbox 1333 2740 1451 2777; x_wconf 88' lang='lat' dir='ltr'>Christi</span> <span class='ocrx_word' id='word_1_734' title='bbox 1465 2739 1633 2775; x_wconf 75' lang='lat' dir='ltr'>tricefimus</span> <span class='ocrx_word' id='word_1_735' title='bbox 1642 2739 1800 2774; x_wconf 87' lang='lat' dir='ltr'>concurrit</span> 
     </span>
     <span class='ocr_line' id='line_1_128' title="bbox 1042 2791 1800 2838; baseline -0.017 -5"><span class='ocrx_word' id='word_1_736' title='bbox 1042 2811 1113 2833; x_wconf 89' lang='lat' dir='ltr'>cum</span> <span class='ocrx_word' id='word_1_737' title='bbox 1126 2809 1207 2832; x_wconf 90' lang='lat' dir='ltr'>anno</span> <span class='ocrx_word' id='word_1_738' title='bbox 1222 2794 1336 2828; x_wconf 68' lang='lat' dir='ltr'>szerit</span> <span class='ocrx_word' id='word_1_739' title='bbox 1348 2791 1584 2838; x_wconf 88' lang='lat' dir='ltr'>decimoquinto</span> <span class='ocrx_word' id='word_1_740' title='bbox 1597 2791 1673 2823; x_wconf 85' lang='lat' dir='ltr'>Luc.</span> <span class='ocrx_word' id='word_1_741' title='bbox 1681 2802 1704 2834; x_wconf 82' lang='lat'>3.</span> <span class='ocrx_word' id='word_1_742' title='bbox 1720 2801 1746 2823; x_wconf 88' lang='lat'>1.</span> <span class='ocrx_word' id='word_1_743' title='bbox 1759 2800 1800 2834; x_wconf 83' lang='lat'>23.</span> 
     </span>
     <span class='ocr_line' id='line_1_129' title="bbox 1043 2837 1803 2894; baseline -0.014 -13"><span class='ocrx_word' id='word_1_744' title='bbox 1043 2847 1184 2894; x_wconf 87' lang='lat' dir='ltr'>adeoque</span> <span class='ocrx_word' id='word_1_745' title='bbox 1198 2843 1319 2880; x_wconf 87' lang='lat' dir='ltr'>Christi</span> <span class='ocrx_word' id='word_1_746' title='bbox 1332 2841 1594 2888; x_wconf 83' lang='lat' dir='ltr'>decimusquintus</span> <span class='ocrx_word' id='word_1_747' title='bbox 1604 2852 1674 2873; x_wconf 88' lang='lat' dir='ltr'>cum</span> <span class='ocrx_word' id='word_1_748' title='bbox 1689 2837 1803 2871; x_wconf 63' lang='lat' dir='ltr'>szem&#39;</span> 
     </span>
     <span class='ocr_line' id='line_1_130' title="bbox 1044 2887 1802 2943; baseline -0.013 -14"><span class='ocrx_word' id='word_1_749' title='bbox 1044 2897 1148 2943; x_wconf 85' lang='lat' dir='ltr'>primo</span> <span class='ocrx_word' id='word_1_750' title='bbox 1160 2900 1192 2930; x_wconf 90' lang='lat'>&amp;</span> <span class='ocrx_word' id='word_1_751' title='bbox 1205 2893 1333 2943; x_wconf 59' lang='lat' dir='ltr'><em>Angusti</em></span> <span class='ocrx_word' id='word_1_752' title='bbox 1346 2891 1471 2926; x_wconf 87' lang='lat' dir='ltr'>ultimo:</span> <span class='ocrx_word' id='word_1_753' title='bbox 1488 2900 1627 2923; x_wconf 88' lang='lat' dir='ltr'>mortuus</span> <span class='ocrx_word' id='word_1_754' title='bbox 1640 2887 1684 2922; x_wconf 91' lang='lat' dir='ltr'>est</span> <span class='ocrx_word' id='word_1_755' title='bbox 1692 2891 1802 2936; x_wconf 76' lang='lat' dir='ltr'>Angu-</span> 
     </span>
     <span class='ocr_line' id='line_1_131' title="bbox 1038 2938 1802 2992; baseline -0.014 -11"><span class='ocrx_word' id='word_1_756' title='bbox 1038 2946 1101 2992; x_wconf 74' lang='lat' dir='ltr'>stm</span> <span class='ocrx_word' id='word_1_757' title='bbox 1115 2945 1210 2980; x_wconf 83' lang='lat' dir='ltr'>aetatis</span> <span class='ocrx_word' id='word_1_758' title='bbox 1223 2943 1279 2978; x_wconf 74' lang='lat' dir='ltr'>suae</span> <span class='ocrx_word' id='word_1_759' title='bbox 1293 2939 1511 2990; x_wconf 81' lang='lat' dir='ltr'>septuagesimo</span> <span class='ocrx_word' id='word_1_760' title='bbox 1525 2939 1636 2987; x_wconf 89' lang='lat' dir='ltr'>quinto</span> <span class='ocrx_word' id='word_1_761' title='bbox 1649 2962 1659 2978; x_wconf 89' lang='lat'>‚</span> <span class='ocrx_word' id='word_1_762' title='bbox 1679 2938 1802 2972; x_wconf 87' lang='lat' dir='ltr'>decimo</span> 
     </span>
     <span class='ocr_line' id='line_1_132' title="bbox 1046 2988 1804 3044; baseline -0.015 -13"><span class='ocrx_word' id='word_1_763' title='bbox 1046 3009 1134 3031; x_wconf 90' lang='lat' dir='ltr'>nono</span> <span class='ocrx_word' id='word_1_764' title='bbox 1149 2993 1278 3044; x_wconf 80' lang='lat' dir='ltr'>Augusti</span> <span class='ocrx_word' id='word_1_765' title='bbox 1290 2993 1416 3028; x_wconf 80' lang='lat' dir='ltr'>mensis,</span> <span class='ocrx_word' id='word_1_766' title='bbox 1430 3002 1511 3028; x_wconf 87' lang='lat' dir='ltr'>non,</span> <span class='ocrx_word' id='word_1_767' title='bbox 1525 2990 1726 3027; x_wconf 57' lang='lat' dir='ltr'>umaro-aius,</span> <span class='ocrx_word' id='word_1_768' title='bbox 1740 2988 1804 3021; x_wconf 85' lang='lat' dir='ltr'>Ca-</span> 
     </span>
     <span class='ocr_line' id='line_1_133' title="bbox 1047 3037 1801 3092; baseline -0.016 -11"><span class='ocrx_word' id='word_1_769' title='bbox 1047 3047 1142 3082; x_wconf 89' lang='lat' dir='ltr'>lendis</span> <span class='ocrx_word' id='word_1_770' title='bbox 1157 3043 1363 3092; x_wconf 84' lang='lat' dir='ltr'>Septembris,</span> <span class='ocrx_word' id='word_1_771' title='bbox 1375 3041 1499 3088; x_wconf 87' lang='lat' dir='ltr'>Juliano</span> <span class='ocrx_word' id='word_1_772' title='bbox 1508 3039 1546 3072; x_wconf 91' lang='lat' dir='ltr'>ab</span> <span class='ocrx_word' id='word_1_773' title='bbox 1560 3037 1724 3073; x_wconf 87' lang='lat' dir='ltr'>emendato</span> <span class='ocrx_word' id='word_1_774' title='bbox 1737 3037 1801 3071; x_wconf 80' lang='lat' dir='ltr'>Ca-</span> 
     </span>
     <span class='ocr_line' id='line_1_134' title="bbox 1047 3084 1803 3142; baseline -0.015 -13"><span class='ocrx_word' id='word_1_775' title='bbox 1047 3096 1185 3131; x_wconf 85' lang='lat' dir='ltr'>lendario</span> <span class='ocrx_word' id='word_1_776' title='bbox 1201 3091 1455 3142; x_wconf 75' lang='lat' dir='ltr'>quinquagesimo</span> <span class='ocrx_word' id='word_1_777' title='bbox 1474 3101 1562 3122; x_wconf 90' lang='lat' dir='ltr'>nono</span> <span class='ocrx_word' id='word_1_778' title='bbox 1575 3113 1582 3125; x_wconf 92' lang='lat'><strong>‚</strong></span> <span class='ocrx_word' id='word_1_779' title='bbox 1601 3088 1617 3122; x_wconf 72' lang='lat' dir='ltr'>a</span> <span class='ocrx_word' id='word_1_780' title='bbox 1630 3087 1711 3121; x_wconf 85' lang='lat' dir='ltr'>caede</span> <span class='ocrx_word' id='word_1_781' title='bbox 1725 3084 1803 3133; x_wconf 56' lang='lat' dir='ltr'>Julii</span> 
     </span>
     <span class='ocr_line' id='line_1_135' title="bbox 1047 3133 1804 3194; baseline -0.016 -14"><span class='ocrx_word' id='word_1_782' title='bbox 1047 3143 1303 3194; x_wconf 83' lang='lat' dir='ltr'>quinquagesimo</span> <span class='ocrx_word' id='word_1_783' title='bbox 1316 3142 1448 3179; x_wconf 69' lang='grc' dir='ltr'>οᾶεινος</span> <span class='ocrx_word' id='word_1_784' title='bbox 1467 3138 1483 3172; x_wconf 72' lang='lat' dir='ltr'>a</span> <span class='ocrx_word' id='word_1_785' title='bbox 1497 3139 1599 3186; x_wconf 91' lang='lat' dir='ltr'>primo</span> <span class='ocrx_word' id='word_1_786' title='bbox 1612 3136 1666 3171; x_wconf 89' lang='lat' dir='ltr'>suo</span> <span class='ocrx_word' id='word_1_787' title='bbox 1680 3133 1804 3171; x_wconf 79' lang='lat' dir='ltr'>Consu-</span> 
     </span>
     <span class='ocr_line' id='line_1_136' title="bbox 1049 3187 1803 3245; baseline -0.021 -13"><span class='ocrx_word' id='word_1_788' title='bbox 1049 3197 1107 3232; x_wconf 83' lang='lat' dir='ltr'>latu</span> <span class='ocrx_word' id='word_1_789' title='bbox 1116 3191 1371 3245; x_wconf 80' lang='lat' dir='ltr'>quinquagesirno</span> <span class='ocrx_word' id='word_1_790' title='bbox 1378 3190 1519 3238; x_wconf 79' lang='lat' dir='ltr'>septimo,</span> <span class='ocrx_word' id='word_1_791' title='bbox 1526 3187 1612 3224; x_wconf 86' lang='lat' dir='ltr'>Coff.</span> <span class='ocrx_word' id='word_1_792' title='bbox 1621 3190 1708 3221; x_wconf 82' lang='lat' dir='ltr'>Sexto</span> <span class='ocrx_word' id='word_1_793' title='bbox 1714 3188 1803 3220; x_wconf 87' lang='lat' dir='ltr'>Pom-</span> 
     </span>
    </p>

    <p class='ocr_par' dir='ltr' id='par_1_23' title="bbox 1402 3234 1802 3285">
     <span class='ocr_line' id='line_1_137' title="bbox 1402 3234 1802 3285; baseline -0.018 1"><span class='ocrx_word' id='word_1_794' title='bbox 1402 3243 1431 3275; x_wconf 80' lang='grc' dir='ltr'><em>Ε</em></span> <span class='ocrx_word' id='word_1_795' title='bbox 1443 3251 1458 3273; x_wconf 71' lang='lat'><strong><em>⁶</em></strong></span> <span class='ocrx_word' id='word_1_796' title='bbox 1482 3252 1497 3285; x_wconf 83' lang='lat'><em>3</em></span> <span class='ocrx_word' id='word_1_797' title='bbox 1723 3234 1802 3281; x_wconf 60' lang='grc' dir='ltr'>ΡΨ»</span> 
     </span>
    </p>
   </div>
  </div>
 </body>
</html>
