2048 3343
294 126 338 161 58
680 119 719 155 O
752 131 771 155 Ρ
804 130 824 156 ε
857 131 885 156 R
916 131 928 154 1
957 130 971 154 s

290 203 405 226 monem
422 190 507 224 illum
522 189 558 223 ad
570 188 746 222 Nathanem
759 187 903 223 referunt.
924 186 1049 222 Tertio.

292 242 342 276 Eli
366 244 397 275 &
421 239 584 287 lehojakim
603 251 660 285 pro
674 251 737 273 uno
751 242 782 273 δε
795 239 907 272 eodem
921 237 1049 270 nomine

294 290 463 336 accipiunt,
476 289 565 336 quod
579 288 812 323 concedendum
827 300 893 321 non
908 285 969 326 est,
982 286 1052 319 licet

297 340 328 374 id
347 339 449 386 magni
469 338 559 372 etiam
580 338 658 372 inter
679 337 883 372 Protestantes
901 337 958 371 viri
971 334 1052 369 affir-

296 399 400 423 ment:
420 400 490 421 nam
505 388 606 434 primo
622 387 693 422 licet
707 389 784 434 apud
797 386 905 435 Judaeos
921 398 997 419 unus
1010 385 1053 419 vir

298 438 362 472 duo
385 437 549 484 aliquando
565 436 692 470 haberet
709 437 851 473 nomina,
877 448 941 469 non
951 445 1053 468 tamen

298 487 362 521 duo
375 487 423 519 illa
431 487 486 520 viri
495 487 581 520 unius
595 487 720 520 nomina
730 498 815 520 erant
823 497 939 519 nomen
947 494 1052 519 unum,

298 535 380 571 certe
397 548 461 569 non
479 537 574 583 magis
589 536 721 578 Eltan
737 540 768 570 &
781 534 947 582 JehojalQm
961 542 1053 564 unum

298 597 383 620 erant
401 597 517 618 nomen
529 609 537 624 ‚
570 585 663 632 quem
687 586 834 621 Salomon,
860 586 891 615 &
918 578 1031 613 Jedzdm
1044 603 1054 618 ‚

298 634 390 682 quam
406 633 727 668 Gideon&lernbb.ml.
747 630 902 665 Secundo.
922 629 1055 672 ElialQm

298 682 505 730 &Jehojasq'm
518 696 557 716 ne
571 696 665 716 unum
679 682 804 729 quidem
818 677 997 728 significant,
1007 679 1052 711 ni-

298 733 319 766 si
332 728 442 766 lahaim
455 737 484 766 ἃ
500 734 540 764 El
550 733 716 777 omniaque
732 730 845 763 Divina
858 729 987 763 nomina
997 727 1053 761 sta-

298 793 416 816 tuamus
431 794 494 814 non
508 780 625 813 tantum
642 792 737 813 unum
752 780 859 812 Deum
873 802 883 818 ‚
910 775 959 811 sed
973 782 1004 812 &
1019 789 1052 810 u-

297 843 371 864 num
386 830 530 876 idemque
543 829 574 862 in
594 831 669 863 Deo
689 828 867 862 attributum
884 825 1053 874 singnifica-

297 892 338 913 re.
364 877 488 912 Tertio.
509 878 598 912 Licet
609 878 740 922 Eliakim
751 882 779 912 δι
788 877 949 922 lehojalQm
959 888 1054 909 unum

297 928 389 961 essent
402 939 537 967 nomen,
550 938 652 963 tamen
668 929 719 960 Eli
732 932 761 962 ἃ,
776 923 909 970 Elmkim
918 939 981 959 non
991 923 1055 959 sunt

296 989 407 1015 unum,
440 989 493 1010 cur
515 978 599 1012 enirn
617 979 750 1022 Eliakt'm
770 976 872 1023 potius
891 975 934 1010 est
959 987 1055 1008 unum

296 1039 367 1060 cum
381 1027 430 1059 Elz¹
438 1050 446 1065 ‚
461 1025 554 1072 quam
568 1027 738 1067 Elizabeth,
752 1025 914 1071 glimeftch‚
923 1024 1053 1068 Elzftha-

296 1079 389 1110 ma&
405 1076 458 1108 alia
479 1076 572 1110 multa
592 1077 764 1123 composita
781 1089 816 1110 ex
835 1077 885 1109 [ᾖ
904 1080 934 1111 &
950 1074 1056 1122 aliquo

297 1125 443 1169 adjerito?
471 1126 605 1171 Qiarto.
620 1128 778 1175 §alannus
794 1126 882 1170 hujus
896 1136 1055 1158 commen-

297 1175 320 1208 ti
333 1173 354 1207 si
367 1186 431 1207 non
445 1175 554 1209 auctor
565 1175 665 1210 saltem
680 1176 841 1223 primarius
855 1173 980 1208 assertor
992 1185 1056 1206 non

297 1222 399 1270 potest
413 1222 591 1265 ostendere,
606 1227 648 1259 gli
660 1238 730 1259 cum
745 1224 907 1273 lehojakim
915 1235 1009 1256 unum
1020 1221 1056 1254 sl-

298 1271 460 1319 gnificare‚
496 1274 550 1307 nisi
569 1287 685 1309 nomen
710 1276 761 1307 Eli
780 1275 862 1321 prius
882 1280 1058 1317 corrumpat

297 1329 429 1376 legendo
442 1324 523 1382 ³¹74,
532 1341 567 1364 ut
577 1326 788 1383 deducatankg
797 1340 821 1370 y
831 1328 973 1368 ascendit,
985 1341 1056 1363 cum

297 1396 339 1428 elz·
352 1394 368 1429 a
380 1395 509 1429 nomine
522 1390 575 1434 ΞΝ
588 1396 756 1444 proveniat,
766 1397 869 1443 inquo
883 1396 1000 1430 nullum
1013 1396 1057 1431 est

298 1458 415 1502 Gnajin
430 1481 439 1495 ,
466 1454 552 1503 quod
565 1454 586 1488 si
603 1455 633 1487 in
649 1454 705 1487 hac
718 1465 794 1487 voce
810 1453 907 1499 prima
921 1453 1055 1486 radicalis

297 1506 381 1540 esset.
405 1506 524 1550 Gnajin
538 1502 715 1537 affinitatem
729 1501 855 1535 haberet
872 1514 941 1535 cum
953 1501 1056 1549 Jakz'm

296 1555 468 1603 posteriore
481 1565 566 1602 parte
579 1564 691 1587 vocum
703 1551 864 1598 lehojakz‘m
872 1554 903 1585 δι
911 1552 1055 1595 Elmkg‘m,

298 1603 346 1640 sed
359 1604 472 1638 nullam
487 1616 557 1638 cum
572 1603 676 1649 priore
690 1602 730 1634 El
741 1605 771 1635 ὃ(
788 1599 912 1648 Jehova.

133 1683 226 1706 comm
233 1678 281 1704 mi·
344 1660 401 1696 Est
425 1661 558 1708 denique
586 1659 643 1692 alia
667 1657 844 1692 conciliatio
872 1656 1054 1703 particularis

132 1726 188 1744 mm
203 1719 284 1744 Grotiz
301 1711 495 1758 Grotii‚quae
503 1709 602 1744 nihilo
615 1707 770 1756 prioribus
784 1705 900 1742 videtur
913 1706 1054 1752 probior.

132 1758 259 1793 :mpuden-
299 1764 326 1795 ls
338 1762 373 1795 ad
386 1763 460 1794 Luc.
469 1774 493 1806 3.
503 1772 544 1805 23.
570 1759 648 1793 mirfi
660 1757 785 1792 audacia
792 1757 978 1790 commentis
987 1754 1054 1796 suis,

134 1806 206 1826 'mm'
299 1824 366 1857 quae
373 1821 476 1845 tamen
484 1808 646 1857 profitetur
656 1805 773 1842 tantum
781 1805 1055 1844 arbitraria‚0mnia

300 1859 462 1894 confundit
479 1861 509 1892 in
522 1859 609 1892 variis
625 1866 730 1891 contra
745 1855 888 1889 omnium
903 1854 1055 1890 Christia-

299 1921 412 1942 norum
425 1906 554 1942 sensum,
582 1906 635 1939 nisi
650 1903 769 1939 fortasse
786 1904 875 1938 unius
890 1901 930 1937 sui
945 1905 975 1938 in
991 1904 1051 1951 pes-

299 1957 380 1991 simis
393 1956 502 1991 asseclae
514 1956 670 1990 Doctoris
684 1953 853 1993 Hormondss
874 1953 889 1987 a
901 1967 965 2001 quo
978 1955 1015 1989 ad
1027 1955 1051 1988 i-

299 2006 384 2052 psum
399 2007 449 2040 hic
466 2006 646 2052 relegamur.
684 2003 808 2042 Primo,
837 2002 890 2036 etsi
903 2004 1052 2038 concedat

298 2057 329 2089 in
348 2055 454 2103 aequali
472 2065 614 2101 tempore
638 2066 729 2088 unam
753 2050 898 2086 familiam
916 2053 1051 2100 superare

297 2106 419 2139 alteram
433 2104 516 2152 poffe
530 2108 559 2138 δε
575 2104 670 2137 solere
683 2115 797 2150 magno
810 2115 941 2136 numero
949 2102 1051 2151 perso-

297 2166 421 2193 narum,
447 2166 510 2186 non
529 2154 592 2187 vult
610 2164 711 2187 tamen
730 2152 792 2185 hoc
809 2152 969 2187 admittere
981 2166 1052 2188 cum

298 2202 445 2236 omnibus
463 2203 566 2235 dostis
584 2203 615 2234 in
629 2200 846 2248 Euangelistis,
874 2201 922 2235 sed
939 2215 996 2248 pro
1007 2201 1050 2237 se-

298 2261 383 2297 ptem
399 2248 534 2297 personis
546 2274 555 2288 ‚
586 2250 697 2295 quibus
715 2251 794 2294 apud
810 2253 926 2282 Lucam
939 2249 1051 2282 familia

245 2324 249 2330 .
297 2300 534 2334 Nathanisinter
546 2298 688 2331 ,Matthat
701 2300 732 2331 &
747 2297 866 2329 Melchz
879 2294 994 2342 superat
1007 2294 1050 2329 fa-

298 2349 413 2382 miliam
427 2349 599 2385 Solomonis,
622 2347 700 2392 apud
715 2347 899 2378 Marthaeum
913 2346 993 2378 inter
1005 2348 1049 2377 E-

298 2399 403 2432 leazar
414 2400 445 2431 &
458 2396 611 2429 Matthan
623 2407 660 2428 ex
674 2393 727 2427 suo
739 2406 819 2441 penu
834 2394 989 2440 depromit
1006 2392 1049 2427 se-

297 2458 382 2493 ptem
401 2458 594 2493 anonymos,
624 2444 735 2491 quibus
749 2443 895 2490 Apostoli
911 2442 1052 2476 Matthaet

297 2496 415 2530 lacunas
428 2495 538 2529 scilicet
551 2493 690 2541 suppleat.
705 2492 859 2527 Secundo.
878 2494 963 2527 Cum
975 2493 1048 2526 ami-

300 2558 339 2579 co
361 2545 413 2579 suo
428 2544 552 2590 Cbrdesio
574 2544 683 2578 falcem
697 2543 789 2576 audet
803 2543 968 2577 immittere
982 2543 1051 2576 ini-

300 2593 382 2641 psum
396 2605 511 2628 textum
524 2618 533 2633 ,
560 2596 651 2628 Lucae
664 2617 674 2632 ‚
699 2590 862 2626 resecando
880 2592 959 2626 ‹luos
980 2591 1050 2626 cum

213 2662 233 2686 3-
301 2643 443 2677 Matthas
450 2654 515 2677 tum
524 2641 922 2687 Levi.Tertio,Judaeorum
930 2641 966 2675 de
973 2644 1049 2676 Pan-

301 2692 437 2726 theribus
449 2705 543 2739 nugas
557 2692 571 2725 ’ἶι
585 2689 779 2725 Damasceno
789 2688 966 2724 resuscitatas
974 2690 1052 2736 pene

214 2757 237 2779 4·
301 2753 379 2776 totas
393 2743 591 2788 amplectitur.
609 2744 742 2789 Qarto.
757 2738 922 2786 Postquam
936 2752 1051 2786 expun-

301 2792 343 2824 xit
356 2794 434 2824 Levi
448 2789 662 2838 Euangelistae‚
687 2786 746 2836 ipse
760 2789 851 2822 alium
865 2791 946 2824 Levi
963 2789 980 2823 ὲ
999 2786 1050 2822 fae-

301 2841 402 2873 cundo
417 2837 469 2873 suo
488 2839 701 2887 promptuario
714 2836 859 2877 desumit,
884 2851 978 2885 quem
991 2837 1050 2872 fin-

301 2890 344 2934 git
356 2888 477 2923 fratrem
492 2888 588 2922 liu'obz'
600 2893 630 2923 &
643 2889 692 2921 Eli
698 2913 706 2927 ,
727 2900 905 2935 patremque
917 2889 1050 2933 Barpan-

214 2960 235 2986 5,
299 2937 403 2977 theris,
419 2938 511 2972 beatae
523 2939 646 2986 virginis
660 2948 789 2971 atavum.
816 2936 949 2984 Qnto.
985 2949 1051 2969 aco-

300 2985 370 3019 lmm
388 2989 593 3022 matthana
610 2987 707 3020 filium
718 2986 823 3035 Iosepht
837 2997 953 3034 patrem
966 2997 1049 3020 natu-

300 3036 391 3068 ralem
404 3038 465 3070 vult
482 3048 641 3071 mortuum
656 3036 717 3070 sine
737 3036 839 3070 liberis
852 3060 861 3075 ,
887 3035 1051 3083 Iofi’phnm-

301 3097 356 3130 que
367 3084 464 3124 filium
476 3088 639 3120 naturalem
652 3088 702 3120 Eli
714 3084 800 3125 facit,
815 3098 847 3120 ac
855 3084 1052 3120 successorem

215 3144 238 3166 6.
301 3131 418 3166 tantum
432 3134 461 3166 in
475 3134 555 3167 bona
570 3135 682 3175 lacobi,
696 3136 799 3171 reveri
807 3133 845 3169 sui
855 3136 963 3183 patrui.
979 3138 1051 3170 Sex-

301 3184 344 3218 to.
369 3180 528 3230 Jacobum,
549 3186 614 3222 Eli,
646 3190 677 3221 &
695 3188 775 3222 Levi
787 3187 850 3223 vult
863 3184 968 3221 fratres
981 3196 1051 3233 ger-

157 2021 209 2047 arg.
220 2021 239 2038 1.

1030 116 1471 156 1-11srort1c1

1086 200 1194 222 manos
1214 212 1222 225 ‚
1257 187 1402 236 filiosque
1418 199 1480 222 tres
1497 188 1645 223 naturales
1671 192 1848 227 Marthama

1087 239 1170 271 miro
1180 238 1343 286 figmenta
1364 237 1513 284 Septimo.
1526 238 1652 272 Licetin
1660 238 1773 276 familiz‘i
1781 245 1817 275 N
1834 264 1848 271 ..

1087 289 1185 321 thanis
1198 291 1288 322 Lucae
1302 287 1507 321 interMelchz
1520 289 1705 321 &Mariam
1718 302 1849 336 quatuor

1088 336 1230 384 personas
1253 348 1409 375 numeret,
1437 337 1468 370 in
1480 338 1637 371 Solomonis
1650 338 1723 373 νει-ὸ
1736 337 1848 376 familiai

1089 387 1233 419 Matthaei
1245 387 1324 420 inter
1338 386 1537 419 Matthanem
1562 391 1594 421 &
1613 386 1768 436 Jostphum
1782 399 1850 423 tan..

1090 435 1155 468 tum
1169 446 1277 473 unam,
1303 447 1367 469 non
1381 446 1483 469 tamen
1497 435 1547 470 hic
1561 435 1616 469 fibi
1630 435 1765 474 constat,
1792 451 1848 474 nec

1090 481 1205 530 supplet
1218 495 1272 529 per
1287 494 1349 519 tres
1362 493 1535 531 anonymos
1550 485 1691 519 Matthaei
1704 486 1754 521 hic
1770 487 1851 522 lacu-

1089 544 1153 566 nas.
1183 532 1320 568 thwo.
1345 533 1411 567 Etsi
1425 534 1533 567 Mariae
1547 545 1663 581 patrem
1678 549 1749 571 cum
1766 540 1850 572 Pon·
1909 545 1931 570 s.

1090 581 1191 616 tificiis
1215 593 1310 629 ponat
1327 582 1508 629 IehojalQ'm‚
1534 596 1627 631 quem
1641 585 1704 618 vult
1717 588 1849 622 eundem

1089 644 1161 666 curn
1178 633 1224 664 [lt
1235 643 1318 679 patre
1333 632 1440 680 Ioft’phi
1450 657 1459 671 ,
1485 632 1523 666 ab
1540 645 1579 666 eo
1593 644 1695 667 tamen
1708 634 1789 670 hunc
1803 634 1849 670 fa-

1089 682 1129 716 cit
1142 682 1238 715 tribus
1256 681 1400 729 gradibus
1419 680 1598 722 distantem,
1625 682 1723 718 filium
1737 681 1849 720 scilicet

1091 731 1263 767 pantheris,
1288 742 1435 777 nepotem
1453 731 1686 779 Barpantheris,
1707 737 1737 768 δι
1751 734 1848 768 abne-

1089 790 1197 826 potem
1216 783 1297 815 Levi
1315 778 1414 814 fratris
1432 781 1499 816 Elz,
1533 793 1626 829 quem
1640 783 1704 816 vult
1714 782 1849 830 genuisse

1089 829 1244 875 loftphum.
1270 831 1313 862 Ita
1326 829 1460 863 Grotius
1470 830 1732 878 Euangelistarum
1746 831 1847 867 sacro-

1089 876 1220 912 san&am
1228 879 1442 927 genealogiam
1451 877 1617 915 miserrime
1626 882 1772 927 pervertit
1779 906 1788 921 ,
1795 882 1849 916 ad-

1089 927 1192 961 dendo
1205 951 1213 964 ‚
1244 928 1415 966 demendo,
1445 929 1625 962 invertendo
1649 931 1733 977 plura
1752 931 1845 978 quam

1090 977 1248 1025 quisquam
1261 986 1330 1012 ante
1347 989 1419 1011 eum
1432 977 1621 1013 mortalium.

1277 1078 1353 1112 Qu
1375 1075 1411 1103 Αἱ
1434 1077 1449 1103 s
1470 1077 1497 1103 T
1517 1077 1528 1103 1
1554 1077 1580 1104 ο
1621 1077 1658 1103 x.

1136 1127 1191 1159 ‘De
1205 1136 1334 1175 tempore
1346 1139 1402 1172 quo
1416 1126 1580 1160 adordrum
1595 1127 1743 1173 Chrtstnm
1752 1131 1801 1162 in-

1326 1176 1446 1220 fantem
1463 1178 1599 1226 Magi,

1127 1295 1145 1317 ⁴
1163 1262 1247 1297 Vasit
1260 1263 1374 1298 dudum
1388 1265 1594 1300 controversia
1606 1266 1685 1301 inter
1698 1266 1845 1301 Theolo-

1163 1325 1220 1360 gos
1233 1324 1293 1347 tam
1306 1314 1449 1362 antiquos
1457 1329 1550 1362 quam
1558 1318 1760 1355 recentiores,
1780 1330 1846 1364 quo

1088 1364 1214 1396 demum
1224 1373 1364 1409 tempore
1373 1365 1459 1411 Magi
1470 1364 1559 1398 stellae
1568 1364 1660 1398 dustu
1672 1364 1847 1401 accesserint

1088 1411 1344 1451 Euhie-hemum,
1369 1417 1401 1447 ὅ(
1419 1412 1580 1447 Christum
1593 1414 1622 1446 in
1637 1415 1722 1448 cunis
1735 1415 1846 1449 ador&-

1088 1461 1155 1495 rint.
1178 1461 1343 1494 Matthaeus
1358 1473 1415 1494 z.1.
1434 1461 1569 1495 historiae
1583 1463 1743 1497 nativitatis
1756 1461 1848 1509 subji-

1087 1510 1128 1542 cit
1140 1508 1316 1542 immediate
1329 1510 1386 1542 iter
1398 1512 1568 1557 Magorum
1581 1509 1619 1544 ab
1633 1511 1766 1545 Oriente
1779 1535 1788 1548 ‚
1814 1517 1847 1547 &

1087 1557 1156 1604 post
1169 1571 1280 1591 eorum
1300 1558 1432 1592 reditum
1450 1571 1560 1606 ver.13.
1588 1559 1707 1594 Christi
1723 1559 1849 1596 descen-

1088 1605 1150 1641 sum
1163 1607 1195 1641 in
1213 1609 1402 1654 AEgyptum:
1434 1606 1483 1643 sed
1502 1611 1601 1644 Lucas
1615 1622 1697 1655 z.39.
1717 1610 1787 1657 post
1799 1624 1848 1646 res

1088 1656 1184 1704 gestas
1198 1657 1357 1704 intemplo
1372 1657 1661 1706 Hierosolymitano
1676 1661 1726 1694 die
1739 1660 1849 1708 purifi-

1089 1706 1227 1746 cationis,
1236 1706 1461 1754 quisecundum
1476 1709 1575 1756 legem
1590 1706 1847 1758 fuitquadragesi-

1088 1769 1156 1790 mus
1173 1756 1190 1790 a
1203 1768 1288 1803 partu
1302 1757 1439 1804 Virginis
1449 1783 1458 1798 ,
1478 1757 1572 1793 habet
1585 1757 1692 1807 losephi
1703 1760 1761 1794 iter
1775 1772 1847 1795 cum

1086 1806 1185 1840 Maria
1193 1810 1223 1840 ὃ(
1232 1805 1362 1841 Christo
1371 1820 1435 1842 non
1449 1809 1479 1842 in
1493 1812 1686 1857 «Aigyptum,
1701 1807 1750 1843 sed
1762 1811 1847 1857 Qa-

1086 1855 1246 1890 zaretham
1259 1857 1362 1890 omnis
1376 1856 1428 1891 hic
1442 1861 1603 1897 imvmqomia
1615 1855 1703 1892 facile
1716 1860 1847 1893 tollitur.

1086 1904 1276 1940 Posteriores
1289 1905 1491 1954 Euangelistae
1501 1907 1594 1940 multa
1608 1908 1767 1947 omittunt,
1778 1920 1845 1954 quae

1085 1957 1203 2002 priores
1222 1955 1310 2002 plene
1334 1959 1522 1991 enarrarunt.
1556 1957 1727 1990 Mattheus
1745 1957 1848 1991 histo-

1083 2005 1158 2039 riam
1172 2007 1342 2053 Magorum
1355 2010 1386 2041 &
1403 2004 1522 2041 Christi
1540 2003 1713 2041 descensum
1727 2007 1759 2040 in
1772 2009 1847 2040 eAi-

1078 2066 1202 2103 gyptum
1225 2057 1266 2090 ita
1291 2055 1369 2091 clare
1394 2053 1602 2102 descripserat,
1635 2066 1668 2089 ut
1687 2059 1821 2089 Marcus
1832 2081 1843 2095 ‚

1083 2109 1200 2145 Lucas,
1216 2108 1248 2140 &
1261 2108 1380 2139 Ioannes
1393 2104 1446 2139 ista
1455 2106 1543 2152 plane
1553 2104 1723 2139 transiliant.
1743 2105 1844 2152 Qod

1084 2158 1184 2188 Lucas
1196 2154 1328 2189 reditum
1353 2154 1570 2189 Nazaretham
1588 2151 1748 2199 subjungat
1760 2154 1844 2199 puri-

1082 2203 1230 2242 ficationi,
1246 2203 1410 2235 Matthaeus
1422 2202 1495 2237 vero
1509 2199 1679 2235 descensum
1688 2203 1718 2234 in
1732 2204 1845 2252 eAEgy-

1078 2262 1166 2297 ptum
1187 2251 1352 2283 connectat
1373 2262 1443 2283 cum
1466 2249 1647 2284 adoratione
1669 2252 1844 2297 Magorum

1082 2297 1354 2335 Bethlehemitica'i,
1375 2311 1440 2331 non
1454 2299 1715 2342 patrocinaturiis‚
1728 2301 1782 2347 qui
1795 2313 1844 2335 ar-

1083 2346 1233 2379 bitrantur
1257 2345 1406 2393 Ioftphczm
1426 2345 1654 2393 Hierosolymis
1674 2347 1739 2395 ipso
1759 2350 1845 2396 puri-

1082 2394 1234 2428 ficationis
1248 2394 1296 2429 die
1311 2396 1467 2429 monitum
1483 2395 1521 2429 ab
1537 2398 1649 2444 angelo
1669 2398 1843 2444 properz'isse

1859 1296 2004 1336 ,Questionis

1856 1338 1995 1376 explicatio.

1083 2445 1113 2478 in
1129 2447 1311 2493 eAEgyptum
1324 2456 1386 2478 tam
1401 2445 1588 2479 ‘Bethlehem
1605 2447 1697 2494 quam
1713 2450 1842 2496 Kaza-

1083 2493 1167 2527 rethd
1186 2493 1350 2528 insalutatis
1361 2518 1371 2533 ,
1398 2494 1474 2528 nihil
1492 2496 1574 2530 enim
1586 2495 1689 2530 obstat
1701 2510 1766 2544 quo
1781 2498 1841 2531 mi-

1083 2544 1139 2578 nus
1151 2543 1280 2591 Iosephus
1288 2543 1358 2591 post
1367 2544 1614 2590 purificationem
1627 2546 1841 2581 Nazaretham

1082 2590 1240 2641 profectus
1265 2592 1300 2626 sit
1314 2616 1324 2631 ‚
1351 2597 1382 2627 &
1403 2593 1476 2629 inde
1495 2594 1535 2628 ab
1560 2595 1685 2642 Angelo
1704 2597 1843 2630 monitus

1082 2640 1254 2691 profugerit
1267 2642 1297 2675 in
1307 2645 1499 2691 eAEgyptum.
1523 2644 1643 2678 Omnis
1650 2644 1700 2679 hic
1714 2646 1749 2679 lis
1762 2645 1846 2680 vide-

1083 2704 1132 2727 tur
1143 2691 1228 2727 valde
1241 2692 1386 2738 gratuita,
1416 2690 1465 2726 sed
1479 2692 1516 2727 de
1531 2703 1674 2740 tempore
1687 2694 1844 2729 adoratio-

1084 2742 1129 2775 nis
1147 2740 1412 2775 Bethlehemiticae
1435 2754 1483 2775 res
1504 2755 1569 2776 non
1587 2742 1632 2777 est
1656 2754 1717 2778 tam
1730 2743 1843 2789 liquida

1084 2803 1140 2824 nec
1154 2790 1235 2837 apud
1248 2801 1363 2826 veteres
1377 2803 1435 2825 nec
1455 2792 1534 2838 apud
1554 2793 1740 2826 recentiores
1747 2815 1757 2831 ‚
1781 2802 1842 2825 tres

1083 2841 1129 2877 vel
1145 2850 1276 2887 quatuor
1287 2840 1443 2888 primarias
1451 2840 1608 2875 sententias
1621 2840 1758 2874 invenio.

1130 2891 1233 2924 Prima
1248 2889 1292 2923 est
1305 2889 1486 2936 Epiphanii,
1512 2887 1640 2932 Ειψῖἑῑὶ,
1659 2888 1820 2938 Augustini
1829 2914 1838 2930 ,
1854 2898 1987 2935 epiphanii

1084 2941 1115 2972 &
1128 2938 1258 2971 aliorum
1272 2939 1325 2984 qui
1339 2942 1452 2986 Magos
1466 2937 1573 2973 volunt
1589 2937 1696 2972 venisse
1715 2938 1838 2973 Bethle-
1852 2938 1885 2970 ό·
1895 2939 2003 2984 abarum

1083 2986 1210 3021 hemum
1222 2986 1345 3021 duobus
1361 2988 1435 3020 totis
1448 2987 1532 3020 annis
1545 2986 1615 3034 post
1625 2988 1762 3035 Virginis
1770 3001 1836 3035 par-
1844 2977 1969 3046 [munga

1084 3047 1168 3073 tum,
1194 3036 1256 3070 hoc
1276 3036 1337 3070 nixi
1350 3033 1566 3073 fundamento,
1591 3038 1677 3084 quod
1693 3038 1838 3072 Herodes
1850 3025 1925 3084 ἵζω
1942 3027 1975 3045 '¹’

1084 3086 1234 3121 occiderit
1246 3083 1373 3120 infantes
1385 3085 1401 3119 a
1414 3085 1529 3120 bimatu
1545 3090 1576 3121 &
1585 3084 1839 3131 infrajuxtatem-

1085 3149 1155 3183 pus,
1174 3135 1260 3183 quod
1278 3135 1293 3170 ὲ
1312 3137 1412 3184 Magis
1426 3134 1630 3182 exquisiverat.
1661 3137 1750 3184 Ergo
1773 3137 1841 3181 (in-

1084 3186 1210 3234 quiunt)
1225 3186 1312 3234 Magi
1319 3196 1466 3223 venerunt
1481 3182 1840 3234 Hierosolymam&sse-

1758 3233 1837 3268 thle-
