2048 3343
71 1744 199 1773 Occidam·

70 1784 90 1813 ὰ
103 1794 218 1820 conjura-

70 1826 111 1854 tis.

76 2817 222 2845 Mathema-

75 2860 181 2885 ticorum

74 2899 206 2935 pradtHio-

77 2947 117 2964 nes
138 2937 183 2963 ali-

78 2977 177 3015 quando

79 3026 126 3044 non
140 3027 190 3043 va-

80 3066 118 3084 m.

493 124 514 151 E
546 126 570 151 T

243 196 339 220 totam
353 184 384 218 in
397 183 597 219 conficiendis
613 183 722 219 muscis
736 182 932 230 transigebat.
958 183 1005 216 Ea

242 233 301 268 fuit
316 233 471 282 sagittandi
486 235 610 281 peritia,
631 245 663 268 ut
677 235 708 267 in
723 231 878 280 aliquanti
892 229 1003 263 distan-

242 284 286 316 tia
299 282 405 317 mansis
419 284 533 331 digitos
549 283 694 330 expansos
713 281 775 315 sine
790 282 905 314 damno
917 280 1001 322 traji-

241 343 340 366 ceret:
362 331 411 366 sed
424 345 499 365 mox
513 332 691 366 dissimulata
703 328 832 376 pravitas
845 327 952 374 erupit.

297 383 345 415 Ex
364 380 557 415 nobilissimis
577 380 692 413 multos
706 402 716 417 ,
737 388 771 411 ut
792 389 902 411 eorum
917 375 1001 410 bona

241 428 371 477 profusis
392 428 559 475 sumptibus
580 427 775 463 inservirent,
805 426 873 460 neci
892 424 976 460 dedit
989 448 999 463 ‚

241 492 305 514 non
319 478 436 513 tantum
451 479 611 512 Dominus
624 501 634 516 ‚
660 475 710 510 sed
724 477 816 510 etiam
831 477 921 509 Deus
941 486 999 509 vo-

242 530 296 563 luit
310 527 438 562 salutari:
455 529 485 561 in
499 525 707 573 Philosophos
721 530 751 560 &
764 525 888 573 Judaeos
902 524 998 558 bilem

242 580 395 618 evomuit,
411 577 570 612 secundam
585 578 675 610 etiam
688 574 758 622 post
770 577 919 609 Neronem
932 584 999 620 per-

243 627 432 664 secutionem
445 629 477 662 in
492 624 684 661 Christianos
703 624 848 658 instituit:
869 625 1000 657 Clemen-

242 690 302 713 tem
316 676 488 713 Consulem
509 676 594 710 suum
610 673 873 721 consanguineum
885 696 895 710 ,
918 670 1000 718 quasi

242 729 406 776 impietatis
419 739 521 765 reum,
547 726 686 759 Acilium
705 724 796 757 etiam
811 721 1000 755 Glabrionem

241 781 339 813 virum
348 774 535 811 consularem
543 774 655 808 eodem
663 773 790 806 nomine
798 771 1000 805 necavit.Vult

240 830 389 862 Baronius
401 836 565 871 utrumque
578 821 787 857 Christianum
796 845 805 860 ,
825 819 874 854 sed
886 818 998 865 absque

242 877 476 921 omniidoneo‚
490 885 523 908 ut
537 884 613 921 puto
626 871 719 906 teste:
738 882 856 905 certum
871 868 915 904 est
925 870 999 902 Do-

241 926 360 961 mitiani
372 925 516 959 mandato
531 921 650 956 missum
665 922 695 955 in
714 924 840 954 Patmon
859 920 999 966 Euange-

241 976 339 1010 listam
358 974 500 1023 Joanncm
514 996 521 1008 ‚
548 976 579 1007 &
598 971 670 1005 inde
689 970 854 1004 liberatum
874 968 999 1002 decreto

242 1028 367 1064 Nerv.e;
382 1022 430 1058 scd
442 1018 715 1070 quodinferventis
728 1019 791 1052 olei
803 1019 919 1052 dolium
928 1017 998 1051 Ro-

241 1088 299 1109 mae
308 1075 378 1118 conj
383 1074 468 1107 cetus
476 1071 526 1111 sit,
540 1082 605 1104 non
613 1069 707 1117 magis
718 1066 830 1114 probat
842 1069 996 1101 Emonam,

242 1125 334 1172 quam
348 1127 473 1158 Petrum
487 1121 503 1154 a
514 1121 631 1153 Nerone
643 1117 822 1152 crucifixum
831 1142 840 1157 ‚
854 1116 940 1163 quod
953 1117 998 1147 Si-

242 1186 356 1207 monem
370 1169 572 1218 Magumin
585 1169 653 1201 aere
665 1167 818 1202 volantem
831 1164 889 1199 suis
902 1164 997 1211 preci-

242 1224 299 1258 bus
316 1224 347 1257 in
361 1233 470 1256 terram
484 1214 706 1265 praecipitasset,
719 1216 799 1251 uncle
812 1214 915 1261 primo
929 1225 998 1247 cru-

239 1271 396 1319 rifragium
405 1294 414 1309 ‚
427 1282 461 1303 ac
475 1280 550 1302 mox
561 1279 647 1301 mors
663 1264 801 1313 sequuta,
815 1267 846 1298 &
859 1264 997 1297 ‘Paulum

238 1320 333 1356 stcuri
347 1316 515 1366 percussum
524 1341 533 1356 ‚
546 1316 587 1351 eo
600 1315 686 1363 quod
698 1326 790 1349 unam
803 1325 839 1347 ex
847 1312 997 1348 concubi-

238 1371 284 1404 nis
297 1370 426 1404 Neronis
438 1367 476 1401 ab
490 1368 554 1410 ejus
566 1363 725 1400 consortio
737 1361 915 1399 divertisset:
930 1364 997 1396 Re-

237 1420 412 1454 centiorum
437 1418 468 1451 in
492 1414 628 1464 legendis
653 1411 825 1448 fabularum
851 1412 996 1447 auctores

238 1482 303 1504 non
319 1468 385 1502 sunt
397 1467 503 1501 idonei
517 1465 606 1499 ullius
619 1463 754 1498 veritatis
766 1461 874 1499 testes,
895 1474 996 1509 neque

237 1519 285 1554 vel
307 1519 452 1551 Romana
476 1514 694 1561 martyrologia
708 1537 719 1553 ,
743 1512 790 1546 vel
808 1511 996 1545 Graecorum

238 1566 425 1613 maenologia
438 1590 447 1605 ,
468 1564 596 1599 multam
611 1561 707 1597 fidem
724 1559 848 1595 faciunt.
873 1563 995 1595 Utcun-

238 1629 316 1664 que,
338 1614 394 1651 suis
408 1615 532 1649 tandem
544 1612 708 1648 sceleribus
720 1610 925 1646 Domitianus
936 1623 994 1659 pu-

238 1667 312 1702 blici
325 1665 390 1700 odii
403 1665 528 1700 vic'tima
541 1664 638 1701 evasit.

286 1716 372 1752 Cum
385 1729 423 1752 ex
441 1715 529 1751 nudis
547 1714 679 1762 puerulis
692 1737 702 1752 ‚
726 1712 907 1762 quibuscum
920 1724 994 1747 con-

239 1765 391 1802 suescebat
403 1791 414 1807 ‚
436 1777 513 1800 unus
524 1764 691 1800 chartulam
703 1764 735 1798 in
748 1766 811 1812 qua
822 1763 889 1797 neci
902 1761 995 1796 desti-

237 1828 381 1852 natorum
394 1817 522 1850 nomina
529 1813 787 1853 describebantur,
794 1826 830 1847 ex
838 1812 994 1858 ejuslefiw

237 1868 269 1902 in
283 1879 374 1901 manu
387 1863 487 1900 ferens
502 1864 563 1899 huc
575 1864 646 1899 illuc
659 1862 868 1898 lusitabundus
886 1860 996 1897 discur-

239 1927 320 1952 reret
332 1917 363 1950 in
375 1915 456 1951 aula,
471 1927 550 1949 uxor
561 1913 740 1948 Domitiani
751 1924 915 1948 occurrens
927 1935 938 1952 ‚
963 1916 995 1947 &

240 1967 376 2001 chartam
394 1965 523 1999 attonita
540 1964 643 2011 legens
655 1987 666 2003 ‚
692 1964 755 2010 qua
768 1961 852 1998 suum
872 1974 906 1997 ac
919 1961 996 1996 alio-

240 2029 311 2050 rum
325 2016 493 2049 multorum
507 2015 635 2048 nomina
647 2012 855 2047 scribebantur
869 2036 879 2052 ,
895 2010 996 2046 statim

240 2066 277 2100 ad
286 2063 313 2100 se
326 2065 443 2100 vocavit
455 2063 620 2098 destinatos
633 2063 743 2097 morti:
757 2059 998 2109 fitconspiratio‚

239 2116 407 2150 decernunt
420 2112 585 2160 praevenire
596 2123 756 2160 tyrannum
769 2137 778 2153 ‚
799 2111 870 2160 post
883 2111 999 2145 multo-

240 2177 309 2199 rum
324 2161 526 2197 recusationes
544 2163 594 2197 vix
613 2159 790 2209 persuadent
808 2163 938 2200 Nerva,
965 2170 998 2194 ut

239 2224 349 2248 necato
374 2223 504 2258 tyranno
531 2209 677 2259 suscipere
708 2211 797 2246 vellet
821 2211 997 2257 imperium.

239 2265 315 2297 Hoc
330 2263 451 2297 tandem
466 2258 603 2308 persuaso
621 2259 784 2295 Tribunus
804 2259 968 2307 Stephanus
980 2259 996 2292 a

239 2314 389 2345 ‘Perennio
402 2311 602 2348 cubiculario,
610 2309 710 2344 multo
724 2308 814 2344 mane
826 2308 996 2343 admittitur

241 2372 312 2393 cum
325 2359 432 2394 libello
445 2359 683 2402 conjurationis;
702 2358 785 2392 hunc
797 2358 940 2391 attentius
952 2358 995 2391 le-

239 2409 322 2457 genti
335 2408 523 2441 Domitiano
534 2407 696 2454 Stephanus
707 2407 840 2441 cultrum
852 2406 885 2439 in
897 2406 996 2452 ingui-

236 2471 275 2491 na
287 2455 406 2492 defodit
420 2481 429 2495 ‚
454 2457 527 2490 dum
541 2468 612 2489 cum
630 2456 773 2503 Stephano
789 2455 972 2489 collaetatur
984 2478 994 2494 ‚

236 2510 406 2540 ‘Perennius
418 2530 428 2545 ,
454 2510 486 2541 δε
507 2506 556 2539 alii
575 2505 750 2539 vulneribus
769 2503 883 2551 septem
896 2503 995 2539 confi-

238 2558 323 2591 ciunt
335 2568 416 2589 anno
429 2556 522 2589 :etatis
537 2553 768 2602 quadragesimo
786 2554 897 2600 quinto
909 2577 919 2593 ,
938 2554 997 2588 im-

237 2607 313 2653 perii
326 2605 575 2652 decimoquinto.
587 2604 700 2638 Nutrix
714 2603 815 2637 Phillis
827 2601 995 2650 surreptum

237 2656 361 2690 cadaver
377 2655 407 2688 iu
420 2654 560 2701 populari
573 2652 722 2701 sandapila
736 2652 844 2688 condit
856 2652 994 2689 tumulo,

237 2705 399 2752 imagines,
413 2708 443 2739 δι
456 2702 660 2738 titulisenatfis
667 2703 792 2738 decreto
800 2701 914 2750 ubique
921 2714 995 2737 con-

238 2755 425 2801 fringuntur.

286 2803 391 2838 Studia
403 2802 697 2838 Mathematicorum
711 2801 762 2836 etsi
771 2814 842 2836 cum
852 2798 995 2836 Philoso-

240 2853 308 2900 phis
321 2855 388 2890 tota
400 2853 484 2888 Italia
498 2852 704 2899 exigerentur,
718 2862 820 2885 tamen
834 2851 866 2883 in
878 2849 996 2885 anlavi-

242 2903 365 2950 gebant.
390 2902 571 2951 Vespafianus
584 2904 798 2935 Domitianum
821 2896 996 2934 adolescen-

243 2963 309 2985 tem
325 2950 342 2984 ὲ
360 2951 473 2986 boletis
492 2949 612 2997 fflaudio
631 2949 772 2985 fatalibus
791 2947 995 2983 abstinentem

243 2999 359 3039 derisit,
372 3012 504 3034 monens
516 3001 532 3035 a
543 2999 644 3040 ferro,
658 3012 723 3034 non
736 2998 851 3034 boletis
862 2997 916 3045 ipsi
930 3009 996 3032 me-

243 3048 403 3083 tuendum.
438 3051 651 3085 Denunciatus
665 3049 720 3097 ipsi
731 3048 789 3083 fuit
801 3060 865 3082 non
877 3045 996 3081 tantum

245 3097 298 3132 fati
311 3097 373 3131 dics
386 3096 435 3132 scd
447 3098 523 3131 hora
531 3122 540 3137 ,
554 3111 646 3146 quam
657 3100 758 3133 multo
771 3110 842 3132 cum
849 3106 950 3135 metti,
965 3099 996 3131 &

247 3147 335 3182 omni
359 3145 549 3181 solicitudine
566 3147 717 3183 declinare
740 3145 848 3181 frustra
872 3145 996 3180 studuit.

247 3199 338 3232 Dum
350 3193 492 3231 fateretur
506 3196 709 3243 eAscletarion
718 3195 884 3247 praedixisse
891 3193 919 3232 se
930 3197 998 3233 Do-

637 112 1262 152 CHRoNoLoclcl

1325 110 1357 148 L
1386 123 1400 148 1
1430 123 1462 148 Β.
1499 109 1551 148 11.
1757 121 1796 154 19

1040 184 1161 216 mitiam'
1172 177 1248 219 fata,
1261 184 1292 215 &
1305 182 1558 230 interrogaretur,
1576 179 1662 228 quod
1675 180 1797 216 tandem

1040 231 1093 276 ipsi
1106 229 1201 265 fatum
1214 229 1289 263 astra
1302 230 1500 276 praedicerent
1513 255 1524 271 ‚
1550 229 1704 278 respondit
1718 229 1734 263 a
1747 242 1798 264 ca-

1039 280 1128 313 nibus
1137 279 1165 313 se
1181 279 1402 317 dilaniandum,
1417 278 1518 313 statim
1531 283 1725 314 Domuiunus
1739 279 1798 322 Asi

1038 329 1227 361 cletarionem
1239 327 1317 372 jussit
1329 327 1474 374 jugulari,
1495 332 1526 362 δε
1540 327 1676 363 accurate
1690 326 1796 374 sepeli-

1039 376 1087 414 ri,
1113 375 1164 409 sed
1186 377 1259 410 dum
1279 377 1515 411 combureretur
1528 390 1638 424 corpus
1651 402 1661 417 ‚
1686 377 1796 423 ingens

1037 423 1199 471 tempestas
1213 424 1388 464 obortaest‚
1402 437 1470 472 quae
1482 422 1800 472 sepelientesdisjecit3

1038 473 1152 507 interea
1171 485 1259 508 canes
1277 473 1454 508 semiustum
1472 486 1584 520 corpus
1603 475 1794 511 dilaniarunt.

1040 524 1228 571 eApollonius
1251 522 1413 570 Thyanaeus
1431 521 1610 557 foedissimus
1630 535 1735 570 magus
1751 524 1795 557 E-

1038 571 1121 619 phesi
1133 573 1211 606 inter
1223 570 1293 606 suos
1305 571 1524 611 declamans‚in
1537 571 1602 619 ipso
1613 574 1721 605 mortis
1734 575 1797 604 Im-

1039 622 1199 669 peratoriae
1219 621 1346 656 articulo
1361 619 1536 655 insanientis
1555 634 1644 655 more
1662 621 1796 655 exultans

1041 671 1233 707 exclamavit,
1254 681 1374 720 percute
1391 681 1569 718 tyrannum,
1595 681 1713 719 percute
1724 695 1734 709 ,
1761 674 1795 703 δε

1039 732 1114 754 mox
1127 719 1209 768 quasi
1223 721 1287 755 voti
1300 732 1433 768 compos
1447 718 1619 768 quiescens,
1634 731 1795 766 tyrannum

1039 767 1145 804 caesum
1159 769 1364 804 denunciavit.

1098 821 1252 863 Coccejus
1265 820 1369 853 Nerva
1389 818 1594 866 sexagenarius
1607 820 1679 853 adiit
1696 819 1794 864 impe-

1807 832 1927 856 Nervam

1039 868 1136 906 rium,
1161 869 1198 902 ad
1210 869 1388 915 reparandas
1401 869 1522 915 imperii
1537 870 1636 902 ruinas
1650 867 1753 903 sedulo
1767 865 1794 901 se
1802 868 1852 904 sua
1879 870 1934 894 im-

1039 917 1242 963 comparavst,
1265 919 1416 952 revocavit
1429 918 1445 952 a
1463 921 1639 952 Domitiano
1652 917 1751 965 pulsos
1763 917 1794 950 in

1038 966 1173 1005 exilium,
1186 966 1350 1012 impietatis
1363 967 1481 1000 crimen
1488 968 1536 1001 vel
1548 967 1794 1014 contraJudatos‚

1037 1015 1084 1049 vel
1092 1014 1287 1049 Christianos
1299 1015 1443 1062 prosequi
1455 1017 1565 1056 vetuit,
1586 1018 1794 1051 Praetorianos

1038 1064 1120 1099 suam
1143 1075 1377 1099 contemnentes
1397 1074 1516 1099 aetatem
1536 1065 1705 1110 prohibere
1727 1078 1793 1099 non

1038 1115 1155 1161 potuit,
1179 1113 1195 1149 ἃ
1208 1117 1382 1149 Domitiani
1393 1113 1618 1161 percussoribus
1631 1114 1791 1154 necandis,

1038 1175 1071 1198 ut
1088 1163 1218 1197 istorum
1233 1164 1455 1209 comprimeret
1467 1161 1672 1202 insolentiam,
1681 1164 1792 1208 Traja-

1037 1225 1111 1247 num
1124 1213 1234 1260 Belgio
1248 1210 1447 1259 praefeffilmm,
1461 1212 1586 1252 Italicae,
1606 1225 1673 1260 quae
1686 1214 1795 1261 Htffia-

1036 1266 1087 1295 nix
1100 1265 1211 1296 Βατία
1229 1261 1303 1296 urbs
1316 1261 1360 1296 est
1372 1286 1381 1301 ‚
1407 1260 1539 1296 sedecim
1563 1261 1580 1295 εἰ
1593 1262 1674 1297 Sivili
1695 1264 1794 1296 milia-

1037 1313 1120 1346 ribus
1133 1322 1237 1346 natum
1250 1312 1415 1359 adoptavit.
1424 1312 1513 1345 Dum
1526 1311 1557 1344 in
1565 1309 1735 1346 senatorem
1748 1313 1794 1345 in-

1035 1362 1149 1406 jurium
1174 1360 1312 1395 acerbius
1338 1360 1534 1395 inveheretur
1545 1385 1556 1400 ,
1586 1359 1646 1407 ipsa
1670 1362 1720 1395 irae
1739 1374 1794 1395 ve-

1035 1411 1194 1446 hementia
1213 1407 1316 1446 senem
1338 1410 1478 1451 necavit,
1505 1411 1627 1458 imperii
1644 1423 1727 1444 anno
1746 1410 1792 1445 se-

1034 1462 1149 1498 cundo.

1093 1513 1246 1557 Traianus
1261 1510 1493 1561 quadragesimo
1506 1509 1640 1546 secundo
1654 1509 1710 1546 suae
1722 1521 1791 1545 aeta-

1033 1563 1089 1603 tis,
1110 1565 1140 1598 &
1153 1562 1292 1602 Christi,
1312 1560 1477 1597 secundum
1490 1563 1672 1599 ‘Baro-aium,
1686 1571 1790 1595 cente-

1034 1612 1122 1653 fimo,
1135 1613 1300 1659 imperium
1313 1611 1383 1645 iniit
1394 1635 1405 1650 ,
1423 1611 1509 1658 quod
1522 1611 1607 1644 annis
1620 1610 1791 1645 novemde-

1032 1663 1093 1698 cim
1100 1663 1289 1710 magnacum
1297 1660 1382 1695 laude
1389 1659 1606 1695 administravit
1614 1673 1623 1701 ;
1641 1659 1696 1694 nisi
1704 1659 1792 1707 quod

1032 1713 1153 1748 tertiam
1165 1712 1197 1746 in
1209 1709 1406 1746 Christianos
1420 1707 1664 1757 persecutionem
1677 1709 1791 1744 excita-

1032 1763 1122 1802 verit,
1136 1762 1168 1796 in
1180 1761 1241 1809 qua
1254 1759 1397 1807 permulti
1412 1759 1559 1806 martyrio
1572 1760 1732 1794 coronati:
1746 1759 1794 1793 in-

1033 1822 1079 1846 ter
1098 1811 1175 1846 alios
1193 1812 1325 1860 Ignatius
1345 1810 1485 1844 Romam
1498 1808 1670 1844 Antiochia
1682 1808 1794 1843 duetus

1034 1862 1066 1895 in
1086 1860 1212 1898 vinculis
1225 1884 1236 1900 ‚
1268 1858 1410 1893 leonibus
1429 1859 1462 1892 in
1485 1858 1630 1893 Theatro
1647 1857 1795 1903 obje6l1us

1033 1910 1085 1945 est.
1123 1910 1247 1959 Joannes
1263 1907 1460 1956 Euangelista
1475 1919 1557 1941 anno
1576 1909 1641 1952 ejus
1660 1905 1795 1942 secundo

1034 1960 1147 2008 Ephesi
1158 1959 1304 2008 expiravit
1315 1959 1348 1992 in
1360 1969 1442 2006 pace.
1475 1959 1557 2006 Qae
1571 1957 1609 1992 de
1620 1958 1737 1991 loannis
1749 1955 1795 1990 se·-

1034 2010 1164 2058 pulchro
1172 2014 1204 2045 &
1211 2018 1313 2043 morte
1321 2021 1357 2042 ex
1366 2006 1548 2053 apocryphis
1558 2006 1794 2053 narrantlegen-

1034 2060 1109 2095 darii
1123 2057 1323 2096 fabulatores,
1337 2056 1398 2103 ipse
1411 2058 1563 2088 §Baronius
1574 2056 1684 2100 rejicit.

1082 2111 1285 2143 Domitianus
1303 2104 1354 2142 sua
1372 2105 1481 2140 inertiz‘i
1498 2103 1702 2144 Decebalum,
1731 2104 1792 2139 ho-

1032 2160 1144 2196 diernae
1159 2156 1375 2205 Transylvaniae
1387 2159 1419 2190 &
1427 2153 1567 2189 Malacha
1578 2155 1753 2201 Principem
1760 2155 1792 2189 in

1032 2221 1179 2258 magnam
1191 2217 1301 2242 contra
1313 2207 1480 2240 Romanos
1497 2203 1652 2238 audaciam
1670 2204 1787 2238 erexit:

1030 2259 1114 2293 hunc
1126 2268 1234 2293 contra
1255 2255 1375 2291 vicinos
1393 2251 1625 2288 insolescentem
1637 2254 1790 2298 Traianus

1031 2309 1144 2356 magna
1156 2319 1228 2342 cum
1242 2303 1323 2340 caede
1333 2302 1486 2351 repressit,
1499 2306 1531 2338 &
1544 2300 1706 2351 subjugato
1714 2315 1790 2337 con-

1031 2358 1165 2392 ditiones
1180 2357 1268 2390 duras
1283 2354 1365 2400 pacis
1379 2353 1464 2388 dedit
1476 2375 1486 2391 ‚
1507 2364 1580 2398 quas
1596 2351 1667 2386 cum
1685 2350 1789 2397 super-

1032 2407 1090 2440 bus
1101 2407 1148 2441 vir
1159 2403 1239 2438 ferre
1245 2400 1425 2448 nonpoffet‚
1438 2400 1552 2433 bellum
1566 2401 1676 2433 iterum
1684 2411 1789 2434 recru-

1031 2455 1115 2496 duit,
1139 2457 1171 2488 &
1186 2454 1338 2497 Trajanus
1350 2449 1484 2485 secundo
1498 2447 1658 2496 profetffhxs
1673 2450 1704 2482 in
1718 2450 1787 2482 Da-

1031 2506 1110 2540 ciam
1118 2528 1128 2543 ,
1143 2501 1330 2536 Danubium
1342 2499 1482 2534 mirando
1492 2510 1588 2545 ponte
1600 2497 1701 2532 stravit
1712 2510 1787 2544 pau-

1031 2556 1074 2590 cis
1086 2552 1194 2588 diebus
1208 2564 1244 2586 ex
1256 2550 1354 2596 lapide
1361 2549 1526 2596 quadram,
1539 2560 1663 2581 arcuum
1670 2547 1787 2594 viginti,

1031 2614 1167 2652 quorum
1179 2597 1382 2646 unusquisque
1389 2607 1512 2632 centum
1525 2597 1634 2644 viginti
1647 2597 1789 2644 pedesal-

1032 2665 1095 2692 tus,
1112 2650 1262 2699 sexaginta
1274 2649 1363 2683 latus,
1379 2657 1504 2682 centum
1517 2644 1666 2693 sexaginta
1676 2644 1789 2681 distans

1033 2703 1049 2737 a
1067 2701 1163 2736 socio.
1191 2697 1382 2734 ‘Decebalum
1399 2696 1516 2743 proeliis
1536 2697 1654 2744 aliquot
1670 2695 1789 2731 vistum

1032 2751 1158 2787 tandem
1175 2749 1295 2784 necavit
1306 2771 1314 2785 ,
1344 2751 1376 2782 δέ
1393 2746 1527 2781 Daciam
1545 2746 1577 2779 in
1597 2745 1788 2792 provinciam

1034 2801 1175 2848 redegit,
1197 2796 1353 2833 thesauros
1371 2797 1468 2844 Regis
1483 2796 1513 2830 in
1526 2793 1672 2828 ‘Danubii
1689 2791 1787 2830 fundo

1033 2850 1178 2885 conditos
1191 2847 1354 2894 expiscatus
1367 2848 1399 2881 in
1412 2844 1570 2891 triumpho
1584 2844 1678 2879 duxit.

1807 907 1900 934 cundi-‘s
1908 916 1951 934 ne—

1807 948 1890 976 cavit.

1806 1515 1930 1548 Timjnnm

1806 1554 1932 1590 chrysto-

1805 1606 1847 1623 nos
1852 1594 1928 1632 perfia-

1805 1643 1901 1675 quitur.

1806 2111 1926 2149 Subjugat

1807 2156 1898 2181 Dacos.

1081 2897 1296 2932 Turbantibus
1315 2897 1481 2932 Orientem
1494 2893 1611 2929 Parthis
1623 2893 1695 2928 illuc
1707 2906 1788 2929 arma
1801 2899 1917 2927 Debellae

1034 2947 1205 2987 convertit3
1226 2948 1426 2981 «Armeniam
1439 2945 1469 2978 in
1488 2944 1682 2978 Provinciam
1700 2944 1788 2979 rede·
1801 2943 1821 2967 P
1822 2939 1914 2971 arrhas„

1034 2999 1079 3048 git
1091 3023 1101 3038 ‚
1129 2994 1319 3043 transgressus
1340 2995 1530 3042 Euphratem
1548 2996 1581 3028 &
1599 2993 1764 3041 Tigridem
1777 3018 1788 3034 ,

1034 3048 1168 3083 civitates
1185 3044 1308 3080 Nisibin
1320 3069 1330 3084 ,
1356 3043 1593 3090 Ctesiphontem
1606 3066 1616 3079 ‚
1639 3046 1672 3077 &
1684 3043 1790 3078 Seleu-

1034 3098 1111 3132 ciam
1125 3094 1342 3142 cepit,Parthis
1351 3093 1467 3140 ubique
1478 3089 1733 3139 fusisfugatisque.
1754 3095 1790 3127 In

1035 3145 1249 3193 Septentrione
1261 3142 1419 3179 Colchos,
1432 3143 1566 3182 Alanos,
1583 3142 1706 3182 Iberos,
1720 3143 1789 3176 Sar-

1035 3206 1128 3233 matas
1137 3219 1149 3238 ,
1167 3198 1200 3231 &
1212 3191 1490 3276 aliossubjugzgi2‚
1509 3191 1546 3226 ad
1558 3190 1682 3241 Judmm
1694 3191 1787 3273 etsiaga

1499 3252 1515 3276 2
1730 3251 1747 3272 u
1774 3259 1787 3268 -
