2048 3343
121 965 225 992 Nullam

119 1007 210 1033 &olunt

121 1049 148 1074 G
151 1049 205 1074 raeci
212 1048 257 1074 im-

114 1091 178 1126 perii
185 1096 241 1125 par-

121 1137 167 1156 tem
177 1129 237 1157 Gelo

119 1171 147 1196 in
156 1175 258 1206 Syracu-

114 1211 175 1246 fino
181 1221 236 1238 con-

121 1251 199 1280 cedere

119 1989 241 2019 „Atheni-

118 2032 182 2066 enses
194 2029 248 2057 urbe

119 2070 213 2106 defit-12

111 2113 212 2151 fugiunt
221 2110 255 2140 ad

115 2163 199 2181 „3735-

116 2976 239 3007 Atheni-

116 3020 207 3054 ensium

117 3060 241 3094 Deusfir-

112 3107 180 3135 pens.

118 3139 177 3168 „A‘d
183 3139 256 3168 Ther-

118 3181 225 3219 mopyltu·

282 106 355 140 116
633 98 952 135 OPER15

275 176 360 208 inter
370 171 493 219 primos
504 169 568 205 fide
581 169 700 219 dignus
712 172 843 206 aanor:
868 170 963 205 habet
975 171 1029 204 ille

276 223 407 270 quidem
423 221 548 256 fabulas
569 219 615 255 sat
626 221 745 255 multas
756 246 764 261 ,
782 220 833 255 sed
844 234 894 255 eas
907 217 1030 267 profert

277 273 462 308 fabularum
481 273 616 305 nomine
629 295 638 307 ,
670 270 741 304 imo
763 269 840 304 vero
862 271 913 304 vix
939 271 1030 317 quic-

279 335 376 370 quam
391 323 496 354 minus
507 319 674 368 verisimile
694 330 797 354 narrat
809 344 819 360 ‚
837 321 916 366 quin
935 319 1032 353 semet

279 371 336 406 ista
349 373 402 406 vix
415 369 541 405 credere
550 368 708 410 fateatur,
718 368 834 404 referre
844 367 949 403 solum
962 381 1031 415 quae

279 419 364 456 fama
383 419 533 455 ferantur.
566 418 619 452 Ad
638 421 706 463 ejus
725 418 914 453 elevandam
935 416 1029 451 fidem

282 470 396 504 adduci
408 480 482 504 ante
491 467 661 503 aliossolet
672 492 681 508 ,
698 481 794 516 quem
807 481 868 515 prae
885 466 1032 501 manibus

280 520 450 559 habemus,
460 519 550 552 locus
563 519 601 552 de
613 530 753 552 numero
765 515 953 550 Xera-ianiad
969 517 1029 547 Do·

278 570 376 615 riscum
385 568 544 603 exercitus
557 592 566 607 ,
583 569 616 601 in
629 580 667 600 eo
681 568 769 600 enim
789 562 880 599 fuisse
894 573 987 610 putat
998 576 1031 596 a-

279 620 445 653 nimarum
464 630 533 652 non
552 617 716 663 pauciores
734 615 947 660 quinquagies
958 625 1031 646 cen-

280 669 361 702 tenis
373 668 516 701 millibus
528 682 539 709 ·,
565 663 765 699 incredibilis
777 661 951 696 hominum
966 672 1032 696 tur-

285 717 336 756 ba,
349 715 390 750 εὸ
404 715 493 763 quod
505 710 573 749 non
584 715 730 759 legamus
743 710 876 745 velante
886 713 935 747 vel
946 709 1032 746 retro

278 764 390 800 seculis
400 766 485 799 istius
497 765 619 797 numeri
630 760 803 794 dimidium
813 761 846 793 in
859 773 959 794 unum
972 773 1031 794 un-

278 827 378 862 quam
389 810 571 848 convenisse
583 811 694 845 locum
709 833 718 849 ,
739 808 791 843 sed
806 810 893 858 legat
904 812 960 857 qui
973 821 1031 843 vo-

276 866 319 897 let
330 864 471 896 rationes
481 861 601 908 quibus
612 860 727 894 nititur
737 859 851 893 :rufior
863 883 873 899 ,
892 872 960 894 non
971 871 1032 905 pu-

279 912 359 946 tabit
372 908 521 945 aberrasse
535 909 659 958 prorsus
671 909 688 943 a
701 921 788 944 ver0.

327 962 442 995 Multis
475 964 542 1004 jam
577 957 691 993 seculis
723 960 914 992 Graecorum
940 955 1032 993 facile

280 1011 441 1057 principes
453 1020 544 1043 erant
563 1007 829 1044 Lacedaemonii,
845 1006 1031 1041 Athenien-

278 1058 326 1094 ses
337 1071 408 1093 tum
425 1059 557 1106 quidem
570 1056 703 1092 secundi
715 1082 725 1097 ,
746 1056 800 1091 sed
818 1058 851 1090 in
866 1056 969 1090 Sicilifi
980 1068 1033 1091 re—

278 1108 400 1157 gnabat
428 1106 584 1155 Syracusis
610 1106 703 1141 Gelon
731 1107 854 1140 neutris
878 1105 1033 1140 secundus

280 1155 451 1206 potentifi:
479 1158 516 1191 ad
538 1156 624 1191 hunc
635 1169 810 1192 commune
822 1156 926 1190 mittit
937 1156 1032 1190 Grae-

279 1220 394 1242 corum
419 1207 632 1243 Concilium,
651 1207 708 1255 qui
729 1216 842 1240 contra
864 1204 1032 1252 publicum

281 1256 407 1291 hostem
422 1256 625 1303 postularent
638 1269 736 1301 opem
757 1268 765 1288 ε
791 1254 958 1301 copiosam
980 1254 1033 1288 ille

277 1308 470 1354 pollicetur,
488 1306 622 1352 triginta
639 1305 758 1339 scilicet
770 1305 911 1338 militum
931 1304 1034 1337 millia

276 1356 434 1401 quamdiu
449 1354 575 1390 duraret
587 1354 711 1389 bellum
723 1381 731 1393 ,
755 1353 858 1387 modo
868 1351 896 1387 se
910 1354 1032 1387 vellent

278 1407 312 1439 in
325 1409 558 1452 Imperatorem
576 1405 695 1451 eligere
707 1404 815 1438 Graeci
826 1427 836 1444 ‚
861 1402 1032 1436 conditio-

275 1467 351 1489 nem
365 1453 520 1500 respuunt
537 1455 697 1500 Spartani,
709 1453 747 1487 ad
757 1450 786 1486 se
797 1452 954 1500 pertinere
968 1451 1030 1486 do-

277 1514 386 1537 centes
402 1505 577 1548 imperium
594 1516 604 1542 ;
629 1502 701 1537 tum
723 1500 836 1542 Gelon,
863 1501 1032 1536 concedite

274 1553 385 1587 saltem
398 1550 497 1587 claffis
508 1552 655 1588 ductum,
677 1563 785 1599 neque
797 1551 828 1585 id
839 1550 869 1585 se
880 1549 1031 1586 admissu-

275 1614 329 1636 ros
350 1600 563 1636 Athenienses
585 1598 785 1649 responsant.
820 1599 878 1634 Ob
897 1599 964 1635 haec
982 1613 1029 1635 re-

274 1650 392 1697 sponsa
411 1651 521 1686 noluit
538 1664 628 1686 arma
644 1651 762 1685 sociare
781 1648 892 1689 Gelon,
913 1651 961 1684 vel
974 1662 1032 1698 po-

275 1698 340 1734 tisis
353 1697 441 1748 quod
453 1701 515 1734 suis
536 1700 594 1748 ipfi
603 1699 698 1735 rebus
711 1710 781 1734 tum
794 1698 965 1734 necessario
976 1713 1030 1735 va-

277 1750 418 1784 candum
430 1748 503 1785 effet
516 1775 526 1790 ,
555 1750 594 1784 ad
614 1748 681 1784 haec
700 1751 788 1784 enim
801 1748 936 1783 refertur
948 1762 1031 1784 tem·

276 1801 481 1846 poraingens
494 1798 804 1846 Carthaginensium
822 1797 923 1832 claffis
935 1823 944 1838 ‚
963 1812 1032 1847 quae

277 1858 391 1882 contra
402 1850 538 1882 Gelonem
547 1862 584 1883 ex
590 1849 697 1896 posuit
705 1846 872 1882 Hamilcare
881 1847 962 1882 duce
970 1860 1033 1883 tre-

277 1908 374 1931 centa
392 1909 590 1932 armatorum
614 1898 717 1931 millia
736 1921 745 1936 ,
777 1910 862 1945 quos
873 1908 983 1933 tamen
996 1911 1032 1932 o·

277 1959 368 1980 mnes
382 1945 479 1987 fudit,
492 1947 683 1994 fugavitque
695 1944 799 1980 Gelon.

324 1996 370 2029 Ea
381 1995 467 2030 fuisse
478 1995 597 2030 dicitur
606 1997 799 2031 Graecorum
811 1995 1030 2044 magnanimi-

276 2054 325 2078 tas
340 2068 351 2085 ,
368 2056 401 2079 ut
413 2044 575 2080 consuetis
590 2056 741 2079 vacarent
757 2045 839 2080 ludis
851 2047 948 2080 etiam
960 2056 1031 2079 tum

275 2096 432 2140 temporis
445 2119 454 2135 ,
477 2092 552 2129 etim
564 2096 598 2128 in
612 2094 810 2130 Macedonia
821 2094 919 2129 castra
930 2105 1031 2129 meta-

275 2153 386 2176 rentur
403 2144 500 2178 Persae
518 2158 527 2178 :
561 2143 689 2178 Verum
715 2155 751 2178 ut
779 2155 975 2191 acceperunt
995 2145 1030 2178 in

276 2190 453 2235 Pierifijam
471 2191 549 2225 stare
561 2199 688 2226 Xerxem
699 2217 710 2233 ,
736 2194 854 2226 animis
865 2192 1029 2239 trepidan-

273 2251 321 2274 tes
341 2240 554 2275 Athenienses
580 2239 693 2275 misere
719 2240 873 2288 Delphos
899 2240 1028 2275 consul-

273 2299 346 2323 tum
360 2316 369 2329 ‚
393 2290 474 2338 quid
496 2291 530 2324 iu
549 2300 616 2324 tam
638 2288 806 2336 desperato
817 2290 963 2336 periculo
976 2301 1028 2322 ca-

271 2339 426 2385 piendum
446 2337 523 2374 esset
542 2339 679 2374 consilii.
704 2340 849 2373 Primum
864 2336 1027 2381 Pythiaere-

269 2385 423 2434 sponsum
433 2399 539 2423 tantas
554 2388 625 2423 urbi
640 2387 825 2423 minabatur
841 2388 943 2423 clades
955 2412 965 2428 ,
992 2398 1027 2421 ut

269 2449 312 2471 eo
333 2439 451 2482 rejeRO
474 2438 562 2472 aliud
580 2437 737 2486 supplices
755 2437 772 2472 ἆ
792 2440 867 2472 Deo
884 2436 1027 2485 postulfi·

270 2488 336 2520 rint
348 2487 451 2534 legati
465 2500 473 2520 t
488 2486 664 2522 secundum
674 2488 840 2522 oraculum
857 2486 1026 2522 obscuram

271 2534 387 2570 salutis
400 2535 547 2570 umbram
560 2537 632 2570 urbi
651 2536 747 2570 dabat
761 2560 770 2576 ,
790 2535 894 2570 modo
913 2536 943 2571 se
955 2548 1024 2571 tue-

272 2596 383 2619 rentur
393 2587 479 2619 cives
489 2585 656 2621 moenibus
667 2586 796 2632 ligneis,
819 2586 911 2626 Quid
922 2598 1027 2621 rerum

273 2633 371 2668 essent
390 2635 490 2682 lignei
510 2635 583 2669 hice
604 2637 686 2668 muri
705 2633 847 2668 multum
867 2635 911 2668 est
924 2634 1026 2668 disce-

271 2694 400 2729 pratum
413 2699 422 2718 ι
449 2684 579 2718 tandem
593 2685 625 2718 T
622 2680 792 2716 kemifi‘oclis
803 2683 938 2729 probata
956 2682 1026 2717 sen-

273 2735 373 2767 tentia
387 2760 395 2773 ,
416 2732 478 2781 qufi
496 2731 768 2780 persuadebatille
786 2732 898 2776 jubere
915 2734 1027 2767 Deum

272 2781 410 2817 deserere
423 2784 587 2817 civitatem
598 2807 607 2822 ‚
617 2791 764 2816 extruere
776 2780 898 2816 classem
913 2806 923 2822 ,
936 2784 1025 2817 navi·

273 2829 334 2864 bus
348 2830 410 2865 sese
422 2843 538 2867 contra
550 2829 651 2866 Persas
662 2832 780 2865 tutari:
805 2831 896 2865 istam
913 2830 1027 2879 Apolli·

273 2881 318 2912 nis
328 2878 416 2915 fuiffe
427 2892 571 2916 mentem
584 2880 812 2928 comprobavit
821 2892 955 2915 eventus
967 2905 976 2920 ‚
993 2886 1027 2916 δῖ

274 2929 306 2961 in
318 2929 483 2975 praescntifi
492 2929 636 2978 persuasit
647 2928 774 2966 colubri
786 2930 824 2964 de
833 2932 960 2977 templo
971 2930 1026 2972 de.-

274 2975 418 3019 scensus,
446 2982 497 3015 cui
516 2980 677 3015 menstrua
697 2979 737 3013 dc
758 2980 855 3014 melle
874 2980 1028 3015 libamina

275 3023 492 3078 fundebantur
505 3030 663 3071 Athenis,
689 3039 724 3063 ut
736 3041 945 3077 nequaquam
967 3030 1026 3063 mi-

277 3084 369 3106 nimo
381 3077 541 3112 Deorum.

326 3123 504 3159 Decrevere
541 3126 682 3172 primum
726 3140 896 3162 occurrere
929 3126 1028 3163 Perfis

277 3171 386 3207 Graeci
405 3171 443 3208 ad
462 3174 612 3221 angustos
631 3177 735 3214 aditus
753 3176 922 3213 Thefl‘alice
941 3194 951 3216 ς
975 3176 1027 3213 scd

1012 77 1492 135 HlsTcsRICI

1078 170 1131 218 qui
1143 169 1206 204 huc
1225 183 1299 204 cum
1311 166 1498 214 Themfflocle
1509 182 1665 207 venerunt
1677 196 1686 214 ‚
1703 173 1744 208 ab
1754 172 1835 208 Ale-

1079 219 1192 254 xandro
1215 218 1378 255 Macedone
1411 221 1529 255 moniti
1560 221 1600 254 de
1624 223 1835 259 multitudine

1082 270 1245 304 Persarum
1265 267 1386 317 trepide
1413 271 1487 305 inde
1504 268 1701 316 defugiunt:
1730 273 1836 318 postea

1081 328 1188 352 tamen
1206 319 1340 353 redeunt
1359 319 1397 353 ad
1417 320 1617 367 propinquas
1630 321 1790 368 angustias
1802 325 1835 358 i'n

1081 368 1170 401 exitu
1187 364 1361 401 Phthiotidis
1378 367 1543 404 Thefl‘aliae
1555 368 1593 402 ad
1604 370 1724 403 Oetam
1736 382 1836 407 mon-

1083 427 1169 454 tem,
1183 416 1239 449 ubi
1254 418 1306 450 vix
1325 417 1495 453 dimidium
1515 420 1622 465 jugeri
1634 419 1704 453 saxa
1716 418 1744 453 se
1756 433 1837 467 pan-

1082 464 1174 498 dunt.
1204 463 1268 499 Hic
1281 477 1356 500 cum
1376 470 1606 513 Spartanorum
1633 472 1786 504 trecentis
1805 475 1839 506 δε

1086 514 1223 547 aliorum
1243 515 1345 549 tribus
1360 516 1507 551 millibus
1528 514 1671 552 consedit
1692 520 1839 554 Leonidae

1084 565 1201 610 Spartae
1220 564 1292 598 Rex
1312 579 1323 606 ·‚
1354 566 1431 600 loco
1452 565 1688 613 Thermopylae
1714 581 1839 604 nornen

1086 624 1152 647 non
1165 613 1280 659 procul
1291 612 1308 647 a
1319 615 1427 649 littore
1437 640 1447 655 ,
1464 614 1520 649 ubi
1533 613 1635 649 stabat
1646 617 1763 652 Graeca
1775 628 1843 653 tre-

1085 673 1254 696 centarum
1290 664 1473 699 triremium
1501 663 1622 701 claffis,
1650 666 1683 700 in
1719 667 1840 715 Euripo

1083 711 1244 747 Euboeam
1263 711 1279 747 a
1299 712 1427 748 Boeotia
1447 714 1612 749 dividente
1631 715 1669 750 ad
1692 718 1842 752 Artemi-

1085 759 1175 795 sium.

1131 805 1222 845 Cum
1242 809 1280 843 ad
1301 811 1540 858 Thermopylas
1561 812 1696 848 venisset
1709 821 1837 857 Xerxes,

1083 858 1247 904 parvulam
1266 857 1373 899 illam,
1398 873 1469 906 quae
1480 874 1553 897 ante
1570 863 1731 911 angustias
1748 864 1839 900 stde-

1082 907 1147 943 bat.
1159 907 1351 942 Graecorum
1363 921 1497 943 manum
1510 912 1548 945 ad
1563 913 1590 946 se
1602 914 1766 949 mandavit
1782 915 1838 950 ad-

1082 955 1157 990 duci
1172 958 1294 991 vivam.
1319 955 1441 992 Verum
1457 958 1506 992 isti
1524 959 1680 996 strenuam
1699 963 1780 998 adeo
1799 965 1836 999 in

1083 1004 1190 1053 pugna
1202 1005 1359 1041 navssrunt
1370 1020 1515 1054 operam,
1527 1020 1562 1044 ut
1576 1008 1641 1057 ipse
1649 1011 1718 1045 Rex
1732 1023 1782 1047 ter
1797 1013 1839 1049 de

1081 1053 1153 1089 sede
1165 1055 1314 1090 defiluiffe
1325 1056 1449 1091 dicatur
1459 1056 1647 1099 formidine,
1658 1073 1698 1094 ne
1709 1074 1837 1107 paucu-

1081 1105 1102 1138 li
1117 1104 1167 1139 isti
1185 1116 1271 1140 totas
1291 1104 1359 1140 suas
1382 1108 1490 1153 copias
1507 1108 1714 1144 debellarent.
1739 1110 1838 1145 Susti-

1082 1166 1220 1189 nuerunt
1232 1154 1320 1190 certe
1340 1157 1471 1203 integro
1485 1156 1587 1191 biduo
1606 1171 1707 1193 omne
1729 1159 1840 1196 Persa-

1084 1216 1154 1238 rum
1175 1205 1293 1244 robur,
1319 1216 1354 1239 ut
1372 1204 1470 1240 habet
1491 1218 1584 1241 vetus
1601 1208 1835 1255 Epigramma,

1082 1264 1240 1289 trecentas
1251 1255 1396 1288 militum
1407 1255 1562 1301 myriadas
1574 1272 1583 1296 3
1609 1258 1769 1292 tradentes
1780 1272 1838 1294 ne-

1083 1304 1112 1336 ci
1131 1312 1206 1338 c'um
1226 1303 1311 1338 binis
1323 1305 1421 1351 Regis
1435 1303 1589 1340 fratribus
1608 1309 1753 1341 virorum
1766 1307 1837 1342 for-

1082 1354 1164 1386 tium
1176 1353 1215 1387 ad
1234 1354 1337 1387 millia
1351 1355 1468 1401 viginti
1483 1367 1492 1394 3
1514 1354 1563 1390 sed
1576 1355 1625 1390 die
1645 1359 1741 1391 tertio
1758 1355 1836 1392 curn

1078 1405 1147 1446 jam
1159 1402 1198 1436 de
1210 1402 1341 1437 transitu
1361 1402 1540 1450 desperaret
1557 1411 1684 1443 Xerxes,
1703 1407 1836 1453 quidam

1083 1450 1252 1486 Phocenfis
1285 1453 1431 1499 proditor
1455 1465 1511 1499 per
1532 1455 1688 1502 ignotum
1714 1457 1835 1491 callem

1082 1500 1246 1536 Persarum
1261 1513 1380 1548 agmen
1391 1503 1599 1545 (immortale
1609 1504 1754 1545 difium)
1772 1508 1838 1540 cir-

1081 1550 1250 1586 cumducit
1262 1551 1301 1585 ad
1323 1551 1518 1587 Graecorum
1541 1564 1629 1601 terga
1650 1567 1659 1587 :
1691 1554 1838 1588 Leonidas·

1081 1601 1322 1635 circumventos
1330 1601 1589 1636 animadvertens
1599 1600 1672 1637 suos
1684 1626 1693 1642 ,
1715 1605 1838 1638 caeteris

1083 1649 1215 1684 dimiffis
1225 1651 1364 1685 domum
1375 1676 1384 1689 ,
1412 1649 1476 1697 ipsc
1486 1662 1561 1685 cum
1573 1653 1725 1686 trecentis
1742 1655 1840 1700 Spar-

1083 1699 1165 1733 tanis
1178 1700 1406 1734 tueturlocum
1418 1723 1429 1740 ,
1450 1699 1556 1735 donec
1574 1701 1702 1736 tandem
1721 1704 1837 1738 multi-

1082 1749 1196 1783 tudine
1230 1748 1345 1783 obruti
1376 1750 1638 1796 opprimerentur
1663 1764 1778 1787 omnes
1794 1751 1836 1787 ad

1081 1798 1182 1838 duos,
1202 1800 1261 1846 qui
1277 1797 1351 1833 cum
1370 1798 1530 1834 rediiffent
1548 1802 1693 1847 Spartam
1710 1826 1721 1842 ‚
1743 1802 1836 1850 quod

1082 1861 1140 1895 pro
1163 1847 1261 1894 patria
1276 1846 1467 1882 recusassent
1485 1850 1594 1889 mori,
1616 1851 1698 1885 alter
1713 1850 1838 1898 suppli-

1083 1899 1136 1931 cio
1148 1895 1280 1932 affeetus
1298 1897 1342 1932 est
1355 1922 1365 1938 ,
1391 1898 1468 1932 alter
1485 1896 1576 1932 tanti}
1596 1898 1778 1934 cumulatus
1789 1900 1836 1935 est

1080 1946 1262 1994 ignominiz‘i
1272 1972 1283 1989 ,
1309 1958 1346 1982 ut
1357 1945 1421 1995 ipse
1431 1946 1488 1982 sibi
1498 1946 1673 1995 suspendio
1683 1951 1781 1985 vitam
1795 1948 1835 1983 fi-

1082 2008 1210 2031 niverit.

1128 2043 1253 2080 Interea
1264 2044 1364 2080 stabat
1374 2045 1411 2080 ad
1423 2046 1610 2098 Magnefiam
1621 2045 1753 2094 superba
1761 2050 1837 2082 Per-

1080 2094 1183 2129 sarum
1203 2094 1303 2130 claffis
1324 2096 1532 2143 navigiorum
1551 2093 1644 2142 supra
1663 2097 1836 2141 quinquies

1081 2145 1185 2181 mille,
1195 2146 1226 2179 in
1239 2143 1357 2192 quibus
1368 2144 1456 2177 mille
1469 2144 1614 2178 ducentae
1624 2144 1763 2178 rostratae
1775 2146 1833 2179 tri-

1078 2205 1192 2227 remes.
1217 2193 1374 2227 Vicstimas
1384 2192 1511 2226 caedunt
1529 2191 1743 2228 Athenienses
1768 2195 1833 2228 Bo-

1077 2253 1132 2275 reae
1153 2265 1162 2281 ,
1180 2239 1494 2288 oriturimpetuosus
1514 2240 1615 2276 turbo
1628 2267 1638 2283 ‚
1657 2244 1832 2291 quatriduo

1077 2300 1210 2324 vexatur
1230 2288 1350 2324 Per-fica
1363 2289 1459 2325 classis
1470 2316 1480 2332 ‚
1505 2291 1747 2341 quadringentae
1759 2306 1833 2328 cor-

1076 2350 1271 2385 rumpuntur
1287 2351 1383 2374 naves
1399 2363 1409 2377 ‚
1434 2339 1484 2374 secl
1501 2342 1582 2375 levis
1602 2341 1669 2376 haec
1689 2343 1722 2376 in
1737 2353 1834 2378 tanto

1077 2401 1216 2423 numero
1232 2390 1375 2432 jaRura3
1392 2402 1467 2424 cum
1481 2392 1601 2424 caeteris
1612 2390 1762 2426 invadere
1776 2405 1833 2440 pa-

1077 2449 1148 2472 rant
1168 2435 1264 2473 Persae
1283 2440 1419 2473 Graecos
1431 2439 1470 2473 ad
1484 2441 1698 2483 eArtemifium.
1724 2445 1831 2475 Praee-

1077 2498 1124 2521 rat
1135 2488 1256 2522 Graecae
1267 2487 1351 2523 claffi
1363 2491 1534 2535 Spartanus
1544 2487 1713 2531 Eurybiades
1723 2513 1732 2525 ,
1751 2487 1830 2523 huic

1079 2538 1174 2571 multi
1188 2536 1359 2572 suadebant
1371 2537 1547 2576 sociorum,
1561 2537 1687 2572 Euboe&
1700 2538 1810 2573 relic‘h'i
1820 2563 1832 2580 ,

1077 2586 1116 2620 ad
1127 2586 1283 2620 Isthmum
1297 2587 1325 2620 se
1344 2585 1490 2620 conferre
1503 2610 1512 2624 ‚
1535 2585 1587 2621 sed
1601 2586 1831 2622 meticulosum

1079 2637 1183 2670 virum
1196 2634 1344 2669 cohibuit
1363 2633 1585 2681 Themistocles,
1604 2636 1685 2671 datis
1704 2638 1830 2684 aliquot

1080 2686 1207 2718 talentis
1217 2696 1285 2731 quae
1296 2684 1334 2718 ad
1350 2684 1381 2719 id
1400 2684 1502 2731 ipsum
1514 2685 1554 2719 ab
1567 2686 1744 2720 Euboeanis
1757 2698 1831 2720 cor·

1078 2733 1200 2768 raserat.
1236 2734 1285 2768 Ut
1303 2733 1344 2767 ad
1363 2746 1503 2782 pugnam
1522 2736 1655 2771 Graecos
1675 2747 1829 2781 cogerent

1078 2782 1191 2822 Persae,
1208 2783 1329 2817 circum
1340 2783 1499 2818 Euboeam
1512 2785 1665 2818 miserunt
1674 2783 1829 2819 ducentas

1079 2834 1242 2872 triremes,
1260 2846 1330 2880 quae
1348 2831 1466 2880 zitergo
1479 2832 1670 2867 cohiberent
1684 2831 1704 2866 si
1716 2844 1751 2867 ex
1762 2834 1830 2868 Eu-

1077 2884 1148 2928 ripo
1161 2894 1356 2916 conarentur
1364 2881 1507 2928 effugere
1521 2895 1529 2914 :
1548 2881 1601 2915 sed
1613 2880 1682 2915 istas
1692 2884 1732 2916 ita
1743 2894 1830 2917 tem-

1079 2930 1179 2978 pestas
1190 2929 1323 2970 afflixit,
1351 2942 1386 2964 ut
1403 2931 1491 2965 nulla
1502 2930 1540 2963 ad
1553 2929 1676 2965 claffem
1694 2933 1829 2966 incolu-

1079 2980 1140 3014 mis
1155 2990 1362 3013 reverteretur
1383 2993 1390 3012 :
1417 2980 1495 3013 novi
1517 2979 1647 3024 hujusce
1667 2980 1827 3030 naufragii

1077 3037 1211 3075 accepto
1233 3029 1339 3062 Graeci
1361 3030 1484 3062 nuncio
1510 3030 1625 3063 ineunt
1656 3032 1829 3066 alacriores

1079 3090 1234 3126 pugnam,
1244 3088 1425 3123 pugnantes
1437 3077 1569 3112 diremit
1582 3092 1666 3113 nox:
1693 3091 1766 3115 ante
1779 3081 1830 3113 lu-

1068 3139 1151 3168 cem
1168 3126 1206 3160 ad
1224 3127 1357 3160 Graecos
1383 3130 1532 3173 pervenit
1567 3128 1652 3163 sarna
1675 3130 1773 3164 cladis
1789 3129 1828 3162 ad

1081 3176 1317 3224 Thermopylas
1330 3188 1339 3215 5
1357 3174 1419 3223 qufi
1428 3176 1613 3225 pervulgata
1623 3201 1633 3216 ‚
1648 3179 1745 3214 nullis
1756 3190 1828 3211 ver-

1766 3226 1829 3269 bis,

1856 171 1976 204 Leonidae

1854 223 1904 244 toto
1914 213 1986 242 biduo

1857 261 1966 286 Xerxem

1850 297 1980 335 sustinuit.

1856 2051 1995 2080 Graecorum
2034 2083 2035 2087 Ἰ

1860 2092 1946 2129 ‹Iaffim
1955 2103 1986 2120 ι-
2032 2087 2034 2111 Ῑ

1851 2132 1957 2168 gerrtmce'

1852 2174 1933 2200 valuit

1853 2212 1988 2249 Themisto-

1853 2255 1897 2281 cles
1906 2252 1993 2294 &suga
2032 2267 2033 2273 ¹

1852 2294 1970 2324 cohibere.
