2048 3343
485 115 550 141 ET
611 104 949 143 Cflnouo

191 179 287 214 caedis
299 178 404 224 Amafis
413 178 516 224 aperit
534 176 666 211 fraudes
683 193 692 210 :
719 188 787 210 non
799 173 939 222 amplior

191 240 307 267 mota,
325 225 496 274 qnaesirum
518 228 605 260 naeu
627 223 726 259 Persa:
747 235 938 271 praetcxrum

189 288 331 310 movent
350 278 478 323 ingenti
499 288 574 310 cuni
593 276 730 308 exercitu
744 284 802 319 per
814 271 939 306 Arabiae

187 324 329 363 deserta,
340 327 482 359 ocsurrit
491 325 531 357 ad
545 322 705 358 l’elufium
724 323 939 368 Pficmmeiu'tus,

185 378 284 422 Am..fi
299 387 391 422 patre
404 373 490 419 prius
500 370 672 411 defunCto3
686 370 721 405 fit
734 373 938 419 pugn-aflicti

188 426 333 471 AEgyptii
346 422 542 469 confugiunt
553 424 709 467 Memphim
729 446 737 459 ,
764 420 937 455 obsidione

186 463 343 522 premunt
355 471 469 506 urbem
486 470 634 511 Perlim&
648 470 778 505 tandem
794 471 938 505 deditio-

188 537 229 558 ue
244 523 396 568 cipiunt.
431 522 623 563 Conjicitur
642 532 718 554 cum
745 521 851 568 Regni
871 521 940 567 pri-

189 572 382 606 moribusiii
394 571 522 605 vincula
535 571 607 604 Rex
625 594 634 609 ‚
662 571 695 602 in
706 569 860 603 ordinem
872 569 937 604 ser—

187 634 309 656 vorum
321 623 476 668 redigttur
489 619 630 667 populus
641 645 650 657 ‚
664 617 798 653 tranlire
808 617 943 662 jubetur

186 685 247 720 per
272 683 330 705 ora
358 672 544 716 &mimenni
573 667 696 702 ancilla:
723 668 840 702 habitu
865 679 940 701 cum

186 721 302 770 hydria
314 732 471 767 aquatum
489 717 566 753 filia.
603 717 658 751 Ad
676 717 741 751 hoc
761 729 829 751 tam
851 717 938 750 triste

187 769 407 819 spectaculum
420 771 548 803 vultum
561 778 630 801 non
647 777 842 800 commovet
856 768 940 801 Rex,

187 833 268 854 mox
279 819 482 867 praetergredi
501 816 592 851 videt
609 818 642 850 in
653 814 938 850 nobiliffimorum

188 871 355 918 Juvenum
369 866 464 902 turba
480 866 584 900 filium
604 878 660 900 ore
676 863 813 900 fraenato
831 863 940 898 collo-

188 932 255 968 que
266 919 417 952 revincto
429 913 508 949 fune
520 929 529 956 ;
542 915 637 949 etiam
649 913 701 947 hic
712 914 770 948 stat
781 915 942 948 immotus

188 969 401 1015 j’sxmmenitus
411 991 420 1006 ,
429 965 483 999 scd
495 976 571 999 ecce
582 964 663 999 dum
674 964 807 1010 quidam
822 974 859 996 ex
870 964 940 1008 pri-

189 1017 322 1054 scorum
335 1027 477 1050 numero
489 1015 673 1047 amicorum
687 1011 811 1045 accedit
822 1022 939 1044 emen-

189 1071 302 1103 dicans
324 1067 438 1113 stipem
449 1088 459 1103 ,
483 1061 534 1096 hic
547 1063 618 1096 Rex
630 1062 816 1106 erumpitin
827 1059 936 1094 fletus.

190 1114 414 1163 Interroganri
433 1111 560 1156 Cambyfi
576 1110 653 1156 quid
671 1108 765 1144 fleret
784 1120 937 1143 externo-

192 1178 265 1201 rum
278 1167 372 1197 mala,
381 1162 438 1207 qui
448 1163 606 1193 immotus
618 1160 847 1205 proximorum
857 1170 938 1191 con—

188 1211 327 1259 spexiiset
346 1209 457 1244 clades
473 1212 488 1243 ?
521 1204 720 1254 Respondet
738 1207 938 1241 miserrimus

188 1265 277 1300 Rex,
290 1262 386 1294 amici
399 1257 621 1292 calamitatem
634 1257 797 1304 postulare
809 1258 938 1292 lamen-

188 1324 240 1351 ta,
258 1309 443 1344 liberorum
455 1306 614 1354 superate.
648 1309 726 1341 Hoc
738 1307 832 1341 disto
845 1315 937 1342 Cain-

187 1363 239 1408 byfi
257 1372 349 1394 mora
367 1357 531 1393 miseratio
549 1382 559 1397 ,
585 1356 721 1401 jubetur
747 1357 938 1403 Psszmmem'to

184 1410 309 1445 restitui
322 1408 412 1443 bona
424 1419 532 1441 rerum
544 1406 670 1441 suarum
683 1418 774 1451 pars,
797 1407 939 1440 mittitur

186 1461 227 1495 ad
246 1458 353 1494 filium
372 1456 468 1491 fimul
487 1460 520 1491 δε
533 1455 635 1490 filiam
647 1454 841 1491 liberandos
853 1468 938 1489 nun-

185 1511 269 1549 cius,
282 1511 371 1552 cujus
385 1518 498 1541 tamen
510 1508 568 1539 iter
579 1518 651 1539 non
663 1504 940 1552 ptaeveiiiriiifcli-

188 1560 234 1592 cis
242 1555 452 1592 adolescentis
463 1568 710 1603 praeproperum
722 1555 928 1604 supplicium.

0 1607 1 1649 J
32 1623 144 1658 rufin-
237 1607 351 1641 Suavis
364 1605 500 1640 devictae
509 1607 640 1652 AEgypti
658 1604 776 1646 bolus,
799 1605 941 1650 Canibysis

31 1675 90 1694 neus
100 1664 170 1689 Cam·
190 1655 284 1704 plura
294 1655 459 1703 quaerendi
472 1653 596 1688 famem
614 1656 740 1689 exacuit
766 1670 774 1690 ε
802 1656 845 1689 ad
865 1667 939 1701 per-

31 1707 169 1744 l’Jfistm‘·
191 1706 404 1740 domandum
418 1701 534 1738 Africae
551 1703 715 1750 reliquum
736 1705 849 1747 adjicit
869 1705 938 1737 ani>

0 1789 2 1796 ‚
31 1747 169 1776 ‘mmpoe‘
192 1768 283 1789 mum
298 1780 309 1796 ,
331 1757 363 1788 in
383 1752 653 1800 Carthaginenses
672 1753 828 1787 ador-nari
848 1751 941 1799 jubet

32 1790 171 1857 ’”;’”Ξ”,”α
192 1803 317 1840 classem
330 1829 340 1845 ‚
364 1804 415 1838 sed
428 1803 541 1836 audito
551 1805 724 1849 copiarum
736 1805 940 1837 nauticarum

29 1841 169 1908 ’ἑὼ-φα,
190 1853 311 1887 florem
324 1851 724 1899 Phaenices,expedirionem
735 1863 851 1886 contra
860 1864 942 1887 con»

186 1902 386 1949 sanguineos
408 1909 498 1935 i’oenos
515 1899 693 1935 abhorrere
710 1929 719 1943 ‚
745 1901 787 1935 ab
807 1905 940 1948 incepto

187 1952 309 1986 destitit
321 1977 330 1993 ‚
349 1954 384 1984 in
406 1953 573 1998 eAEthiopas
584 1951 626 1985 ad
641 1950 757 1986 Africae
771 1953 938 1987 meridiem

186 1999 334 2036 versurus
352 2002 447 2035 vires.
487 2002 524 2033 Iri
536 2000 596 2034 hos
607 1999 687 2035 dum
701 2003 808 2050 pergit
825 2002 867 2036 ad
879 2002 939 2035 de-

183 2062 292 2084 xrram
305 2049 507 2085 devastandis
519 2054 698 2085 Hammoniu
712 2077 720 2092 ‚
739 2055 773 2086 &
794 2053 866 2086 iovis
886 2053 938 2084 in-

183 2100 360 2135 cendendo
372 2097 453 2132 fano
464 2101 705 2147 quinquaginta
717 2101 856 2136 dimittit
878 2102 939 2134 mi-

182 2147 281 2183 litum
293 2149 392 2183 millia
404 2162 412 2181 :
422 2147 454 2181 lii
467 2147 542 2182 curn
554 2149 803 2184 discumberent
815 2149 871 2183 sub
881 2151 937 2184 dio

185 2199 340 2245 pransuri,
353 2209 479 2233 tantam
493 2210 664 2233 arenarum
676 2201 743 2234 vini
761 2201 849 2234 venti
864 2200 934 2232 vio-

187 2249 290 2282 lentia
310 2249 461 2296 congerit
479 2249 514 2281 in
536 2246 694 2290 miseros,
721 2260 758 2283 ut
775 2250 816 2283 ad
835 2260 938 2282 unum

189 2308 307 2332 omnes
315 2300 380 2332 vivi
392 2296 453 2331 fint
463 2298 698 2333 contumulari.

241 2347 356 2380 Castra
374 2349 476 2394 Regis
489 2346 632 2381 mediam
655 2350 706 2381 vix
723 2345 803 2381 dum
822 2347 864 2382 ad
882 2352 940 2382 ΧΕ-

190 2391 320 2440 tliiopes
330 2397 460 2429 emensa
470 2399 556 2429 viam
569 2421 580 2436 ,
601 2396 800 2444 consumpto
814 2399 941 2442 prorius

191 2443 288 2476 omni
322 2455 511 2477 commeatu
529 2469 539 2484 ,
564 2456 731 2491 coguntur
765 2445 935 2480 decimum

191 2504 360 2540 quemque
380 2491 484 2526 sortiri
510 2492 648 2526 militem
675 2495 716 2527 ad
732 2493 821 2527 esum
846 2519 856 2534 ‚
883 2494 940 2527 ista

192 2543 404 2590 comperiens
416 2543 566 2587 Cambjfts
577 2545 611 2575 in
620 2546 797 2591 AEgyptum
806 2545 941 2576 reverti-

190 2603 245 2626 tur
258 2619 266 2631 ‚
291 2591 347 2625 ubi
365 2593 397 2624 in
413 2594 527 2624 omnia
546 2593 610 2625 tuit
630 2591 741 2626 scelera
756 2590 940 2637 pleniffimo

150 2658 153 2659 ⁷
189 2642 293 2687 gradu
305 2665 313 2675 ‚
329 2638 382 2674 seu
395 2640 516 2674 morbo
528 2638 618 2674 sacro
634 2639 719 2674 libia
733 2652 833 2688 puero
844 2640 940 2674 fami-

189 2692 256 2726 liari
267 2687 448 2724 infatuante
457 2702 619 2729 mentem,
630 2689 680 2725 seu
691 2694 762 2726 Ιονὶό
774 2694 943 2725 Hammonis

189 2742 282 2776 furiis
292 2739 532 2785 exagitantibus
544 2743 705 2773 animum.

241 2789 375 2823 Miserat
397 2800 472 2822 ante
498 2787 681 2833 susceptum
707 2790 740 2821 in
769 2788 943 2835 AEtliiopas

195 2839 275 2877 iter,
301 2838 342 2871 ad
361 2836 648 2886 iplbs‘speculandi
663 2834 763 2883 grati&
787 2836 944 2882 legatum,

199 2885 373 2933 suspicatus
393 2887 429 2921 id
451 2887 544 2933 quod
563 2898 632 2920 erat
654 2887 849 2933 AErhiopum
863 2887 944 2923 Rex,

200 2939 376 2970 revertenti
393 2938 503 2985 legato
521 2938 653 2983 Camlyfi
673 2936 845 2971 ferendum
858 2935 947 2969 dedit

202 2995 312 3017 arcum
332 2998 404 3020 cum
433 2988 499 3019 hoc
526 2989 651 3020 nuncio
680 3001 689 3026 ς
723 2997 763 3019 ne
784 2995 947 3019 tentarent

201 3031 300 3066 Persae
318 3034 348 3065 in
368 3035 538 3080 AEthiopas
549 3048 637 3069 arma
650 3047 785 3069 movete
805 3058 814 3070 ‚
842 3036 946 3080 prius-

203 3093 301 3127 quam
322 3093 358 3114 ex
377 3082 451 3128 ipsis
476 3084 592 3132 aliquis
611 3085 739 3119 dictum
759 3096 872 3118 arcum
890 3096 949 3117 va-

201 3132 303 3165 luisset
316 3131 487 3167 intendere
500 3157 507 3169 ,
523 3133 599 3168 cum
611 3147 680 3168 rem
692 3132 862 3168 tentassent
875 3134 951 3167 Per-

203 3179 304 3215 sarum
316 3177 493 3222 fortiss'iini‚
505 3181 621 3218 frustra
632 3181 720 3219 fuere
733 3195 952 3225 omnes,unus

3 370 6 388 l

3 402 7 431 i

3 447 7 560 i
31 513 151 558 Psamme-

4 561 7 571 '
31 561 146 590 „uincula-

32 609 133 631 mitam.

983 103 1495 144 L'o'crc1L113.I.
1669 112 1746 153 109

991 176 1113 210 smerdis
1135 175 1279 219 Cambffis
1298 174 1398 211 frater
1424 189 1491 212 nou
1517 180 1591 226 plus
1611 178 1744 213 duobus
1764 187 1873 216 smerdis

989 225 1099 271 digitis
1111 223 1149 258 ab
1163 224 1375 258 intendendo
1389 226 1451 260 fuir
1467 255 1475 266 ‚
1494 228 1606 262 verum
1627 227 1738 263 adole·
1761 230 1879 265 vifflssst·

989 272 1085 307 scenri
1110 272 1328 308 infelicislim&
1351 274 1439 307 cellit
1464 276 1531 310 liaec
1558 278 1739 317 fortitude,
1757 270 1878 317 primfffif,

988 333 1063 355 nam
1077 321 1201 357 iiividifi
1212 323 1345 356 aestuare
1357 324 1586 369 cambysesmon
1599 325 1739 375 amplius
1757 313 1883 380 Μ’ῘΜῙᾙ

987 369 1070 405 ferre
1083 369 1412 410 fi·atrem,remittitur
1424 374 1522 420 igitur
1531 377 1561 407 in
1573 376 1738 411 Persidem
1757 362 1904 430 sfir‘Zhgcs

990 422 1110 455 Smerdisss
1131 445 1140 460 ‚
1166 419 1236 467 quo
1258 423 1381 455 minori
1404 425 1541 470 negotio
1564 424 1605 457 de
1630 426 1740 460 medio
1760 405 1881 472 eraner.

989 470 1159 504 tolleretur
1186 483 1194 503 τ
1223 473 1356 517 Pi-cxaspt
1377 483 1426 504 res
1444 473 1633 518 peragenda
1646 486 1742 508 com·
1761 474 1834 504 dulit-

991 521 1144 554 mittitur,
1157 518 1218 553 suis
1234 521 1287 553 ille
1301 518 1456 553 manibus
1470 523 1599 555 Smer-diii
1610 523 1642 554 in
1655 535 1744 558 mare

992 569 1216 613 praecipitavit.
1255 568 1410 603 Habebat
1436 571 1585 617 Cambyses
1603 583 1744 606 uxorum

993 617 1070 650 loco
1084 617 1231 652 sororem
1244 630 1422 665 utramque
1435 643 1444 658 ,
1465 618 1540 653 cum
1554 621 1673 667 quibus
1686 622 1748 655 ali-

993 667 1131 713 quando
1142 664 1308 714 spectabat
1319 667 1460 703 ferarum
1470 672 1744 711 certamina‚ciim

993 716 1092 750 leone
1113 716 1302 750 decertabat
1329 715 1524 752 fortilsimus
1547 721 1633 753 canis
1652 745 1662 761 ,
1692 721 1748 767 qui

993 766 1126 799 tandem
1148 767 1250 799 vic'tns
1273 766 1558 802 conciditaleoiie
1585 769 1750 803 devoran-

994 815 1054 848 dus
1071 842 1079 853 ,
1105 814 1230 848 astabat
1249 817 1502 851 revinc’tusloro
1523 818 1619 851 catuli
1637 818 1748 858 frater,

993 864 1045 898 liic
1057 862 1230 897 fraternam
1244 864 1449 911 conspiciens
1460 865 1637 909 lanienam,
1648 869 1749 915 ruptis

992 913 1121 956 impetu
1145 912 1224 944 loris
1252 914 1285 944 in
1306 916 1464 947 victorem
1484 915 1750 957 insilitleonem,

992 960 1094 995 visum
1109 959 1174 993 hoc
1187 962 1353 994 minorem
1365 965 1464 1010 Regis
1476 963 1625 998 sororem
1639 966 1748 1000 statim

991 1007 1087 1042 solvit
1100 1010 1132 1042 in
1146 1008 1242 1043 fletus
1259 1036 1267 1049 ‚
1282 1010 1408 1044 causam
1422 1013 1542 1045 mirato
1557 1016 1686 1060 Cambyfi
1696 1028 1750 1049 re·-

990 1057 1129 1107 spondct
1143 1083 1152 1095 ‚
1171 1059 1252 1093 dum
1264 1071 1378 1093 canem
1391 1062 1447 1095 leo
1460 1059 1597 1095 dilaniat
1609 1063 1745 1097 advolat

990 1110 1021 1141 in
1036 1107 1197 1154 suppetias
1210 1107 1312 1143 frater
1323 1111 1427 1148 canis,
1441 1109 1496 1143 led
1511 1123 1621 1145 meum
1641 1136 1651 1152 ,
1678 1111 1740 1146 ali!

990 1159 1132 1192 Smerdim
1144 1160 1292 1192 violante
1313 1170 1391 1193 cane
1405 1160 1513 1194 mulus
1526 1160 1601 1194 tulit
1619 1173 1718 1208 opem
1734 1175 1743 1195 :

990 1206 1143 1241 efferatus
1156 1206 1249 1240 dicto
1263 1209 1410 1254 Cambyses
1421 1208 1549 1242 tamdiu
1562 1212 1746 1257 praegnanti

991 1257 1095 1290 sorori
1107 1255 1250 1290 calcibus
1261 1257 1424 1292 insultavit
1438 1283 1447 1298 ,
1461 1260 1569 1292 donec
1585 1259 1650 1307 ipsa
1667 1271 1745 1294 cum

985 1307 1071 1341 foetu
1083 1303 1176 1339 simul
1187 1304 1318 1340 efflallet
1332 1309 1491 1348 animam.

1040 1355 1154 1390 Postea
1164 1353 1291 1389 facium
1305 1354 1348 1390 est
1360 1368 1394 1390 ut
1405 1358 1422 1391 ἐ
1437 1359 1575 1405 Prexaspe
1585 1368 1744 1403 quaereret
1765 1366 1896 1404 Prexaspis

990 1417 1062 1450 quae
1076 1406 1115 1440 de
1132 1403 1161 1438 se
1172 1402 1248 1439 effer
1260 1403 1429 1440 Persarum
1444 1409 1564 1454 opinio
1591 1419 1600 1440 ε
1626 1409 1744 1455 regerit
1759 1408 1903 1455 filitfwsa-

988 1456 1041 1488 ille
1060 1454 1168 1489 Persas
1189 1457 1222 1488 in
1245 1456 1404 1490 omnibus
1423 1458 1578 1490 admirari
1599 1457 1744 1504 Regem,
1759 1450 1905 1485 gi“‘¹C‘²⁷⁷'‘

990 1502 1047 1538 nisi
1066 1504 1162 1551 quod
1182 1503 1279 1550 paulo
1293 1508 1396 1554 magis
1406 1505 1744 1542 desiderarentabste-
1764 1489 1886 1558 45:³⁷⁴*

991 1556 1094 1588 mium
1116 1566 1124 1590 ς
1149 1552 1380 1602 siccineigitur
1397 1558 1538 1603 (inquit)
1559 1555 1707 1589 ebriosus
1727 1541 1772 1590 a]
1818 1552 1826 1558 ’

991 1604 1072 1637 meis
1081 1603 1205 1637 habeor
1225 1607 1237 1636 ?
1265 1603 1375 1638 talisne
1387 1603 1445 1637 fini
1458 1617 1515 1639 tuo
1526 1605 1633 1639 statim
1646 1618 1746 1653 expe*-

990 1654 1053 1686 riar
1071 1655 1220 1699 periculo
1242 1667 1250 1692 3
1280 1653 1340 1687 hac
1359 1652 1381 1687 si
1403 1652 1515 1700 sagitta
1527 1657 1685 1697 trajecero
1698 1654 1746 1688 tui

989 1701 1191 1750 praeforibus
1203 1701 1387 1736 stantisfiiii
1399 1704 1504 1750 ipsum
1518 1715 1577 1737 cor
1589 1728 1598 1743 ,
1627 1705 1748 1750 injuria

989 1752 1156 1789 delirantis
1168 1752 1250 1785 ebrii
1263 1753 1363 1787 titulo
1376 1765 1475 1787 notor
1493 1769 1501 1793 ;
1526 1752 1570 1786 sin
1581 1751 1746 1793 aberrem,

988 1799 1310 1851 tiildefugionotam
1339 1816 1347 1836 :
1377 1815 1454 1837 cum
1466 1803 1557 1836 ditsto
1579 1800 1741 1848 spiculum

988 1853 1112 1885 emittit
1130 1876 1140 1890 ‚
1169 1852 1260 1896 quod
1277 1852 1310 1883 in
1331 1851 1445 1886 medio
1466 1850 1592 1885 dissecti
1611 1853 1745 1896 juvenis

989 1902 1094 1935 corde
1105 1912 1271 1947 repertum
1281 1900 1340 1935 est.
1530 1942 1535 1948 .

1039 1948 1126 1984 Cum
1153 1951 1335 1997 aliquando
1363 1949 1533 1986 nobilium
1564 1949 1742 1984 duodecim
1767 1964 1871 1995 Croefaem

989 2012 1055 2034 uno
1071 1998 1265 2043 dieiussifl'et
1279 2003 1400 2039 necari,
1413 2002 1531 2045 acrcrfi)
1543 2000 1746 2033 crudelitatis
1761 2005 1888 2040 servatum

988 2050 1032 2083 est
1046 2051 1195 2083 monitus
1209 2062 1217 2082 t
1232 2048 1274 2081 ad
1285 2047 1419 2083 liberam
1434 2061 1555 2083 vocem
1569 2049 1747 2082 excanduit
1762 2045 1898 2084 g-xudetsed

988 2100 1164 2144 Tyrannus
1186 2122 1195 2137 ‚
1225 2096 1543 2145 Croesumquejiiffir
1563 2110 1666 2141 quain
1684 2100 1745 2144 pri-
1761 2092 1895 2142 5⁶¹'†'*‘⁰''²³

989 2147 1083 2182 nium
1101 2147 1254 2181 mulctari
1271 2159 1397 2182 morte:
1418 2148 1632 2195 praevidentes
1651 2148 1748 2180 mini·
1766 2137 1842 2156 ’Ἀπ’

988 2198 1041 2231 stri
1064 2200 1191 2246 Regem
1222 2208 1296 2230 utut
1317 2199 1351 2229 in
1378 2196 1546 2244 praesentia
1567 2195 1749 2234 furentem,

989 2260 1067 2281 mox
1083 2248 1170 2293 Crajfi
1182 2248 1306 2280 tactum
1319 2247 1356 2280 iri
1370 2245 1531 2281 desiderio
1545 2271 1554 2287 ‚
1571 2248 1678 2294 virum
1689 2245 1747 2281 ali-

988 2308 1075 2344 quot
1088 2298 1153 2330 dies
1171 2299 1366 2335 occultant,
1385 2297 1498 2330 donec
1517 2297 1619 2344 Regis
1641 2293 1748 2330 defer-

989 2344 1132 2381 vesceret
1144 2347 1191 2380 ira
1206 2361 1215 2386 ,-
1234 2345 1430 2393 posteacum
1441 2345 1651 2380 observarent
1664 2344 1748 2389 Croest

990 2407 1133 2430 mortem
1145 2393 1368 2429 molestiffime
1381 2394 1464 2429 ferre
1474 2421 1484 2435 ,
1504 2397 1699 2428 renunciant
1711 2405 1746 2425 ιιι

989 2446 1070 2478 vivis
1082 2443 1191 2478 adhuc
1201 2443 1273 2478 effe:
1285 2444 1378 2478 illum
1392 2445 1528 2490 quidem
1541 2444 1613 2476 Rex
1626 2443 1746 2488 accipit

989 2496 1020 2527 in
1033 2493 1172 2541 pristinae
1193 2495 1308 2527 locum
1321 2496 1431 2541 gratiae
1443 2504 1565 2540 niagno
1576 2504 1649 2525 cum
1663 2502 1747 2537 gau-

989 2542 1117 2582 dio,sed
1130 2542 1293 2575 ministros
1304 2544 1360 2585 qui
1372 2540 1562 2580 servastem,
1577 2539 1672 2586 spreti
1684 2542 1748 2574 im-

990 2593 1071 2638 perii
1085 2592 1209 2623 crimen
1221 2589 1430 2632 mortejubet
1443 2589 1542 2622 luere-

1039 2640 1162 2674 Noluit
1174 2649 1304 2672 tantum
1318 2640 1351 2670 in
1364 2638 1518 2672 homines
1527 2637 1677 2688 Cambyses
1691 2636 1746 2672 fu-
1766 2655 1796 2680 la
1807 2652 1891 2686 AENJ,

991 2701 1062 2722 rere
1075 2713 1084 2729 ‚
1104 2686 1218 2721 invasit
1235 2686 1341 2721 libido
1353 2690 1458 2721 virum
1471 2686 1617 2722 violandi
1632 2690 1746 2723 Deos:
1762 2678 1872 2732 piiortfrssz

996 2738 1230 2785 AEgyptiorum
1243 2736 1395 2784 ingressus
1406 2736 1746 2785 templa,omiiiapro-
1766 2738 1882 2781 Deosfu·

992 2787 1118 2822 fanavit
1141 2783 1225 2820 sacra
1247 2804 1256 2826 3
1283 2788 1425 2833 proximi
1439 2789 1539 2835 Regis
1554 2786 1745 2832 Amasti-soli·
1764 2785 1796 2804 m

994 2848 1064 2870 tum
1087 2837 1223 2870 cadaver
1249 2836 1381 2870 aciculis
1408 2839 1510 2883 pungi
1529 2862 1537 2874 ‚
1560 2837 1635 2871 lotis
1656 2837 1748 2874 caedi',

996 2887 1157 2932 omnique
1176 2883 1264 2930 juffit
1283 2888 1389 2932 excipi
1416 2885 1615 2920 contumelia
1632 2910 1641 2924 ,
1666 2888 1746 2922 dum

996 2935 1133 2968 tandem
1146 2933 1289 2968 flammis
1299 2936 1461 2983 redegisset
1475 2938 1506 2967 in
1520 2936 1656 2969 cineres.

1043 2985 1203 3032 AEgyptiis
1216 2983 1296 3017 olim
1312 2987 1443 3018 maximi
1460 2987 1519 3018 Dei
1532 2985 1607 3018 loco
1620 2995 1687 3018 erat
1699 2985 1749 3018 vi·-

998 3032 1085 3067 tulus
1096 3046 1195 3079 quem
1208 3036 1429 3067 nominabant
1441 3037 1535 3081 Apim.-
1545 3033 1629 3068 liunc
1642 3034 1749 3068 voluit

999 3083 1110 3117 videre
1124 3084 1282 3129 Cambyses,
1295 3094 1330 3117 ut
1342 3085 1437 3123 vidit,
1447 3081 1617 3118 confestim
1629 3083 1750 3119 insiluit

1000 3135 1032 3165 in
1048 3145 1204 3180 magnum
1221 3135 1333 3166 Deum
1347 3135 1539 3176 trajesturus
1555 3135 1662 3179 gladio
1674 3146 1753 3167 veii-

1002 3194 1082 3217 trem
1095 3210 1102 3222 ‚
1121 3180 1177 3217 scd
1187 3181 1358 3220 aberrante
1367 3184 1442 3218 jc'tu
1455 3208 1465 3226 ,
1481 3185 1604 3218 tastum
1621 3182 1748 3218 tantum

1314 3232 1348 3265 0
1383 3246 1397 3279 3
1704 3232 1749 3264 est
