2048 3343
70 469 215 497 Heruli'adu

71 509 173 536 ambulo
183 511 216 542 (ἦ,

69 550 171 576 tnvm'm
194 551 218 585 se

24 625 27 628 y
70 588 218 626 maritumq}

71 631 195 665 Anapum

68 668 154 704 perdit.

227 87 247 123 8
585 78 994 119 OpertrsH

228 158 349 189 rioncm
369 152 485 200 rogavit
497 176 506 191 ,
526 162 559 187 ut
573 152 664 199 quam
678 151 775 199 posset
787 150 922 198 benigne
938 151 983 185 A-

230 205 367 252 grippum
378 201 552 235 custodiret.
592 203 638 235 Ut
662 202 805 249 expiravit
827 200 984 236 Tiberius,

230 255 325 295 Cajus
341 252 483 298 Agrippae
491 248 620 284 ferream
632 251 808 285 catenat-nin
824 261 944 284 auream
954 261 986 283 e-

229 301 345 347 jusdem
364 300 509 346 ponderis
536 301 684 340 mutavit,
720 305 751 335 &
771 301 849 334 inter
867 300 986 346 primos

230 349 423 385 familiarium
436 348 543 383 habuit
562 374 571 389 ‚
600 348 782 384 Tetrarchifi
794 349 923 397 Philippi
935 360 987 395 pa-

231 401 290 433 trui
303 398 357 444 ipsi
370 398 482 432 donat&
496 423 505 437 ‚
531 400 589 433 unzi
602 412 671 433 curn
684 400 772 446 regio
786 399 965 433 diademate.

277 452 414 496 Agrippa
451 445 539 482 soror
576 454 639 483 erat
669 449 826 482 Herodias
860 448 988 493 Philippi

233 510 320 531 uxor.
358 497 503 531 Herodes
516 497 686 533 Tetrarclia
704 511 832 531 uxorem
856 495 989 530 habebat

233 546 327 581 filiam
349 550 446 579 Areia
460 547 557 594 Regis
571 546 713 580 Arabum
722 561 732 588 3
757 545 806 580 sed
819 547 849 579 in
862 544 991 590 Philippi

234 595 332 630 fratris
346 597 445 630 domo
459 608 528 630 cum
544 597 724 630 Herodiade
743 593 833 640 nepte.
849 591 899 626 sua
916 603 991 625 con-

235 644 352 682 versans
364 644 510 680 secretum
525 658 595 679 cum
608 646 644 679 ea
656 645 762 690 paetus
776 641 819 676 cst
832 641 993 676 matrimo-

1023 90 1397 117 ISTORICI

1021 149 1064 183 dis
1082 148 1161 197 apud
1181 147 1209 184 se
1229 149 1360 184 educato
1377 149 1500 185 volebat
1517 151 1619 187 statiffi
1640 151 1781 198 Claudius

1021 210 1181 247 paternum
1207 200 1354 248 Regnum
1373 199 1509 234 tribucre
1520 224 1530 240 ,
1562 199 1612 236 sed
1630 202 1646 236 a
1665 203 1783 237 libertis

1022 247 1172 288 dissuasus,
1191 249 1236 288 id,
1249 260 1282 283 ut
1290 250 1389 297 prius,
1403 250 1572 284 Provinciae
1584 253 1669 298 Syria
1677 252 1783 296 adjun-

1022 299 1065 333 xit
1078 323 1087 338 ,
1108 303 1139 333 &
1153 311 1207 345 per
1219 309 1434 346 procuratores
1453 298 1678 335 administravit.
1705 300 1786 334 lsto-

1023 360 1091 381 rum
1105 359 1167 381 tam
1174 349 1296 382 crudele
1309 349 1520 396 gubernamen
1528 359 1601 388 erat,
1615 359 1648 383 ut
1660 347 1787 396 oppres-

1025 396 1086 429 sum
1096 397 1252 443 popellum
1264 397 1420 445 adegerint
1429 399 1465 433 ad
1473 411 1623 445 arma‚per
1633 412 1700 446 quae
1708 399 1789 432 mul-

1024 456 1071 479 tus
1087 446 1241 480 Romanis
1249 447 1347 486 labor,
1359 445 1407 481 sed
1414 459 1548 491 extrema
1555 447 1669 494 Judaeis
1677 448 1789 488 clades,

1027 505 1118 540 atque
1137 494 1246 529 durans
1262 496 1292 528 in
1307 495 1390 529 hunc
1404 497 1486 531 diem
1507 497 1608 531 multo
1622 496 1789 535 miserrima

1029 541 1177 577 desolatio
1190 555 1352 591 procurata
1365 545 1419 579 est.
1451 547 1496 581 Ut
1509 545 1562 580 ista
1575 546 1719 592 expedito
1732 545 1788 580 filo

1029 593 1181 627 tradamus
1195 591 1313 638 Claudii
1322 595 1504 641 Neronisque
1514 607 1562 630 res
1569 594 1652 642 prius
1659 594 1725 630 sunt
1739 607 1790 630 ex-

1031 643 1188 690 plicandae.

238 696 325 729 nium
339 720 349 735 ‚
375 695 460 741 quod
474 705 506 728 ut
524 693 674 740 praeslaret
686 716 695 730 ‚
722 692 811 726 uxori
826 692 923 738 priori
937 690 993 724 mi-

239 745 274 779 fit
293 745 463 791 repudium.
489 743 645 775 Herodias
657 740 721 775 haec
734 737 792 774 fuit
804 753 872 788 quae
888 739 996 787 Joanm*

238 794 367 843 Baptista
377 792 563 838 comparavit
576 790 718 824 exitium:
741 788 791 824 sed
802 801 869 823 non
876 790 926 822 diu
935 799 994 822 tar-

1080 692 1227 727 Claudius
1240 693 1332 728 initio
1345 693 1440 728 multa
1452 693 1482 727 in
1496 693 1634 741 Reipub.
1648 706 1795 730 commo·
1816 708 1921 738 claudii

1035 741 1108 775 dum
1127 742 1212 788 gessit
1225 766 1236 782 ,
1260 741 1308 777 sed
1328 742 1468 790 singulari
1485 742 1660 791 stupiditate
1678 743 1795 792 ingenii
1809 749 1959 787 stupiditate

1034 790 1225 837 deprehensa
1237 792 1268 825 in
1281 802 1496 839 contemptum
1504 806 1578 828 mox
1591 794 1733 829 omnium
1743 794 1796 828 de-
1817 787 1952 828 Messali'na

238 843 318 877 davit
330 842 462 875 numinis
479 840 612 873 vindieta
626 853 635 880 ;
661 851 732 873 narn
746 843 857 873 Aretaa·
870 837 914 872 ob
928 837 997 872 filiae

238 893 379 936 injuriam
401 888 514 923 bellum
529 889 779 928 Herodimovit,
801 886 924 935 ejusque
941 900 999 921 co-

239 943 302 990 pias
326 939 538 976 internecione
558 939 697 980 delevit3
732 937 878 974 Herodias
907 937 997 971 etiam

239 988 409 1037 conspe&o
427 988 551 1022 fratrem
565 990 734 1036 Agrippam
751 1001 789 1022 ex
801 986 910 1021 itinere
927 987 998 1021 Ro-

240 1053 335 1074 mano
354 1039 499 1085 adeptum
517 1037 636 1085 regium
650 1037 806 1072 honorem
821 1051 831 1077 ;
857 1036 923 1071 dies
939 1048 998 1070 no-

242 1087 366 1136 stesque
379 1089 520 1122 maritum
534 1087 710 1134 impellebat
723 1097 755 1122 ut
768 1096 945 1135 properaret
962 1085 1000 1119 ad

241 1141 464 1185 Imperatorem
477 1161 486 1176 ,
513 1137 596 1171 idem
616 1134 769 1184 fastigium
785 1135 1000 1183 postulaturus.

242 1191 380 1237 Agrippa
393 1198 425 1221 ut
439 1185 582 1221 invidiam
601 1185 716 1220 sororis
732 1186 1000 1232 ambitionemque

243 1236 399 1272 frustraret
415 1260 426 1276 ,
452 1233 566 1282 scripsit
583 1236 620 1270 ad
633 1234 740 1284 sajum
760 1246 792 1270 ut
810 1246 927 1269 caveret
946 1233 1001 1268 sibi

244 1287 283 1321 ab
298 1286 446 1323 Herode,
457 1297 534 1318 nam
547 1283 643 1332 ipsum
664 1297 735 1319 cum
753 1284 912 1318 Artabano
924 1286 1002 1318 Par-

244 1336 292 1369 tho
305 1333 538 1382 perfamiliarem
552 1338 639 1369 &tot
651 1333 738 1368 domi
753 1347 835 1368 arma
848 1333 1002 1368 occultare

246 1396 329 1433 quot
348 1383 535 1432 septuaginta
559 1384 695 1418 millibus
713 1384 864 1419 armandis
882 1381 1002 1417 suffice-

245 1445 326 1469 rent.
349 1434 550 1482 Interrogavit
566 1436 654 1481 Casus
668 1434 832 1469 Herodem
846 1434 884 1468 de
897 1434 1002 1470 armis,

246 1488 280 1518 δέ
300 1482 504 1517 confitentem
529 1481 632 1517 statim
654 1483 799 1531 relegavit
820 1484 1004 1533 Lugdunum

245 1532 358 1566 Galliae
371 1532 401 1565 in
414 1532 538 1567 exilium
552 1556 561 1570 ,
587 1533 676 1566 uxori
690 1532 766 1567 vero
779 1534 850 1581 quia
868 1536 1004 1584 Agrippa

246 1580 334 1616 soror
346 1578 393 1614 sua
407 1581 520 1615 obtulit
533 1581 616 1615 bona
628 1605 637 1618 ‚
664 1581 685 1615 fi
696 1582 785 1617 vellet
798 1584 940 1618 maritum
954 1596 1003 1618 re-

246 1631 385 1678 linquere
402 1655 412 1670 ,
439 1628 487 1664 sed
500 1643 570 1665 cum
583 1630 630 1665 illa
644 1629 728 1680 sequi
739 1630 769 1666 se
777 1633 854 1668 velle
866 1634 922 1667 viri
935 1631 1002 1668 for-

248 1691 353 1715 tunam
372 1679 488 1714 dixisset
500 1705 509 1720 ,
537 1684 628 1727 Casus
646 1693 714 1716 eam
739 1694 867 1731 quoque
887 1683 1004 1730 relega-

209 1748 212 1751 -
248 1731 305 1770 vit,
324 1729 447 1777 ejusque
461 1731 552 1765 etiam
566 1730 651 1766 bona
661 1733 797 1787 Agrippa
810 1732 935 1766 addixit.

85 1798 139 1823 Rex
146 1794 237 1831 Agrip-

296 1779 353 1814 Ob
372 1793 480 1828 magna
504 1779 569 1815 haec
588 1780 738 1816 beneficia
756 1782 847 1816 rediit
866 1783 1005 1818 Romam

83 1842 117 1873 pa
125 1832 239 1870 magnfi-
253 1830 389 1877 Agrippa
409 1831 600 1877 Cajotgratias
614 1832 735 1866 acturus
748 1856 758 1872 ,
785 1831 834 1865 sed
846 1832 893 1866 vix
908 1832 948 1866 eo
956 1846 1006 1868 ve-

85 1873 234 1910 cemiffinnu

81 1913 131 1950 sud
139 1917 217 1942 vani-

89 1962 141 1982 tate
146 1957 218 1992 perit.

253 1889 339 1913 ncrat
355 1891 426 1912 cum
440 1877 558 1926 Cujusa
576 1877 688 1923 Chaerea
699 1881 737 1915 de
755 1881 861 1916 medio
878 1880 1009 1918 sublatus

255 1928 308 1963 est.
338 1928 455 1963 utilem
470 1929 605 1976 Agrippa
617 1942 744 1977 operam
758 1932 840 1968 tulit,
857 1943 890 1966 ut
903 1944 1010 1967 nutan-

252 1989 315 2012 tem
341 1975 459 2022 Claudii
482 1989 619 2013 mentem
646 1981 682 2014 ad
707 1978 887 2016 sumendum
910 1982 1009 2030 impe-

252 2029 332 2062 rium
350 2026 507 2068 firmaret,
545 2027 598 2062 etli
619 2041 683 2063 non
697 2040 809 2064 tantam
823 2056 833 2071 ‚
864 2043 1010 2080 quantam

253 2076 384 2122 Iosephiu
408 2077 498 2111 nimis
530 2078 695 2125 magnifice
730 2081 872 2125 praedicat
903 2094 1010 2117 contra

254 2127 368 2160 ‘Dionis
380 2130 411 2161 &
428 2129 560 2160 Suetonii
573 2128 677 2162 fidem.
715 2130 862 2165 Omnino
875 2131 1010 2179 displicet

254 2178 377 2209 Baronii
391 2179 422 2209 &
435 2177 550 2208 Saliani
558 2178 651 2210 nimia
664 2179 825 2214 morofitas
839 2205 849 2220 ,
861 2183 922 2228 qua
936 2181 1011 2229 saepe

255 2224 348 2271 gratis
357 2224 390 2256 in
404 2223 552 2272 Iosephum
563 2226 748 2260 invehuntur
760 2241 768 2261 z
783 2228 833 2262 hic
846 2241 948 2263 tamen
967 2234 1010 2263 Io-

249 2272 334 2320 fiphi
349 2273 604 2307 inadvertentiam
622 2274 752 2308 admitto
767 2299 777 2314 ,
802 2277 855 2323 qui
875 2278 907 2310 in
925 2276 1011 2324 supra

254 2322 347 2355 dietis
360 2334 425 2355 non
437 2321 555 2356 tantum
570 2323 633 2356 aliis
646 2347 656 2362 ,
681 2321 730 2357 sed
744 2323 798 2358 fibi
812 2326 903 2359 etiam
911 2327 1010 2362 adver-

253 2369 308 2405 sari
328 2370 447 2405 videtur
463 2395 473 2410 ,
508 2372 593 2406 aliter
616 2372 648 2406 in
675 2374 830 2421 Antiquit.
851 2387 902 2410 20.
920 2375 1011 2425 quam

256 2433 283 2454 2.
297 2420 370 2454 bell.
383 2419 438 2454 ista
449 2421 579 2455 tradens.
743 2460 751 2466 ,

302 2472 472 2517 Utcunque
489 2494 500 2510 ,
523 2470 665 2506 Claudius
683 2471 795 2508 officiis
816 2475 961 2523 Agrippae
975 2476 1016 2511 ita

257 2519 397 2553 delinitus
416 2519 459 2553 est
473 2543 482 2558 ,
510 2530 543 2553 ut
561 2533 626 2554 non
649 2521 769 2556 tantum
790 2523 907 2568 jusserit
924 2525 1015 2573 poffi-

258 2569 329 2602 dere
353 2567 568 2604 Ten-archiam
594 2571 720 2605 Herodis
738 2575 770 2606 δε
788 2572 940 2623 Philippi,
965 2573 1016 2610 sed

259 2619 287 2650 ei
301 2619 389 2652 etiam
403 2629 505 2652 totum
521 2620 568 2653 avi
582 2621 729 2668 Regnum
747 2622 945 2664 concesserit,
963 2624 1015 2659 ad-

259 2667 333 2700 dens
344 2668 483 2703 limeum,
497 2671 672 2702 Samariam
686 2674 718 2704 δι
731 2670 903 2707 Idumam.
933 2674 1016 2707 Tam

262 2716 416 2762 insigniter
428 2719 533 2752 auelus
548 2719 684 2766 Agrippa
696 2719 824 2754 domum
838 2721 944 2761 rediit,
963 2722 1018 2757 ubi

264 2764 365 2811 Juilais
382 2767 493 2801 eximie
511 2765 603 2808 favit3
630 2770 696 2812 ejus
716 2769 952 2816 magnificentiae
969 2784 1018 2806 re-

265 2815 358 2853 ditus,
378 2829 457 2862 quos
470 2816 602 2852 habebat
616 2818 788 2858 maximos,
814 2831 880 2853 non
892 2818 1017 2856 suffece-

266 2875 356 2902 runt,
381 2864 429 2899 sed
441 2867 527 2911 quod
545 2868 644 2901 virum
662 2867 813 2914 perdidit,
840 2880 902 2904 erat
919 2869 1018 2917 perse-

267 2913 350 2945 cutio
364 2915 503 2949 Ecclesia:
516 2940 526 2954 ,
552 2916 807 2965 Iacobumlgladio
820 2921 939 2953 necavit
949 2945 960 2959 ,
986 2924 1017 2955 δε

268 2964 389 2995 Petrum
406 2965 530 2998 vinculis
544 2965 748 3006 constrinxit,
767 2978 800 3001 ut
820 2967 890 3014 post
909 2967 1017 3003 Pascha

265 3010 443 3056 Judaeorum
463 3011 560 3049 furori
579 3016 747 3057 mactaret3
774 3017 841 3051 imo
859 3018 933 3053 vero
947 3019 1017 3053 Ca:-

271 3057 355 3112 sareae
373 3060 483 3094 divinas
501 3063 600 3098 laudes
614 3065 651 3098 ab
669 3065 808 3101 adulante
826 3068 947 3115 populo
966 3068 1017 3103 ad-

271 3117 394 3161 mittens
413 3108 571 3145 horrendis
587 3118 616 3147 δι
632 3114 790 3150 lethalibus
802 3115 948 3155 viscerum
961 3118 1018 3153 do-

271 3155 388 3190 loribus
403 3156 440 3190 ab
455 3160 577 3206 Angelo
590 3163 740 3209 perculsus
753 3164 804 3201 est.
830 3168 910 3205 Filio
922 3169 1019 3206 Hero-

1035 839 1132 874 venit:
1148 838 1362 874 &libertorum
1379 843 1526 885 Narciffi‚
1540 844 1698 884 Pallantis,
1712 844 1794 891 Poly-

1037 888 1093 924 bii,
1104 892 1134 923 &
1145 888 1276 923 aliorum
1290 889 1417 924 libidine
1425 900 1509 925 totus
1516 892 1679 938 pendebat.
1705 894 1798 928 Uxor

1038 937 1196 972 Messalina
1226 938 1389 973 mulierum
1416 952 1484 986 quae
1515 952 1652 987 unquam
1675 939 1800 977 fuerunt

1038 986 1235 1035 spurcissima,
1261 987 1351 1035 ipsius
1365 986 1532 1036 stupiditati
1546 989 1682 1037 eousque
1696 991 1802 1026 illude-

1039 1038 1102 1082 bat,
1115 1048 1148 1072 ut
1163 1037 1311 1072 Palatium
1325 1038 1356 1072 in
1370 1038 1493 1086 lupanar
1505 1049 1715 1079 converteret,
1726 1039 1804 1074 urbe

1039 1091 1068 1121 &
1079 1086 1157 1120 orbe
1166 1085 1183 1120 s
1177 1086 1370 1134 perflantibus
1381 1100 1443 1122 uno
1451 1089 1587 1123 Claudio
1594 1101 1660 1123 non
1667 1089 1805 1124 vidente.

1041 1135 1125 1170 etun
1153 1148 1261 1183 praeter
1280 1137 1463 1172 innumeros
1493 1139 1647 1173 adulteros
1673 1139 1806 1173 ambiret

1040 1184 1210 1220 saltatorem
1226 1186 1423 1231 Mnesterem,
1444 1190 1476 1222 &
1491 1189 1515 1221 is
1525 1201 1560 1222 ex
1569 1189 1684 1223 timore
1693 1200 1806 1223 renue-

1040 1246 1103 1274 ret,
1119 1234 1179 1282 ipse
1196 1236 1342 1270 Claudius
1356 1237 1384 1271 ei
1397 1238 1577 1285 imperavit,
1592 1249 1625 1272 ut
1638 1237 1806 1272 Messalinae

1041 1285 1072 1318 in
1085 1284 1232 1319 omnibus
1240 1297 1359 1333 gereret
1371 1299 1506 1321 morem.
1531 1286 1583 1321 Eo
1593 1286 1671 1322 vero
1683 1286 1807 1321 tandem

1041 1335 1176 1373 immane
1194 1333 1332 1370 scortum
1346 1335 1467 1371 devenit
1487 1334 1621 1376 insaniae,
1646 1347 1680 1371 ut
1693 1334 1760 1370 ausa
1772 1334 1809 1370 fit

1040 1385 1112 1417 Silio
1120 1383 1328 1431 pulcherrimo
1340 1386 1441 1430 juveni
1449 1383 1603 1420 senatorio
1615 1385 1740 1433 publice
1750 1397 1809 1419 nu-

1042 1434 1114 1468 bere
1130 1447 1138 1468 :
1164 1443 1230 1468 tum
1246 1434 1349 1467 liberti
1363 1434 1420 1468 fibi
1433 1433 1504 1480 ipsis
1520 1446 1693 1469 metuentes
1707 1447 1747 1469 ne
1758 1437 1809 1467 Si-

1040 1485 1097 1517 lius
1110 1481 1214 1517 occiso
1235 1482 1370 1517 Claudio
1384 1492 1549 1529 occuparet
1564 1483 1746 1529 imperium„
1765 1483 1808 1516 ti—

1041 1544 1164 1567 morem
1185 1531 1321 1566 Claudio
1340 1532 1512 1578 injecerunt
1534 1532 1646 1567 mortis
1664 1530 1680 1565 a
1695 1530 1809 1566 Meffa-

1040 1584 1116 1622 lina,
1137 1586 1167 1617 &
1181 1582 1336 1626 Narczffus
1344 1605 1354 1622 ,
1368 1581 1522 1626 adjunffls
1535 1580 1592 1616 fibi
1605 1580 1807 1628 praetorianis,

1041 1631 1232 1667 Messalinam
1244 1643 1279 1665 ac
1285 1633 1395 1665 Silium
1408 1628 1583 1680 multosque
1594 1631 1670 1667 alios
1680 1630 1804 1666 nobiles

1042 1683 1196 1716 adulteros
1209 1681 1278 1715 neci
1291 1681 1386 1717 dedit.

1043 1780 1209 1817 Messalinae
1221 1782 1297 1818 loco
1311 1781 1435 1816 Claudio
1447 1784 1615 1831 conjugem
1624 1782 1745 1823 darent,
1759 1783 1806 1815 A-

1044 1832 1182 1880 grippina
1193 1832 1297 1867 minor
1306 1835 1480 1867 Germanici
1487 1831 1560 1872 filia,
1572 1835 1705 1867 Domitii
1716 1832 1806 1867 vidua

1045 1881 1101 1916 suis
1109 1881 1264 1916 blanditiis
1277 1893 1417 1930 patruum
1425 1881 1528 1929 primo
1537 1882 1567 1915 in
1578 1880 1727 1930 stuprum,
1735 1880 1806 1928 post

1045 1933 1076 1966 in
1089 1932 1208 1978 nuptias
1221 1932 1354 1979 pellexit.
1387 1929 1551 1979 Imperiosa
1563 1930 1628 1966 haec
1642 1931 1752 1965 mulier
1764 1929 1811 1965 su-

1044 1981 1152 2030 perbia
1164 2005 1174 2020 ‚
1200 1982 1378 2016 crudelitate
1390 2006 1400 2021 ‚
1420 1986 1452 2017 &
1465 1981 1588 2017 avaritia
1599 2005 1610 2020 ‚
1635 1979 1810 2027 eaeterisque

1045 2032 1125 2066 vitiis
1139 2030 1297 2065 Messalina
1310 2029 1338 2064 se
1350 2030 1568 2078 dispefflorem
1583 2029 1682 2065 statim
1695 2029 1811 2076 praesti-

1045 2083 1098 2116 tit:
1120 2080 1285 2115 stoliditate
1305 2078 1425 2125 [laudii
1437 2081 1474 2115 ad
1488 2080 1658 2115 multorum
1671 2079 1810 2114 virorum

1046 2131 1209 2178 insignium
1223 2131 1318 2165 caedes
1333 2128 1420 2164 abusa
1429 2128 1484 2164 est.

1094 2179 1242 2214 Habebat
1255 2191 1290 2213 ex
1299 2177 1456 2212 Messalina
1469 2174 1610 2221 Claudius
1622 2175 1719 2211 filium
1733 2178 1812 2209 ‘Bri-

1046 2232 1202 2261 tannicum
1214 2226 1379 2260 mediocris
1394 2224 1454 2273 spei
1466 2225 1708 2266 adolescentem,
1724 2229 1755 2260 &
1771 2224 1812 2259 fi-

1048 2277 1118 2309 liam
1132 2276 1298 2308 Oilaviam
1310 2290 1321 2307 .·
1347 2275 1519 2322 Agrippina
1530 2274 1606 2309 vero
1621 2286 1657 2308 ex
1671 2277 1811 2308 Domitio

1049 2324 1160 2359 marito
1172 2327 1348 2359 Domitium
1363 2338 1374 2356 .·
1398 2323 1480 2358 hunc
1494 2324 1543 2357 illa
1563 2321 1706 2371 persuasit
1720 2325 1812 2357 Clau-

1049 2375 1095 2408 dio
1108 2398 1118 2414 ‚
1137 2384 1171 2407 ut
1184 2373 1342 2421 adoptaret
1355 2398 1365 2414 ‚
1395 2377 1428 2408 ἃ
1441 2372 1590 2421 adoptato
1603 2372 1699 2422 filiam
1713 2373 1813 2407 trade-

1050 2436 1098 2459 ret
1112 2424 1143 2457 in
1156 2436 1296 2458 uxorem.
1324 2422 1486 2471 Pepulerat
1499 2422 1588 2471 cajus
1600 2424 1748 2456 Annaeum
1762 2425 1817 2468 Se-¹

1050 2486 1155 2509 necam
1167 2473 1198 2507 in
1206 2473 1343 2513 exilium,
1358 2472 1441 2508 hunc
1453 2473 1610 2509 revocavit
1623 2473 1810 2520 Agrippina,

1052 2526 1141 2573 eique
1159 2523 1259 2558 filium
1277 2525 1451 2558 Domitium
1463 2524 1526 2568 jam
1538 2524 1709 2561 Neronem,
1732 2522 1811 2556 ado-

1052 2584 1168 2622 ptatum
1177 2571 1327 2608 scilicetin
1337 2574 1493 2607 Neronum
1506 2570 1662 2608 familiam,
1675 2571 1706 2604 in
1720 2569 1812 2605 disci-

1052 2625 1165 2673 plinam
1184 2621 1306 2657 tradidit
1317 2646 1327 2662 ‚
1346 2622 1498 2669 omnique
1516 2619 1664 2657 industria
1676 2618 1737 2654 nisa
1749 2618 1812 2660 est,

1054 2685 1087 2707 ut
1106 2671 1239 2718 seposito
1251 2674 1428 2705 Britannico
1441 2671 1473 2704 in
1485 2671 1652 2718 Imperium
1671 2668 1812 2704 succede-

1055 2732 1111 2756 ret.
1129 2724 1284 2756 Domitius
1291 2723 1508 2754 Britannicum
1515 2721 1598 2755 annis
1605 2719 1722 2754 tantum
1731 2719 1812 2752 duo-

1056 2772 1113 2805 bus
1124 2769 1280 2818 superabat
1292 2794 1303 2810 ,
1328 2768 1386 2805 suis
1398 2780 1501 2805 tamen
1513 2769 1627 2804 artibus
1639 2767 1811 2814 Agrippina

1056 2822 1097 2855 ita
1117 2823 1298 2855 ‘Domitium
1314 2819 1462 2854 exaltabat
1479 2832 1513 2854 ac
1530 2819 1739 2853 Britannicum
1757 2815 1812 2850 de-

1057 2870 1228 2917 primebat,
1253 2880 1286 2904 ut
1298 2870 1330 2902 in
1342 2870 1428 2903 illum
1446 2879 1573 2903 omnes,
1598 2877 1663 2899 non
1676 2864 1759 2899 hunc
1772 2878 1812 2899 0-

1056 2920 1142 2953 culos
1155 2919 1346 2963 conjicerent
1359 2933 1367 2952 :
1386 2916 1514 2964 quoque
1526 2913 1657 2963 securius
1667 2913 1812 2949 destinata

1057 2967 1217 3016 perficeret
1229 2991 1238 3006 ,
1265 2964 1481 3001 Praefetfturam
1499 2964 1629 2999 Praetori
1642 2967 1738 2998 Burro
1751 2975 1813 2998 tra-

1057 3018 1134 3053 didit
1145 3042 1155 3057 ,
1182 3021 1214 3052 &
1225 3017 1354 3050 Pallanti
1365 3015 1549 3050 libertorum
1562 3014 1679 3049 Claudii
1690 3013 1799 3062 gratiss
1800 3032 1813 3039 -

1058 3081 1113 3103 mo
1126 3064 1247 3114 seipsam
1261 3064 1427 3113 prostituit.

1106 3115 1272 3164 Qrciffus
1289 3114 1353 3149 haec
1374 3113 1631 3154 animadvertens,
1644 3113 1813 3148 Britannici

1058 3164 1206 3210 mileum,
1219 3164 1311 3214 patris
1324 3166 1433 3205 ineum
1445 3176 1582 3202 amorem
1590 3164 1719 3200 excitare
1730 3172 1816 3243 plima

1735 3217 1739 3223 ·
1775 3217 1814 3249 at.

1816 831 1962 858 immaniter

1818 869 1941 898 abutitur.

1090 1733 1180 1766 Dum
1205 1731 1286 1766 inter
1304 1729 1333 1767 se
1358 1741 1509 1767 certarent
1527 1726 1632 1767 liberti
1656 1743 1749 1781 quam
1773 1730 1805 1766 in
1819 1736 1965 1776 Agrippina
2005 1723 2021 1742 ζ’

1818 1776 1927 1815 Mustiu-

1819 1817 1958 1855 namstele-

1819 1858 1888 1886 ribm
1896 1856 1953 1896 affi-
