2048 3343
60 2483 155 2507 Contra
168 2485 210 2516 po-

53 2520 182 2556 steriorem
190 2529 212 2546 e-

55 2569 99 2596 jus
107 2558 205 2595 simen-

60 2601 124 2627 n'am
131 2609 183 2637 arg.
194 2612 203 2628 1
210 2622 215 2628 .

449 116 528 144 ετ
593 101 1226 142 CHRONOLOG1C1’

215 181 347 217 modum
370 190 436 226 quo
457 176 560 211 esther
575 174 638 209 filia
654 173 844 208 Mardocha·
854 171 952 205 fuerat
964 195 972 210 ‚

214 231 328 266 scilicet
341 230 405 273 ejus
418 224 604 262 consobrina
617 238 653 260 ex
666 234 777 272 patruo
791 246 803 263 ‚
821 231 914 269 quam
926 220 976 255 ille

215 278 328 315 affeetu
342 289 471 325 paterno
484 275 642 311 educabat.

267 332 424 379 Qartum
444 334 660 373 argumentum
679 319 868 368 Spanhemii.
899 319 978 353 Vul-

216 381 280 428 gari
293 378 434 413 sermone
447 374 580 423 quilibet
591 383 687 419 gener
699 370 811 404 dicitur
826 365 923 402 soceri
940 366 977 402 fi-

215 433 285 465 lius.
300 430 389 475 Ergo
398 427 476 460 Luc.
491 437 514 470 3.
529 435 570 468 23.
586 421 638 469 qui
651 419 761 454 dicitur
774 421 817 453 Eli
829 417 908 453 filius
921 414 978 452 fuit

216 482 282 526 ejus
293 488 397 526 gener.
422 472 518 521 Resp.
531 474 646 519 Aperta
662 469 707 504 est
724 467 976 516 inconsequentia

216 531 233 565 a
246 524 479 577 particularibus
493 523 529 557 ad
543 520 732 569 particulare.
765 522 800 553 In
821 519 977 566 Scriptura

215 577 379 627 appellatio
393 573 449 608 filii
461 572 535 621 saepe
551 571 650 606 oritur
665 569 704 603 ab
719 567 849 608 affeetu,
863 569 918 616 qui
931 567 976 602 est

216 640 268 663 aut
281 625 339 662 esse
353 625 445 661 debet
458 622 583 668 majoris
598 621 629 654 in
642 620 798 653 minorem
807 643 816 658 ,
833 619 872 652 ita
882 617 976 666 loseph

217 680 439 724 Denjaminum
457 683 548 708 vocat
563 669 646 704 suum
660 668 776 708 filium,
791 679 823 702 ut
831 668 922 701 etiam
932 670 974 699 lo-

217 727 292 761 shua
306 726 464 760 Achanem
472 747 479 760 ‚
499 719 651 757 &David
661 716 688 752 se
700 728 792 753 vocat
803 715 931 751 Nabalia
939 715 975 750 fi-

218 779 312 817 lium,
334 789 367 810 ac
381 772 606 821 Prophetarum
620 766 757 815 discipuli
773 765 848 814 saepe
864 779 975 801 eorum

217 828 274 863 filii
289 835 444 862 vocantur.
479 822 566 855 Num
581 831 658 866 ergo
672 818 719 853 vel
734 817 883 853 naturales
896 815 952 850 filii
965 840 976 856 ,

218 878 264 915 vel
278 875 401 925 generi,
417 872 466 907 vel
478 881 608 917 nepotes
622 878 707 902 erant
721 871 732 900 ὲ

268 926 436 977 Qintuin.
450 920 614 956 Matthaeus
622 918 695 951 dicit
707 915 844 949 Iacobum
857 912 976 963 genuis-

219 975 249 1012 se
263 975 424 1025 Iosephum.
451 974 548 1005 Lucas
568 979 669 1002 autem
689 979 753 1000 non
776 965 850 999 dicit
863 967 906 999 eli
923 976 976 1011 ge-

217 1026 313 1062 nuiffe
328 1023 496 1073 Ioftphum,
511 1019 560 1053 sed
574 1017 723 1066 Ioftphum
737 1014 821 1048 fuisse
836 1013 934 1048 filium
945 1015 975 1047 8-

218 1081 251 1114 li.
277 1073 369 1122 Resp.
396 1071 484 1108 Nihil
498 1069 577 1104 aliud
591 1065 787 1115 praetenditur
799 1063 873 1098 hinc
885 1063 975 1098 dedu·

219 1129 266 1166 ci,
291 1138 384 1175 quam
404 1120 553 1169 Iosephnm
573 1129 637 1151 non
657 1113 742 1149 fuisse
756 1113 923 1148 naturalem
940 1110 977 1144 fi—

219 1179 296 1213 lium
311 1177 361 1210 Eli
373 1200 383 1215 ‚
405 1171 454 1206 sed
468 1169 529 1203 alio
542 1167 650 1213 aliquo
669 1165 768 1199 modo
783 1162 874 1210 quam
888 1171 975 1194 natu-

219 1241 282 1266 rae,
309 1223 438 1273 quaestio
457 1230 561 1254 autem
576 1216 620 1250 est
634 1215 727 1262 longe
740 1209 852 1247 diversa
871 1234 878 1247 ‚
904 1222 978 1244 num

219 1270 495 1321 scilicctJosephus
512 1265 605 1301 fuerit
617 1267 667 1298 Eli
680 1274 791 1312 gener,
811 1259 886 1294 nihil
903 1257 978 1304 ejus-

219 1326 308 1361 modi
321 1337 374 1372 per
381 1322 443 1356 hoc
457 1325 671 1366 argumentum
685 1311 845 1360 probatur.
871 1323 898 1344 z.
912 1311 979 1343 Hu-

218 1379 267 1421 jus
281 1367 570 1422 argumentiauffin
582 1363 626 1397 est
635 1361 814 1403 Africanus;
829 1372 921 1409 quam
928 1358 981 1392 hic

220 1426 381 1460 Gomarus
395 1425 426 1455 &
441 1415 642 1466 Spanhcmius
657 1412 809 1457 rejiciunt.
837 1424 859 1457 3.
873 1412 981 1456 Augu-

220 1474 316 1509 stinus
330 1473 383 1520 qui
397 1471 459 1504 hoc
472 1464 568 1514 ipsum
582 1473 797 1510 argumentum
806 1461 844 1495 ab
854 1460 981 1505 Africa-

220 1538 257 1559 no
271 1533 424 1558 mutuatus
438 1516 481 1552 est
497 1541 506 1555 ,
532 1511 642 1547 fatetur
665 1523 730 1545 non
750 1510 807 1545 effe
827 1509 958 1544 solidum
973 1531 982 1546 ,

221 1574 304 1610 certe
327 1573 449 1606 Grotius
468 1563 535 1601 fuse
548 1587 557 1602 ‚
584 1566 614 1597 δι
638 1572 706 1595 ante
730 1573 803 1594 eum
831 1558 983 1594 Gerardus

222 1623 328 1667 Wffius
358 1632 421 1655 tam
451 1612 583 1652 nervose
614 1609 825 1645 demonstrant
855 1609 983 1644 verbum

221 1687 301 1724 γμνςῖν
314 1704 321 1715 ,
341 1680 523 1718 Μὴπωεῖῶς,
544 1665 714 1724 Ἶᾛ-τεᾶὲ
727 1665 859 1715 usurpari
878 1667 915 1702 de
928 1679 980 1715 ge-

221 1732 434 1770 nerationibus
461 1742 522 1766 tam
547 1728 694 1777 legalibus
719 1738 811 1774 quam
838 1726 981 1759 naturali-

219 1785 280 1819 bus
293 1808 303 1824 ,
334 1788 365 1819 &
383 1793 480 1831 patres
493 1780 655 1828 adoptivos
674 1777 759 1812 refflt
776 1775 877 1811 vocari
896 1776 982 1822 geni—

220 1846 306 1870 tores
318 1857 328 1873 ,
360 1844 423 1867 tam
442 1830 535 1879 quam
555 1827 703 1864 naturales
717 1853 726 1868 ‚
758 1827 798 1860 ita
817 1823 913 1873 Julius
927 1822 982 1870 (⁸ae-

215 1885 270 1931 sar
288 1882 444 1931 eAugusli
456 1906 465 1922 ,
492 1884 523 1915 &
543 1877 712 1928 eAugustus
731 1875 913 1910 Germanici
928 1888 982 1923 gc-

221 1935 340 1968 nitores
368 1932 447 1979 apud
467 1929 615 1965 Llafficos
634 1928 778 1962 aridiores
797 1925 871 1960 diffi
891 1923 957 1959 sunt
970 1950 980 1965 ‚

222 1987 255 2018 &
268 1984 299 2016 in
313 1980 390 2015 sacra
402 1980 556 2027 Scriptura
569 1978 623 2012 filii
637 1977 748 2024 legales
761 1979 886 2011 Patruin
900 1974 978 2022 lega-

221 2033 299 2067 lium
313 2029 414 2065 semen
427 2042 554 2077 germen
569 2026 617 2061 seu
631 2027 776 2075 genimen
790 2025 864 2072 saepe':
879 2025 981 2072 appel—

220 2082 328 2116 lantur.
376 2080 436 2113 Sed
454 2079 542 2127 quod
564 2077 641 2111 mihi
660 2076 839 2123 palmarium
863 2087 896 2108 ac
916 2086 980 2108 rem

219 2131 342 2179 penitus
355 2127 511 2163 conficere
524 2127 645 2161 videtur
669 2126 685 2170 <
699 2125 784 2173 quod
799 2137 902 2158 tamen
915 2134 981 2158 tum

221 2183 361 2264 gratius,
381 2188 447 2212 tum
462 2177 566 2220 Wffius
580 2173 774 2221 omiserunt)
792 2176 882 2209 Deus
897 2172 981 2207 filios

235 2243 290 2263 uos
303 2229 465 2275 adoptivos
480 2228 606 2274 gignere
619 2223 694 2270 saepe
703 2225 832 2263 dicitur,
847 2228 879 2258 &
892 2223 981 2256 illiab

221 2292 263 2313 eo
280 2277 467 2324 regenerari,
485 2278 525 2309 ita
538 2286 570 2309 ut
584 2284 799 2322 argumentum
814 2273 830 2305 a
843 2283 921 2305 voce
935 2273 982 2317 gi-

223 2327 356 2375 gnendi,
371 2326 443 2358 licet
457 2323 472 2357 a
487 2327 616 2356 Gomara
630 2327 660 2356 &
674 2322 849 2369 Spanhemio
864 2331 982 2366 repeta-

222 2387 272 2410 tur
285 2375 321 2408 ad
334 2374 426 2408 ravim
438 2397 447 2412 ‚
474 2371 550 2405 nihil
564 2371 687 2418 penitus
700 2369 738 2402 ad
750 2368 981 2402 conclusionem

223 2438 284 2474 prae
298 2422 438 2457 manibus
454 2418 553 2455 facere
566 2419 712 2453 videatur.

272 2474 378 2507 Altera
391 2470 553 2509 sententia,
567 2470 713 2502 nimirum
727 2469 819 2501 Lucae
833 2480 856 2512 ς.
872 2479 914 2512 23.
929 2479 979 2513 pa-

226 2522 381 2559 renthesin
400 2519 622 2555 extendendam
639 2519 715 2551 ultra
733 2529 824 2550 voces
846 2516 905 2562 [ut
919 2517 981 2549 exi-

227 2572 429 2618 stimabatur]
452 2570 487 2604 ad
502 2568 659 2616 sequentes
672 2567 763 2601 etiam
790 2564 892 2612 [filius
908 2564 983 2613 Jose-

224 2624 301 2673 phi]
317 2622 378 2656 hoc
393 2621 485 2668 paiste
505 2621 547 2653 511·
561 2616 708 2653 referetur
721 2617 756 2651 ad
771 2615 867 2650 solum
888 2614 980 2649 Chri-

224 2673 305 2708 stum
319 2683 351 2705 ut
364 2669 448 2705 suum
465 2680 629 2717 nepotem,
651 2678 845 2715 nequaquam
859 2678 932 2700 vero
947 2665 983 2698 ad

222 2722 378 2773 Jqfhphum
393 2732 556 2768 generum,
577 2730 684 2765 utpote
698 2714 869 2763 parenthesi
885 2714 982 2749 inclu-

221 2771 286 2807 sum
300 2796 308 2811 ‚
334 2771 468 2816 ideoque
482 2769 519 2801 ab
533 2769 620 2801 omni
635 2780 701 2814 quae
715 2766 759 2799 est
774 2766 833 2799 isto
846 2765 920 2799 loco
935 2777 979 2798 re-

222 2823 338 2856 latione
358 2816 521 2853 exclusum.
554 2817 742 2851 Sententiam
760 2815 837 2847 hanc
857 2814 982 2846 invenio

223 2872 349 2918 quidem
363 2870 484 2903 citatam
499 2867 576 2913 apud
596 2868 781 2899 Suarezium
795 2875 851 2896 nec
865 2863 980 2909 impro-

223 2920 326 2953 batam
335 2943 343 2956 ,
359 2917 406 2952 sed
421 2917 624 2952 aMaldonaso
635 2920 663 2949 δι
672 2915 687 2949 a
695 2913 808 2963 Laptde
817 2914 859 2956 rej
865 2912 963 2946 tetam
973 2936 980 2949 ,

225 2969 243 3003 a
255 2967 367 3002 nostris
379 2967 604 3014 tamenJunio,
626 2969 754 2999 Gomara
767 2988 776 3003 ,
798 2967 828 2997 ὅ(
843 2961 982 2995 ‘Deodato

226 3016 437 3065 approbatam,
446 3022 475 3051 ἃ
484 3016 566 3063 supra
575 3028 684 3049 omnes
691 3016 859 3047 deamatam
866 3011 881 3045 a
888 3014 981 3059 Span-

226 3068 321 3100 hemio
339 3080 347 3105 ;
372 3079 424 3100 cur
438 3078 503 3099 eam
524 3067 623 3099 minus
637 3078 729 3112 quam
744 3063 912 3109 superiores
928 3073 978 3094 ne—

226 3115 378 3152 cessariam
392 3140 401 3154 ‚
426 3114 492 3148 imo
510 3115 608 3147 minus
625 3114 820 3161 probabilem
835 3109 957 3145 sentiam
971 3134 980 3149 ,

226 3166 291 3202 haec
303 3163 398 3199 affero
412 3163 634 3212 perpendenda.

274 3216 393 3253 Primo.¹
416 3217 579 3250 Inventum
586 3211 649 3248 hoc
662 3213 706 3249 est
718 3225 754 3247 ex
763 3212 875 3260 magna
882 3208 983 3245 saltem

1284 95 1316 134 L
1346 109 1360 133 1
1393 108 1424 133 B.
1471 94 1523 133 11.
1733 101 1772 145 63

1014 180 1097 218 parte
1109 168 1245 204 audieris
1253 167 1456 215 quaestionum
1470 168 1502 200 in
1515 169 1555 202 V.
1565 170 1594 202 &
1608 165 1773 201 N.Testa-

1015 230 1153 254 mentum
1166 243 1176 259 ‚
1202 230 1236 262 4.
1255 217 1416 265 Augustini
1434 228 1526 251 tomo
1543 241 1552 256 ‚
1578 218 1631 263 qui
1654 217 1770 263 primus

1013 268 1175 303 Christum
1189 266 1292 302 retulit
1305 267 1481 301 immediate
1493 267 1529 300 ad
1544 268 1608 305 Eli,
1623 270 1682 312 jam
1696 265 1770 299 vero

1015 318 1125 352 auetor
1144 318 1208 354 hic,
1241 327 1274 350 ut
1287 315 1347 363 ipse
1361 317 1509 363 §omarus
1522 314 1633 349 fatetur
1646 341 1656 355 ,
1682 315 1725 348 est
1740 316 1770 348 in

1015 379 1106 413 purus
1121 370 1279 401 «Arianus
1296 390 1306 406 ,
1332 377 1435 411 eoque
1450 364 1550 398 minus
1563 365 1638 399 mihi
1651 364 1771 412 placent

1014 427 1207 463 quaecunque
1220 417 1286 458 ejus
1301 415 1432 448 inventa.

1062 464 1217 499 Secundo.
1244 465 1289 497 Ut
1301 477 1407 509 pravus
1421 461 1473 496 hic
1485 462 1595 496 auetor
1609 462 1771 497 Christum

1014 513 1110 550 refert
1129 511 1307 549 immediate
1327 513 1363 546 ad
1381 515 1448 551 Eli,
1473 513 1514 545 ita
1535 512 1626 545 etiam
1646 513 1682 545 ad
1701 512 1756 556 lose

1010 564 1117 613 plnum,
1127 564 1182 612 qui
1197 562 1241 598 est
1257 560 1335 596 infra
1353 563 1403 597 Eli
1414 586 1424 600 ,
1449 562 1581 594 eundern
1596 561 1772 595 immediate

1015 613 1107 649 refert
1121 639 1130 653 ‚
1157 613 1233 661 quin
1247 613 1338 648 etiam
1352 611 1388 645 ad
1401 623 1510 644 omnes
1528 615 1558 644 &
1573 609 1705 658 singulos
1719 611 1773 657 qui

1014 663 1080 698 sunt
1093 663 1178 711 supra
1190 664 1233 696 gli
1246 659 1337 709 usque
1351 661 1387 695 ad
1401 660 1560 694 Adamum
1574 684 1583 698 ,
1611 660 1696 706 quod
1708 671 1771 693 tam

1015 718 1163 748 Gomarm
1183 725 1275 760 quam
1294 710 1489 759 Spanhemius
1509 707 1696 756 profitentur
1714 707 1772 743 effe

1014 773 1229 798 commentum
1242 762 1380 807 ineptum
1395 763 1424 794 δι
1438 758 1606 793 absurdum.

1062 811 1189 847 Tertio.
1215 808 1402 846 parenthesis
1415 807 1551 842 extensio
1566 832 1576 848 ,
1600 809 1641 843 ita
1658 818 1692 842 ut
1704 807 1776 852 Iofi’-

1012 863 1088 911 phas
1101 861 1136 896 ea
1150 860 1320 895 includatur
1333 884 1343 900 ,
1370 857 1414 893 est
1428 859 1588 905 corruptio
1601 857 1701 892 textiis
1714 858 1777 892 ori-

1015 912 1124 960 ginalis
1139 934 1148 947 ‚
1175 922 1246 944 nam
1267 910 1297 942 in
1318 908 1465 942 omnibus
1485 919 1548 941 tam
1568 906 1776 953 manuscriptis

1016 961 1108 1007 quam
1129 958 1275 1006 impressis
1291 957 1452 992 codicibus
1479 957 1598 990 Graecis
1612 956 1777 1004 parenthe-

1017 1010 1052 1045 sis
1067 1009 1143 1044 nihil
1156 1009 1236 1043 aliud
1249 1008 1391 1042 continet
1405 1018 1497 1053 quam
1510 1006 1574 1040 haec
1588 1005 1650 1042 sola
1664 1006 1775 1046 verba,

1017 1068 1045 1097 ὡς
1062 1063 1195 1101 ἐνσμιζετυ,
1214 1069 1248 1092 ut
1260 1057 1432 1104 putabatur.

1066 1107 1203 1156 Qarto.
1229 1110 1377 1154 Suppone
1395 1103 1610 1139 distinetiones
1623 1104 1724 1139 textfis
1738 1117 1776 1138 o-

1017 1158 1152 1204 riginalis
1171 1170 1230 1203 pro
1244 1157 1413 1190 doetorum
1432 1154 1528 1187 hodie
1541 1154 1668 1186 arbitrio
1688 1166 1776 1187 com-

1018 1207 1126 1239 mutari
1140 1205 1242 1253 posse,
1257 1206 1343 1253 quod
1351 1215 1454 1238 tamen
1467 1202 1702 1237 concedendum
1711 1216 1776 1236 non

1019 1256 1169 1295 arbitror,
1191 1269 1230 1289 ne
1242 1253 1369 1289 curiosis
1382 1257 1414 1288 &
1429 1251 1574 1300 perversss
1587 1253 1717 1299 ingeniis
1730 1254 1777 1285 ni-

1018 1306 1076 1338 mis
1096 1305 1153 1338 lata
1172 1315 1261 1352 porta
1273 1304 1420 1351 pandatur
1438 1303 1644 1349 detorquendi
1662 1302 1777 1336 multos

1020 1355 1180 1401 Scripturae
1204 1356 1292 1388 locos
1311 1363 1419 1400 praeter
1437 1352 1606 1399 genuinum
1624 1348 1750 1398 scopum
1764 1376 1775 1390 ‚

1019 1401 1182 1438 secundum
1208 1405 1319 1438 variam
1344 1401 1580 1435 distinetionum
1605 1398 1779 1448 dispositio-

1020 1467 1108 1488 nem:
1122 1463 1278 1500 utcunque
1292 1452 1417 1486 materia
1425 1449 1558 1494 subjeeta
1567 1449 1656 1493 hujus
1670 1463 1779 1496 paren-

1019 1502 1110 1537 thesis
1124 1503 1336 1543 extensionem
1350 1514 1415 1534 non
1422 1501 1569 1534 admittit,
1586 1500 1626 1532 ita
1634 1501 1717 1533 enirn
1726 1512 1779 1533 ex-

1021 1554 1192 1587 cluderetur
1203 1565 1268 1586 non
1281 1549 1400 1585 tantum
1413 1550 1451 1583 ab
1464 1562 1504 1583 eo
1519 1547 1622 1584 versu,
1639 1546 1726 1584 sed&
1740 1562 1780 1582 o-

1022 1603 1144 1638 mnibus
1160 1600 1356 1651 sequentibus
1375 1612 1494 1633 nomen
1509 1596 1727 1632 substantivum
1741 1597 1781 1632 fi-

1023 1655 1078 1688 lius
1089 1677 1098 1690 ‚
1119 1654 1173 1701 qui
1188 1653 1266 1700 regit
1280 1662 1393 1684 omnes
1407 1648 1559 1696 genitivos
1574 1646 1654 1681 casus
1668 1648 1721 1695 qui
1735 1645 1781 1681 se-

1021 1712 1173 1751 quuntut,
1194 1700 1306 1737 scilicet
1320 1697 1400 1734 filius
1409 1699 1476 1738 Eli,
1490 1696 1569 1731 filius
1582 1697 1779 1737 matthat,

1020 1754 1100 1788 filius
1119 1755 1201 1786 Levi
1214 1757 1273 1787 διε.
1287 1763 1356 1784 narn
1375 1762 1434 1783 vox
1458 1760 1494 1795 tib<
1509 1772 1518 1787 ,
1539 1751 1571 1782 &
1590 1760 1701 1782 omnes
1714 1747 1779 1780 aliae

1020 1815 1110 1839 voces
1130 1799 1248 1836 inclusae
1267 1798 1434 1849 parenthesi
1452 1798 1659 1833 excluduntur
1672 1797 1688 1830 a
1708 1796 1779 1830 reli-

1019 1855 1080 1902 qua
1095 1850 1243 1887 sententia
1255 1875 1264 1888 ‚
1290 1863 1357 1899 quae
1376 1848 1489 1897 absque
1503 1847 1550 1882 his
1569 1844 1707 1896 perfeeta
1719 1844 1779 1880 effe

1018 1903 1094 1938 solet
1106 1914 1140 1935 ac
1153 1901 1256 1936 debet.

1068 1951 1222 1988 Prae'terea.
1257 1950 1288 1984 Si
1309 1947 1549 1983 subaudiendum
1564 1944 1598 1980 sit
1612 1958 1729 1980 nomen
1743 1943 1780 1978 fi-

1019 2004 1074 2037 lius
1087 2002 1150 2038 hoc
1157 2002 1267 2049 paeto,
1277 1997 1362 2046 Jesus
1371 1996 1500 2031 existens
1509 1996 1589 2029 filius
1603 1998 1668 2034 Eli,
1683 1993 1776 2042 quam
1795 1999 1889 2022 Vanum
1899 1999 1948 2023 Ge-

1793 2045 1858 2061 mar!
1865 2045 1906 2062 ln-

1793 2084 1910 2103 ventum,

1018 2053 1080 2088 hoc
1094 2052 1138 2087 est
1152 2054 1261 2086 durum
1276 2049 1321 2083 vel
1339 2047 1459 2084 auditu,
1479 2046 1525 2080 vel
1539 2046 1719 2079 intelltCtu?
1734 2046 1777 2077 Ita

1019 2104 1102 2138 enim
1122 2100 1288 2137 secundum
1310 2097 1389 2131 hanc
1413 2093 1658 2129 subauditionem
1677 2104 1778 2128 textus

1020 2152 1091 2187 esset
1108 2151 1270 2200 legendus,
1281 2145 1368 2196 Jesus
1383 2144 1513 2179 existens
1527 2143 1607 2178 silius
1623 2145 1679 2189 (ut
1692 2154 1780 2190 puta-

1019 2203 1108 2237 batur
1121 2201 1201 2236 filius
1215 2197 1338 2248 Joseph)
1354 2197 1413 2235 Eli,
1426 2195 1571 2241 loquutio
1585 2193 1735 2226 duriffima
1749 2196 1781 2226 &

1019 2251 1237 2285 obscuriffima.
1265 2250 1309 2282 Ut
1317 2247 1388 2279 hinc
1397 2243 1424 2277 se
1433 2244 1595 2277 extricaret
1608 2242 1782 2280 Gomarus,

1018 2309 1217 2334 commentus
1225 2296 1269 2330 est
1282 2293 1415 2329 omnino
1430 2305 1543 2326 novam
1552 2291 1691 2326 adverbii
1706 2303 1734 2330 ῶς
1748 2290 1782 2324 si-

1020 2348 1271 2396 gnificationem,
1289 2357 1356 2378 non
1370 2343 1449 2377 vult,
1463 2353 1495 2374 ut
1509 2354 1577 2375 ante
1587 2353 1658 2374 eum
1671 2353 1783 2373 omnes

1021 2397 1164 2430 mortales
1180 2406 1208 2434 aa}
1225 2393 1338 2440 exponi
1352 2391 1400 2423 hic
1414 2403 1468 2436 per
1482 2389 1572 2427 sicut,
1588 2388 1636 2422 sed
1649 2386 1783 2422 adversa-

1022 2444 1083 2481 tive
1099 2457 1151 2492 per
1165 2456 1278 2492 quum,
1300 2453 1364 2474 non
1378 2438 1452 2472 sicut
1466 2437 1708 2473 existimabatur,
1734 2435 1783 2472 sed

1021 2509 1116 2543 quum
1130 2491 1368 2528 existimabatur.
1402 2489 1493 2522 Nolo
1506 2487 1677 2522 examinare
1691 2486 1781 2520 locos

1022 2546 1060 2579 ab
1075 2558 1114 2578 eo
1134 2544 1243 2577 citatos
1263 2541 1314 2573 ubi
1335 2550 1364 2579 air
1381 2539 1413 2571 in
1434 2536 1513 2572 novzi
1530 2536 1587 2570 hac
1599 2536 1780 2583 acceptione

1022 2592 1232 2641 accipiendum
1248 2599 1354 2635 putat,
1381 2599 1452 2621 cum
1473 2585 1533 2633 ipse
1551 2586 1745 2634 Spanhcmius
1763 2585 1780 2620 ὲ

1022 2657 1110 2679 more
1125 2652 1250 2688 recepto
1263 2639 1313 2672 hic
1326 2650 1390 2671 non
1399 2637 1537 2674 recedat,
1550 2647 1606 2669 nec
1614 2635 1688 2668 alius
1698 2633 1780 2682 quis-

1021 2707 1127 2742 quam,
1143 2702 1293 2740 quantum
1307 2687 1462 2734 intelligO,
1481 2685 1659 2719 Gomarum
1673 2683 1722 2718 hic
1736 2682 1781 2718 se-

1021 2756 1140 2793 quatur.

1068 2800 1173 2834 Addo.
1200 2798 1231 2831 Si
1244 2794 1436 2844 participium
1454 2793 1481 2820 ⁶3¹*
1495 2790 1627 2826 existens
1640 2793 1782 2837 jungatur

1020 2863 1089 2884 cum
1098 2847 1281 2895 praecedenti
1294 2845 1448 2888 >gozo1a'2flcp3
1462 2841 1534 2875 sicut
1544 2842 1573 2874 in
1585 2841 1691 2888 Regiis
1702 2843 1781 2873 Ant-

1020 2897 1240 2945 verpiensibus,
1256 2901 1283 2931 &
1294 2897 1324 2929 in
1332 2905 1430 2930 vetere
1446 2892 1573 2929 Larino,
1588 2894 1618 2924 &
1633 2890 1694 2923 aliis
1703 2889 1782 2922 mul-

1020 2951 1056 2984 tis
1070 2948 1178 2984 Bibliis
1193 2945 1262 2992 (etsi
1275 2958 1343 2979 non
1359 2945 1390 2978 in
1409 2940 1521 2976 nostris
1541 2940 1667 2987 vulgatis
1680 2939 1780 2973 necin

1020 3000 1142 3046 nuperis
1170 2994 1441 3037 Londinensibus)
1464 2988 1599 3024 extensio
1619 2987 1780 3037 parenthe-

1021 3049 1056 3083 sis
1070 3047 1182 3082 efficiet
1195 3042 1310 3080 serisiim
1324 3043 1456 3077 omnino
1475 3039 1632 3078 claudum,
1660 3038 1777 3071 nullum

1020 3100 1103 3133 enim
1123 3097 1195 3132 esset
1218 3106 1335 3128 nomen
1360 3090 1446 3140 quod
1464 3100 1583 3136 regeret
1607 3088 1778 3137 genitivum

1022 3153 1116 3186 {Hah
1142 3159 1193 3183 aut
1204 3140 1398 3193 quodJesiim
1406 3153 1475 3175 cum
1489 3139 1756 3174 Eliconneeteret.

1067 3198 1195 3235 Deinde
1221 3191 1357 3231 extensio
1377 3187 1563 3240 parenthesis
1584 3188 1621 3224 ad
1634 3186 1781 3267 ἰίῑυίὶὲαη-

1732 3244 1781 3266 arri
