2048 3343
476 73 544 101 ετ
605 62 640 100 C
672 73 700 100 H
734 71 1044 102 R‹>N’01,o
1079 74 1103 100 c
1140 73 1248 101 1e1

197 138 330 176 chalda*
349 150 420 186 quae
440 149 510 185 cap.
532 148 587 171 11.
615 135 750 172 habetur
769 160 779 177 ‚
805 134 861 169 diu
881 148 940 170 an-

197 187 332 224 teceffit.

241 237 302 272 Sed
321 235 352 269 id
372 233 462 282 quod
481 246 600 281 urgent
622 246 683 282 prae
701 230 830 266 historia
851 233 944 273 Mofis

193 285 265 320 sunt
275 283 386 318 diserta
398 283 494 318 verba
504 281 644 329 Stephani
655 282 727 316 Aet.
739 293 770 326 7.
783 294 812 316 v.
823 294 856 323 4.
870 279 943 322 ‘Post

193 345 312 369 mortem
326 333 416 382 patris
439 331 588 366 transtulit
615 345 681 364 eum
705 333 790 364 Deus
813 331 843 363 in
859 327 941 364 Cha-

195 397 332 417 nanaeam.
360 384 473 416 Nemo
485 379 689 414 Christianus
706 391 854 426 unquam
875 390 939 413 tarn

194 434 312 480 impius
322 431 385 466 fuit
396 454 405 469 ‚
429 439 464 462 ut
475 426 615 476 Stephani
625 429 689 464 haec
701 429 796 462 verba
805 440 940 463 contro-

193 491 349 520 verterct3
375 477 427 514 scd
440 479 652 528 exdngustmus,
672 481 702 512 &
716 479 942 525 multioptimi

191 530 363 577 Theologi
382 539 448 562 tam
463 540 546 562 nunc
566 527 663 575 quam
691 527 772 560 olim
786 528 942 574 negarunt

193 592 290 614 unam
302 578 400 613 solam
416 576 511 611 fuisse
521 574 686 611 Abrahami
703 573 941 623 profcfffionem

194 626 340 663 charram·
351 629 382 661 in
395 623 586 660 chananaeam
597 650 605 666 ‚
619 624 767 660 faciendo
780 624 856 660 verb
870 626 942 671 plu-

194 690 243 712 rcs
252 701 261 714 ‚
273 676 487 712 sibividentur
499 687 602 721 totam
614 700 622 712 ‚
635 688 704 723 quae
717 673 791 708 alizis
805 675 945 707 maxima

193 725 248 761 hic
258 725 350 766 esset,
365 722 585 759 difficultatem
598 726 723 757 tollere.
749 725 888 761 Volunt,
901 723 945 756 se·

194 776 337 811 cundum
357 776 466 821 fidoftn
485 797 495 813 ‚
524 770 742 807 eAbrahamum
765 771 945 819 profectum

195 823 343 859 Charrane
354 825 387 857 in
397 821 589 856 Chananaeam
605 835 692 856 anno
712 823 810 856 aexatis
829 819 887 854 suae
899 819 946 854 se-

197 873 401 922 ptuagcfimo
421 873 541 919 quinto
557 897 565 910 ,
597 882 671 905 ante
688 882 830 904 mortem
851 870 948 915 patris

197 924 289 958 annis
307 922 469 969 sexaginta
482 946 491 961 ‚
515 917 635 954 rediiffi:
652 930 761 953 autem
774 920 949 964 aliquoties

198 984 234 1007 ut
255 983 379 1020 patrem
400 969 545 1004 inviseret
562 993 572 1009 ‚
598 968 701 1002 donec
719 979 805 1014 patre
817 976 950 999 mortuo

198 1022 392 1069 relinqueret
410 1017 606 1053 Charranem
622 1042 631 1055 ‚
652 1028 720 1049 non
738 1017 853 1048 iterum
866 1013 948 1048 visu-

199 1084 252 1106 rus
264 1095 272 1110 ,
299 1074 331 1104 δι
351 1071 384 1103 in
397 1068 612 1100 Chananaeam
627 1062 788 1111 profe&us
803 1062 846 1096 est
866 1064 898 1096 in
918 1060 951 1096 είὶ

201 1117 363 1153 mansurus
378 1140 388 1155 ,
400 1126 460 1149 nec
472 1116 589 1147 iterum
604 1125 746 1159 unquam
762 1110 952 1157 transiturus

199 1168 333 1202 fluvium
346 1161 886 1208 inMesopotamiamRespondent
898 1158 951 1194 ad'·

200 1217 359 1250 versantes
375 1210 500 1246 somnia
520 1212 585 1245 haec
601 1209 662 1245 esse
678 1211 769 1246 nullo
782 1211 950 1256 Scripturae

199 1263 415 1299 fundamento
433 1265 518 1296 nixa.
546 1261 693 1307 Replica.
719 1262 796 1295 Non
815 1271 952 1307 negant,

201 1311 304 1347 modo
321 1323 393 1346 vera
412 1309 528 1349 essent,
547 1308 621 1343 satis
640 1310 761 1344 solvere
781 1307 952 1342 difficulta-

202 1373 271 1396 tem
290 1387 298 1400 ,
325 1373 383 1394 nec
399 1362 572 1408 quicquam
600 1357 739 1394 afferunt
757 1358 825 1406 quo
843 1357 952 1402 minus

201 1423 277 1445 vera
287 1408 346 1444 effe
356 1409 476 1457 pollint
487 1433 495 1446 ,
512 1422 552 1443 an
567 1407 643 1443 vero
654 1410 725 1443 ειᾶιι
737 1408 853 1442 fuerint
866 1420 952 1446 vera,

202 1459 323 1508 pendet
343 1458 359 1492 a
385 1457 546 1505 superiore
563 1457 733 1505 hypothesi
752 1473 761 1499 ·‚
789 1456 953 1504 supposito

202 1511 290 1544 enim
303 1505 505 1543 Abrahamum
523 1516 637 1542 'natum
651 1505 750 1542 Τέκνα),
759 1505 955 1555 septuagesi-

204 1571 283 1597 mo,
309 1561 339 1591 &
352 1558 459 1592 vixiffe
479 1553 604 1591 Thai-am
621 1557 779 1591 ducentos
815 1557 934 1604 uinqne
947 1579 956 1595 ‚

205 1620 242 1642 ac
263 1604 445 1654 profectum
468 1604 685 1641 eAbrahamum
703 1608 737 1640 in
764 1610 790 1639 C
813 1617 954 1639 ananaeam

208 1669 294 1691 anno
305 1652 361 1690 suo
381 1655 609 1703 septuagesimo
622 1658 756 1704 quint0,
782 1653 902 1689 necesse
913 1654 958 1688 est

206 1718 244 1741 ut
264 1706 339 1739 illuc
365 1707 459 1739 iverit
481 1707 573 1739 annis
601 1707 677 1739 totis
707 1704 868 1752 sexaginta
885 1715 957 1738 ante

206 1766 348 1790 mortem
371 1755 466 1800 patris
482 1777 490 1790 ‚
507 1758 538 1788 Sc
552 1751 626 1789 ciim
644 1753 660 1788 a
680 1758 824 1801 Stephano
842 1754 960 1788 dicatur

209 1803 249 1839 eo
271 1802 434 1850 profedlms
456 1802 528 1849 post
547 1815 687 1838 mortem
705 1804 821 1849 patris;
841 1802 959 1837 ncceffe

211 1855 309 1886 etiarn
319 1852 361 1885 est
372 1852 520 1890 statuere,
532 1852 650 1886 rediisse
661 1849 839 1886 Charranem
851 1851 961 1888 saltem

209 1901 308 1936 semel
320 1899 357 1934 ad
370 1911 490 1948 patrem
504 1900 705 1936 invisendum
717 1927 727 1943 ,
748 1913 783 1935 ut
796 1902 872 1936 inde
888 1901 961 1948 post

208 1962 352 1985 mortem
366 1951 462 1996 patris
478 1946 667 1984 chananaeam
678 1962 837 1999 repeteret
849 1976 859 1991 ‚
877 1951 964 1985 nulla

211 2000 255 2034 est
268 1998 442 2033 absurditas
458 2000 490 2032 in
501 1998 560 2033 hac
575 1998 645 2034 tot&
664 2013 696 2034 re
711 2024 721 2040 ,
739 1998 808 2034 imo
823 2002 856 2035 in
872 2000 906 2034 efi
921 2001 964 2034 est

211 2047 374 2084 necestitas
389 2048 425 2083 ad
437 2047 572 2095 probam
583 2047 722 2096 Stephani
732 2062 807 2084 cum
816 2052 876 2085 Mo
888 2063 902 2082 e
916 2063 962 2084 re-

213 2099 496 2132 conciliationem.

262 2147 366 2192 Qod
381 2157 488 2180 autem
512 2148 609 2194 Mofis
635 2146 755 2182 nullam
780 2146 876 2182 faciat
891 2147 965 2181 isto-

213 2208 285 2231 rum
305 2193 489 2232 Mbrahami
506 2196 657 2230 itinerum
682 2196 852 2244 expressam
872 2210 966 2231 men-

213 2247 362 2286 tionem,
396 2244 441 2279 est
474 2244 651 2280 secundum
667 2246 759 2280 suum
788 2259 913 2280 morem
931 2257 966 2280 ac

216 2294 487 2329 consuetudinem
512 2307 521 2333 ς
562 2307 638 2328 nam
670 2296 744 2330 licet
778 2295 967 2330 patriarchae

218 2342 323 2377 Noach
335 2367 344 2379 ,
365 2341 454 2377 Shem
465 2368 475 2383 ‚
499 2346 530 2376 δέ
545 2355 661 2378 omnes
673 2346 726 2379 alii
738 2343 808 2392 post
819 2344 967 2383 fluvium,

220 2404 296 2426 cum
314 2390 501 2426 oAbrahamo
519 2394 631 2427 multis
649 2395 740 2428 annis
753 2396 890 2428 vixerint
902 2417 912 2433 ,
935 2397 966 2427 δι

220 2451 255 2474 ut
267 2439 392 2473 videtur
412 2440 637 2478 certissimum,
657 2445 774 2476 multas
794 2442 969 2490 aliquando

218 2488 418 2524 visitationes
432 2488 548 2522 mutuo
566 2493 767 2525 exercuerint
780 2516 789 2528 ‚
806 2504 914 2525 earum
926 2502 971 2524 ta—

220 2551 295 2572 men
307 2538 426 2571 nullius
449 2539 549 2584 Asofts
572 2540 721 2571 meminit
733 2563 741 2574 ,
763 2541 843 2585 quin
856 2544 887 2573 &
899 2542 972 2585 Istuc

220 2586 292 2634 post
304 2585 373 2619 suas
389 2588 516 2632 nuptias
530 2585 622 2620 simul
635 2600 708 2620 cum
722 2585 913 2621 cAbrahamo
926 2589 973 2620 vi-

221 2638 269 2670 xit
289 2637 322 2668 in
342 2635 472 2669 diversis
489 2634 677 2683 regionibus
703 2638 793 2670 annis
810 2634 901 2682 supra
918 2637 971 2668 tri-

222 2687 334 2732 ginta,
356 2688 388 2717 &
401 2683 490 2728 lsrael
500 2685 589 2719 annis
601 2687 706 2719 multo
716 2684 860 2733 pluribus
872 2709 880 2722 ,
903 2682 975 2718 nus·

223 2746 323 2780 quam
334 2743 441 2767 tamen
454 2737 543 2779 Moses
565 2736 716 2768 meminit
728 2735 777 2768 vel
791 2731 976 2768 abrahamum

223 2781 357 2816 invisisse
369 2781 439 2816 suos
451 2779 552 2818 filios,
564 2794 617 2816 aut
629 2782 714 2817 filios
724 2783 815 2817 suum
830 2794 955 2829 patrem
967 2807 976 2822 ‚

225 2843 396 2878 antequam
408 2831 445 2865 ad
456 2835 525 2875 ejus
535 2829 728 2878 sepulturam
742 2830 907 2865 Heln-onem
925 2844 977 2864 ac-

228 2880 400 2919 ceffiffcnt;
424 2881 536 2915 eadem
557 2881 601 2914 est
619 2879 757 2914 Jacoln'&
776 2883 958 2927 Esaiwratio
971 2903 980 2916 ‚

228 2931 378 2963 vixerunt
395 2930 444 2965 illi
464 2931 590 2978 aliquot
609 2942 711 2965 annos
737 2941 809 2964 ante
837 2939 976 2963 mortem

231 2975 415 3018 Abraham,
440 2983 473 3014 &
489 2980 593 3026 plures
610 2990 683 3014 ante
706 2991 848 3014 mortem
869 2978 976 3025 lsatacia

233 3036 272 3058 an
285 3038 448 3075 nunquam
462 3028 656 3064 accesserunt
681 3031 728 3063 vel
748 3028 786 3063 ad
808 3030 906 3076 patris
927 3028 977 3061 vel

235 3075 284 3107 avi
297 3075 426 3116 domos,
437 3090 493 3112 nec
506 3091 648 3126 unquam
662 3080 711 3113 vel
723 3091 799 3112 avus
809 3105 816 3117 ‚
828 3078 877 3112 vel
890 3087 978 3122 pater

234 3121 274 3157 ad
285 3135 396 3158 eorum
405 3125 585 3164 domicilia?
595 3128 681 3164 certe
692 3129 812 3163 nullius
823 3125 978 3173 ejusmodi

1311 63 1483 103 L1n.1.
1692 75 1736 110 33

993 136 1117 171 itineris
1128 136 1228 181 Moses
1240 138 1388 171 meminit
1398 161 1406 177 ,
1418 137 1439 172 fi
1455 148 1552 171 unam
1563 136 1657 172 lambi
1665 151 1742 185 pro-

992 185 1166 220 feffionem
1187 186 1325 231 excipias
1342 187 1381 220 ad
1400 186 1600 221 invisendum
1616 189 1742 236 lfiracmn

993 234 1089 282 paulo
1103 243 1176 268 aute
1188 237 1254 276 ejus
1267 244 1421 268 mortem.

1041 281 1333 317 AlterumTornielli
1343 294 1571 330 argumentum
1583 283 1640 327 est,
1650 296 1740 318 mor-

991 342 1083 366 tuum
1115 333 1221 366 Teram
1247 343 1319 365 ante
1337 329 1608 378 septuagesimum
1642 334 1741 379 quin-

992 391 1062 414 tum
1077 378 1260 416 Abraham,
1276 382 1348 426 quia
1358 382 1445 414 Gen.
1455 392 1507 413 22.
1519 381 1590 426 post
1602 380 1743 415 Abraha-

993 430 1033 464 rm'
1050 430 1189 464 reditum
1207 429 1223 463 a
1242 441 1362 464 conatu
1377 429 1572 463 immolandi
1590 432 1744 473 lflmcian-

992 492 1035 514 no
1051 477 1105 513 suo
1127 478 1298 513 centesimo
1319 478 1472 525 vigesimo
1491 478 1629 525 quinto,
1648 481 1745 524 quin-

993 530 1147 576 quaginta
1171 529 1264 562 annis
1285 526 1301 561 ὲ
1322 530 1428 575 primo
1445 526 1573 561 disccssu
1593 524 1744 560 Charrane

978 591 981 596 ’
993 588 1172 612 occurreret
1181 578 1209 612 ei
1219 578 1358 611 nuncius
1369 575 1563 624 fignificans‚
1574 586 1609 610 ut
1619 575 1745 609 inaudi-

996 638 1028 660 ta
1038 639 1123 661 nova
1133 627 1210 660 οὲὶο
1222 624 1304 660 filios
1317 636 1410 660 natos
1422 625 1555 659 Nachori
1564 650 1573 665 ,
1590 637 1656 659 non
1667 622 1746 671 ergo

997 688 1049 721 per
1059 688 1115 709 cos
1137 677 1373 722 quinquaginta
1390 687 1492 708 annos
1504 673 1609 708 revisit
1623 672 1748 708 «Abra-

995 722 1093 757 hamus
1116 724 1315 758 Charranem
1329 748 1339 764 ‚
1365 724 1454 772 quod
1476 725 1508 757 in
1524 723 1579 770 pio
1599 722 1668 757 filio
1684 725 1748 756 im—

998 773 1144 819 possibile
1171 783 1235 808 erat
1254 797 1263 812 ‚
1303 772 1324 806 fi
1348 783 1419 808 tum
1443 774 1599 820 temporis
1627 770 1749 807 vixisset

1002 822 1167 856 Charrane
1179 819 1280 855 Terah
1291 833 1389 869 pater.
1412 823 1510 868 Resp.
1524 823 1556 856 in
1569 823 1676 869 paucis
1687 834 1746 855 an-

999 873 1046 904 nis
1059 883 1175 917 magna
1188 870 1267 904 solet
1287 870 1346 904 effe
1371 869 1564 906 familiarum
1590 872 1749 905 mutatio:

998 916 1132 953 Nachorz'
1144 920 1223 952 octo
1233 918 1291 951 filii
1304 921 1381 952 0610
1401 922 1491 954 annis
1510 931 1684 965 potuerunt
1696 931 1751 952 na-

999 966 1058 1006 sci,
1072 964 1158 1000 certe*
1177 965 1276 1000 Iacobo
1296 968 1328 1000 in
1342 968 1454 1001 eodem
1477 970 1554 1002 loco
1573 971 1664 1002 annis
1682 966 1751 1002 fer&

1001 1014 1050 1050 sex
1062 1014 1213 1050 undecim
1234 1017 1387 1062 prognati
1407 1016 1480 1049 sunt
1498 1028 1506 1048 ε
1531 1017 1564 1048 in
1576 1019 1668 1051 annis
1690 1018 1754 1051 illis

1000 1065 1237 1113 quinquaginta
1249 1063 1361 1112 saepids
1374 1063 1503 1099 revisere
1516 1067 1622 1109 potuit
1632 1076 1756 1111 patrem

1001 1111 1224 1154 eAbrahamus,
1241 1125 1414 1162 antequam
1430 1116 1507 1148 οέὶο
1519 1113 1566 1146 illi
1579 1116 1646 1147 nati
1658 1113 1756 1148 ess'ent

1001 1160 1129 1197 Nahori.
1162 1164 1212 1196 De
1229 1162 1449 1212 infrequentia
1468 1160 1690 1197 visitationum
1705 1164 1759 1196 in-

1000 1223 1046 1246 ter
1065 1211 1261 1246 Patriarchas
1275 1237 1283 1252 ,
1303 1226 1373 1260 quae
1386 1211 1487 1246 modo
1499 1212 1531 1245 in
1545 1212 1757 1246 Sacrisliteris

1001 1272 1242 1301 memorantur,
1255 1265 1319 1303 jam
1329 1262 1450 1296 dietum
1463 1261 1601 1296 Tornielli
1612 1260 1759 1296 adversa-

1001 1313 1055 1345 riis
1075 1324 1176 1345 unum
1195 1308 1380 1345 «Abraham
1405 1313 1464 1345 iter
1498 1324 1536 1345 ex
1572 1308 1757 1345 Chananaea

1004 1360 1204 1396 Charranem
1217 1358 1378 1395 sufficitad
1399 1361 1541 1408 ipsorum
1558 1359 1756 1408 hypothesin

1002 1409 1308 1458 salvandam.Magis
1317 1422 1377 1444 nos
1387 1409 1627 1457 stringeremur‚
1635 1410 1656 1444 {i
1668 1408 1759 1443 addi-

1004 1457 1092 1494 diffet
1105 1459 1266 1493 Torniellus
1280 1484 1289 1500 ,
1301 1459 1390 1507 quod
1400 1471 1511 1493 tamen
1526 1471 1593 1493 non
1603 1458 1694 1498 fecit,
1703 1470 1760 1491 an-

1005 1522 1049 1543 no
1060 1509 1143 1556 Isaiaci
1160 1509 1325 1556 trigesimo
1337 1510 1468 1555 quinto,
1482 1507 1658 1544 secundum
1672 1511 1762 1541 Pere-

1006 1558 1093 1598 rimm,
1109 1556 1284 1604 oportuiffe
1295 1556 1497 1593 Abrahamum
1505 1557 1595 1593 fuiss‘e
1608 1563 1634 1592 C
1636 1556 1761 1591 harrane

1006 1608 1044 1641 ad
1054 1607 1273 1654 sepeliendum
1287 1619 1409 1654 patrem
1429 1620 1438 1639 :
1467 1608 1512 1642 ibi
1524 1619 1600 1642 tunc
1613 1604 1762 1642 Nabar&

1007 1656 1065 1691 filii
1078 1669 1126 1691 res
1146 1656 1338 1691 domesticas
1361 1653 1525 1690 Abrahami
1545 1657 1584 1691 ab
1598 1656 1668 1703 ipso
1691 1654 1763 1688 satis

1008 1706 1204 1746 didicerunt,
1218 1705 1296 1754 quid
1305 1703 1384 1752 ergo
1400 1704 1470 1751 post
1480 1708 1623 1753 quinque
1636 1707 1765 1739 tantum

1009 1768 1115 1791 annos
1135 1755 1276 1792 Eleazari
1288 1779 1297 1795 ‚
1317 1751 1486 1789 Abraham·
1500 1756 1692 1801 servo‚opus
1704 1751 1768 1788 fuit

1009 1817 1077 1840 tam
1099 1805 1193 1839 anxie
1212 1801 1385 1838 Bethuelem
1397 1816 1432 1838 ac
1447 1802 1592 1837 Labanem
1604 1803 1643 1837 de
1661 1799 1768 1836 Abra.

1011 1853 1218 1889 hamidivitiis
1228 1857 1259 1887 δέ
1272 1851 1343 1886 filio
1355 1854 1444 1900 Istrum
1455 1874 1464 1887 ‚
1474 1863 1510 1886 ut
1518 1852 1615 1887 rebus
1629 1851 1767 1898 ignotis,

1012 1904 1151 1938 docere?
1181 1902 1234 1936 Ad
1244 1902 1307 1936 hoc
1320 1913 1432 1936 tamen
1445 1901 1616 1949 responde,
1629 1901 1684 1948 qui
1697 1898 1769 1933 fue-

1015 1956 1078 1987 rint
1116 1948 1283 1986 Abraham·
1316 1950 1480 1985 sermones
1507 1963 1584 1985 curn
1619 1945 1743 1984 Nahare
1754 1972 1767 1988 ,

1013 2001 1150 2048 quando
1171 2000 1292 2035 ultimo
1317 2002 1407 2035 venit
1425 1996 1601 2033 Charranem
1619 1999 1658 2032 ad
1675 1998 1769 2043 sepe-

1014 2051 1158 2086 liendum
1184 2061 1329 2096 patrem,
1359 2049 1431 2095 quis
1452 2050 1549 2082 novit
1567 2053 1580 2083 ?
1614 2048 1657 2081 Et
1677 2059 1769 2092 quae-

1015 2112 1143 2147 cunque
1162 2099 1293 2133 tandem
1313 2109 1392 2132 nota
1415 2108 1507 2131 erant
1522 2097 1561 2131 de
1582 2093 1769 2131 eAbmhami

1013 2149 1094 2184 statu
1119 2147 1181 2183 suis
1209 2145 1360 2183 charram
1386 2146 1633 2194 consanguineis
1645 2169 1656 2185 ‚
1685 2145 1767 2179 dum

1014 2211 1148 2232 uxorem
1161 2197 1235 2232 inde
1252 2199 1348 2244 Iſsiaco
1363 2206 1484 2243 peteret
1495 2195 1626 2232 Eleazar
1639 2218 1648 2233 ‚
1673 2206 1768 2227 com-

1016 2247 1151 2282 modum
1172 2248 1200 2280 ei
1220 2245 1300 2285 fuit,
1329 2246 1368 2279 ad
1394 2244 1613 2279 adducendam
1636 2241 1767 2277 Rebecca

1016 2308 1161 2331 mentem
1182 2298 1214 2329 in
1228 2294 1294 2330 tam
1315 2296 1634 2343 longinquumiter‚
1662 2291 1769 2327 Abra-

1014 2344 1093 2379 hami
1111 2359 1146 2380 ac
1172 2345 1259 2391 Isiaci
1277 2357 1354 2390 opes
1373 2341 1530 2391 prolixius
1545 2354 1703 2380 enarrare,
1729 2341 1769 2374 de

1016 2395 1136 2443 quibus
1171 2394 1242 2428 satis
1269 2395 1397 2441 ignarus
1423 2390 1482 2426 effe
1509 2394 1619 2438 potuit
1646 2386 1772 2424 Betlmel

1017 2445 1148 2479 ostavus
1165 2448 1197 2478 δε
1221 2444 1377 2476 minimus
1397 2452 1475 2476 natu
1495 2441 1625 2475 suorum
1648 2435 1772 2473 Nabar,

1017 2493 1176 2540 quicquid
1192 2491 1325 2526 tandem
1343 2490 1406 2538 ipse
1427 2488 1535 2524 Nahor
1548 2515 1558 2531 ‚
1582 2493 1615 2524 δέ
1629 2487 1688 2521 filii
1700 2499 1772 2520 ma-

1016 2546 1103 2587 jores
1115 2542 1153 2575 de
1169 2541 1241 2587 ipsis
1252 2538 1487 2586 cognovissent.

1067 2590 1218 2622 Tertium
1232 2587 1370 2620 Tormelli
1385 2595 1616 2632 argumentum
1629 2582 1673 2618 est
1684 2582 1771 2617 testi-

1023 2639 1171 2672 monium
1184 2633 1368 2680 Chrjftstomi
1379 2638 1411 2668 δέ
1425 2630 1610 2667 Theodoreti.
1639 2633 1692 2667 Ad
1702 2645 1771 2679 quae

1023 2685 1175 2733 responde
1206 2695 1217 2717 J
1229 2709 1237 2718 .
1256 2687 1286 2718 Si
1306 2683 1501 2718 testimoniis
1513 2683 1562 2716 vel
1579 2682 1775 2716 Graecorum

1024 2737 1072 2770 vel
1083 2736 1274 2769 Latinorum
1289 2737 1417 2767 Patrum
1432 2731 1528 2766 vellet
1548 2731 1625 2764 stare
1641 2731 1776 2765 Tarmel-

1024 2785 1064 2818 [ΜΔ
1078 2810 1086 2823 ,
1099 2783 1317 2830 proculdubio
1327 2782 1451 2816 caderet
1471 2777 1581 2815 causa:
1607 2780 1672 2814 duo
1683 2780 1716 2814 hi
1727 2782 1778 2814 ni-

1026 2835 1088 2868 mis
1106 2833 1202 2878 pauci
1217 2831 1286 2865 sunt
1300 2842 1334 2865 ut
1350 2843 1453 2865 totam
1466 2829 1591 2863 turbam
1605 2829 1778 2864 sustineant

1026 2894 1137 2916 eorum
1150 2907 1158 2920 ‚
1176 2882 1231 2929 qui
1244 2878 1446 2916 Abrahamum
1458 2890 1544 2912 anno
1556 2875 1600 2912 sui
1613 2881 1709 2924 patris
1725 2880 1776 2912 se-

1029 2930 1229 2978 ptuagesimo
1240 2942 1353 2965 natum
1366 2928 1534 2963 affirmant.
1565 2940 1596 2961 2.
1608 2925 1775 2961 Theodore-

1024 2991 1068 3014 tus
1085 2982 1117 3013 in
1131 2981 1282 3028 genuinis
1303 2980 1363 3013 suis
1379 2978 1502 3024 scriptis
1520 2978 1646 3011 nullum
1667 2977 1723 3011 hac
1735 2977 1775 3011 de

1028 3042 1058 3064 rc
1071 3030 1201 3064 verbum
1213 3029 1323 3067 habet,
1336 3026 1411 3062 cum
1425 3038 1534 3061 tamen
1546 3037 1676 3060 moveat
1688 3028 1776 3059 mul-

1028 3091 1074 3112 tas
1094 3077 1202 3112 minus
1221 3090 1333 3124 graves
1351 3076 1540 3123 quaestiones
1560 3077 1592 3109 in
1611 3075 1752 3110 Genesin
1765 3100 1774 3115 ,

1026 3138 1152 3163 textum
1181 3140 1244 3175 prce
1278 3127 1429 3162 manibus
1462 3137 1528 3160 tam
1554 3125 1776 3160 antecedentes

1399 3174 1427 3209 E
1677 3172 1776 3207 <inim
