2048 3343
142 210 226 240 Non

141 251 261 286 Pliemfiz.

142 293 188 320 lem
199 292 257 320 alti-

140 333 259 372 tudopro-

142 372 243 414 dgiosa·

298 141 374 172 280
651 128 963 166 Ornars

298 201 379 238 vero
395 202 427 237 in
450 200 627 236 altitudine
646 212 736 236 nova
756 197 960 234 Hierusalem
979 209 1056 245 pau-

299 254 389 287 ciora
407 252 529 288 habere
550 263 621 286 non
639 252 749 299 potuit
778 249 927 285 milliaria
949 249 1057 284 Italica

298 303 387 338 mille
400 302 603 351 quingentis,
616 299 715 346 quam
728 299 817 335 reete
830 302 1057 333 Annotatores

298 354 474 400 Anglicani
485 352 593 389 ultimi
603 348 834 399 prodigiosam
847 359 968 382 vocant
979 349 1056 383 alti-

298 404 449 437 tudinem
473 430 482 443 ,
509 401 661 448 adeoque
676 397 853 434 necessari&
871 398 1053 445 mysticam.

296 455 413 499 Itaque
432 464 472 487 ne
494 453 577 486 inter
599 453 669 485 illas
686 449 768 486 duas
785 451 934 483 civitates
946 449 1055 482 omnis

295 503 475 550 proportio
500 501 684 536 destruatur
711 525 722 540 ‚
759 498 907 544 mensura
938 497 1055 544 prioris

298 563 430 598 oportet
455 551 491 586 fit
514 554 620 595 major
643 549 846 584 calamorum
865 547 1055 581 nonminor

296 600 502 642 cubitorum,
520 599 594 635 cum
609 599 802 647 posterioris
820 594 969 630 mensura
987 606 1055 628 non

296 649 334 684 sit
350 650 417 698 ipse
429 651 571 685 calamus
581 650 635 684 sed
647 647 798 682 stadium.

349 702 520 747 Qartum
537 707 785 746 argumentum.
821 695 858 728 In
875 693 1055 741 partitione

297 748 434 790 Ezekielis
452 749 609 784 omnibus
630 744 811 780 duodecim
824 743 978 777 tribubus
992 756 1056 776 una

299 799 495 834 Chananatae
509 794 680 843 &aequalis
693 806 766 840 pars
778 793 983 827 attribuitur:
998 793 1057 826 At—

299 851 356 895 qui
379 859 531 895 tempore
549 845 729 881 zorobabelis
751 848 782 878 ἃ
797 842 930 877 secundi
943 841 1055 887 templi

294 898 387 933 nulla
409 898 551 931 omnino
573 895 689 930 decem
710 892 860 927 tribubus
878 893 993 940 portio
1013 890 1055 925 est

273 983 275 986 ,
295 946 469 996 affignata,
480 944 632 979 nondum
647 945 735 978 enim
746 943 808 976 illae
820 942 1008 981 redierant,
1021 945 1054 975 &

294 999 390 1045 pauci
406 998 462 1043 qui
480 1007 555 1030 cum
575 993 694 1041 Judaeis
707 993 787 1026 misti
806 992 878 1025 sunt
901 1015 908 1026 ,
932 990 1051 1024 nullam

292 1046 367 1081 sunt
378 1046 464 1081 naCki
476 1043 525 1078 Vkl
537 1042 578 1078 ab
589 1044 659 1077 aliis
670 1042 720 1076 vel
732 1044 815 1076 iuter
826 1041 853 1076 se
864 1040 1052 1075 distinctam

289 1096 532 1131 habitationem
543 1109 551 1127 :
561 1092 631 1127 imo
641 1091 910 1139 veroJudaeorum
924 1094 956 1125 &
968 1092 1051 1124 lien-

289 1147 479 1191 jamitarum
492 1146 665 1193 portiones
677 1140 1055 1178 commiscebanturmec

293 1196 346 1230 vel
367 1195 498 1229 istarum
525 1197 666 1229 duarum
690 1190 837 1226 tribuum
858 1188 924 1225 sors
943 1187 1052 1225 suitin

292 1256 409 1279 totum
423 1244 598 1279 distincita.v

341 1297 421 1328 Hoc
450 1304 683 1343 argumentum
711 1289 855 1326 aliterfic
880 1303 1052 1338 propono.

291 1345 428 1379 Partitio
456 1343 591 1383 Ezekielir
618 1343 761 1376 omnino
787 1342 910 1375 diveria
935 1338 1051 1373 fuitab

297 1405 354 1426 om
362 1395 478 1439 ni‚quae
491 1387 540 1428 vel
553 1388 671 1427 diebus
681 1391 783 1438 loslmae
795 1389 846 1424 vel
858 1390 927 1423 ullis
941 1389 1048 1437 poste-

292 1443 436 1476 rioribus
448 1440 535 1477 fnsta
545 1441 601 1477 est.
640 1444 730 1476 Nam
742 1440 898 1474 Ezekiclis
911 1451 980 1486 cap.
993 1440 1051 1484 48.

291 1504 502 1539 unaquaeque
524 1491 628 1526 tribus
649 1493 807 1538 aequalem
825 1493 858 1524 &
871 1489 1050 1523 distinctam

288 1540 414 1575 sortem
428 1541 622 1590 affequitur„
634 1541 689 1575 sed
702 1551 865 1586 ternpore,
877 1541 926 1573 vel
938 1540 1048 1585 primi,

287 1589 341 1625 vel
359 1591 485 1624 secundi
507 1591 619 1638 templi
638 1589 739 1624 sortes
755 1588 902 1622 tribuum
918 1590 1050 1623 luerunt

286 1641 472 1679 admodum
483 1641 661 1687 inaeqnales
675 1644 707 1675 &
719 1641 802 1672 inter
814 1637 843 1672 se
854 1637 1045 1672 commistae.

285 1693 397 1725 Sortes
422 1693 492 1726 luda
521 1694 554 1725 ὃ(
583 1692 720 1739 Ephraim
747 1692 885 1732 majores
913 1686 1047 1722 fuerunt

285 1740 382 1788 quam
398 1741 544 1775 tribuum
558 1751 745 1774 caeteratum
758 1736 825 1772 fere
836 1739 1000 1771 omnium:
1011 1741 1045 1772 ἃ

285 1793 358 1825 Inda
379 1803 415 1824 ac
438 1794 592 1835 Beiijamin
615 1792 660 1824 ita
680 1786 848 1823 commisti
867 1798 958 1822 crant
977 1811 984 1824 ‚
1011 1798 1046 1820 ut

285 1840 600 1886 Hierosolymorum
614 1839 723 1887 aliqua
736 1849 806 1885 pars
818 1838 856 1872 ad
868 1849 980 1875 unum,
992 1836 1046 1870 ali—

284 1901 350 1935 qua
363 1891 404 1924 ad
416 1890 553 1924 alterum
568 1889 739 1937 spectaret.
755 1888 861 1922 Gadin
874 1886 1046 1920 sortitione

283 1939 391 1984 Ioslmae
402 1940 666 1985 ultraJordanem
677 1939 710 1971 in
721 1935 864 1970 maxime
878 1935 1045 1976 Orientali

286 1991 322 2022 δε
340 1986 592 2035 septentrionali
615 1989 770 2035 Regione
794 1986 947 2020 Clianaan
971 1985 1046 2020 litus

285 2037 330 2072 cst
350 2062 358 2077 ,
383 2037 437 2071 sed
456 2038 489 2070 in
510 2038 690 2084 partitione
710 2033 889 2073 Eze'iclisin
906 2035 1041 2069 maxime

283 2086 502 2121 Meridionali
522 2099 558 2120 ac
572 2085 780 2121 Occidentali
797 2100 807 2120 .·
836 2092 903 2120 Dan
920 2086 953 2118 in
968 2097 1043 2132 par-

283 2138 405 2170 titione
426 2139 530 2183 loslmae
551 2139 654 2180 jacuit
672 2138 705 2169 in
727 2135 838 2169 medio
853 2134 1045 2169 philistino-

283 2197 357 2218 rum
372 2210 381 2224 ,
400 2183 454 2218 sed
472 2187 505 2219 in
522 2183 656 2225 Ezekielts
667 2183 815 2232 proxime
831 2183 1044 2225 Damascum,

284 2235 343 2267 ubi
357 2245 427 2279 pars
439 2235 527 2267 istius
544 2232 647 2267 tribui
661 2233 741 2266 olim
755 2244 971 2279 occupaverat
983 2242 1041 2268 La-

282 2281 368 2326 chish
381 2282 421 2315 ad
435 2281 828 2328 caputJordanis.10shua
840 2282 965 2314 locavit
978 2289 1041 2314 Na-

275 2330 569 2379 phtalt,1ffachar,&
582 2331 710 2364 zabulun
721 2331 753 2363 in
769 2327 1040 2368 Galilaefi‚l-liero-

280 2379 415 2423 solymis
427 2380 468 2413 ad
481 2380 773 2426 Septentrionem:
792 2376 843 2412 sed
854 2379 968 2421 EzeQel
980 2389 1039 2410 eos

279 2423 370 2464 locat
383 2429 420 2462 ad
432 2430 571 2462 civitatis
582 2428 700 2463 saneiae
712 2426 899 2460 meridiem.
926 2429 959 2459 In
973 2428 1038 2473 pri·

282 2492 338 2514 ma
357 2480 510 2526 partione
528 2479 650 2512 Levitae
673 2480 706 2511 &
720 2476 907 2511 sacerdotes
918 2474 972 2510 etfi
985 2488 1038 2510 ur-

281 2528 339 2563 bes
357 2532 390 2562 &
407 2526 561 2562 suburbia
580 2528 612 2560 in
633 2528 730 2559 omni
752 2525 841 2560 tribu
863 2524 1040 2561 haberent,

281 2578 403 2613 nullam
416 2589 527 2611 tamen
539 2575 656 2610 sortem
667 2577 867 2624 peculiarem
881 2579 915 2609 &
926 2573 1038 2609 distin-

281 2630 368 2662 &am
381 2637 590 2674 acceperunt.
605 2631 651 2659 At
661 2626 841 2672 partitione
854 2624 1042 2673 posteriori,

282 2677 467 2725 primitialis
479 2688 552 2722 ager
564 2675 1039 2714 Sacerdotum‚Levitarum,&

284 2726 631 2766 civitatis‚milliarium
643 2723 1039 2770 quinquagintalatitudi—

285 2789 326 2811 ne
338 2779 439 2811 iudam
452 2775 469 2809 εὶ
482 2775 647 2819 Benjamine
660 2771 849 2818 separabat,
866 2775 900 2805 &
911 2773 1012 2806 ludam
1023 2772 1041 2805 a

284 2826 538 2871 septentrione,
550 2835 586 2857 ac
598 2823 795 2868 Benjamincm
806 2819 822 2855 Ξι
834 2820 976 2855 Meridie
988 2823 1040 2856 lo-

287 2875 394 2909 cabat.

337 2926 507 2965 Quintum
543 2932 772 2969 argumentum
785 2947 792 2954 .
835 2921 880 2954 Ex
915 2919 1042 2969 templo

285 2973 417 3014 Ezekielis
429 2972 553 3007 fluebat
566 2971 642 3005 fons
652 2983 741 3017 aqnae
756 2969 835 3004 vivae
846 2971 903 3015 qui
917 2982 994 3004 mox
1006 2972 1038 3003 in

284 3034 442 3069 magnum
455 3022 578 3056 flumen
594 3020 773 3056 evadebat,
795 3019 891 3065 quod
912 3021 945 3052 in
963 3021 1041 3067 ripis

284 3071 480 3104 vestiebatur
492 3071 585 3118 copiti
596 3069 750 3103 arborum
766 3094 775 3109 ,
787 3081 859 3114 quae
872 3071 1038 3116 perpetuis

282 3118 370 3154 foliis
383 3133 417 3152 ac
428 3119 590 3154 frustibus
602 3120 772 3153 menstruis
783 3118 945 3153 florebant
957 3145 965 3160 ,
978 3119 1039 3154 hu-

280 3167 393 3214 jusque
406 3170 464 3200 rivi
476 3181 567 3214 aquae
588 3171 619 3202 in
638 3182 727 3203 mare
741 3181 914 3203 mortuum
930 3168 1038 3204 fluen-

281 3228 331 3252 tes
344 3216 502 3253 curabant
517 3215 674 3253 foetidum
686 3218 780 3254 illum
794 3220 904 3255 lacum
917 3218 1038 3268 Asphal-

1024 124 1509 168 HrsToR101

1094 199 1179 238 iiten,
1193 198 1236 232 ita
1247 200 1325 233 utin
1339 200 1509 248 posterum
1521 202 1554 237 in
1567 215 1606 240 eo
1615 203 1715 252 pisces
1725 206 1852 243 affatim

1098 249 1243 282 viverent
1265 265 1276 294 3
1302 249 1506 286 nihilautem
1529 251 1635 288 talein
1655 260 1785 303 templo
1803 255 1856 293 vel

1099 300 1206 344 primo
1226 302 1277 335 vel
1298 298 1442 336 secundo
1462 304 1611 350 apparuit
1639 318 1650 347 3
1683 305 1789 341 nullus
1808 306 1857 342 ibi

1100 350 1242 383 omnino
1258 349 1331 385 fons
1347 376 1357 391 ‚
1383 362 1490 398 neque
1502 350 1586 386 ullus
1602 353 1858 402 Hierosolymis,

1099 398 1202 437 rivus,
1224 410 1282 445 pet
1294 399 1435 435 secretos
1447 401 1584 447 quidem
1598 403 1858 449 aquaeduetuum

1101 456 1226 480 meatus
1242 446 1299 491 (ut
1308 461 1417 483 narrat
1426 451 1567 498 losephm)
1579 450 1635 486 sub
1646 455 1745 488 altare
1757 453 1857 492 holo÷

1097 495 1193 528 causti
1203 495 1352 531 fluebant
1363 497 1589 535 subterrestres
1602 514 1692 549 aquae
1704 503 1743 538 ad
1759 501 1858 548 sacri-j

1100 543 1253 579 liciorum
1273 546 1385 582 sordes
1412 548 1596 584 evehendus
1614 552 1648 584 in
1668 563 1855 588 torrentem

1098 595 1206 628 Kidroiz
1224 620 1234 636 ,
1262 597 1320 642 qui
1333 609 1371 631 ex
1384 609 1499 633 monte
1512 598 1639 634 Oliveti
1660 613 1717 647 per
1734 601 1855 637 vallem

1101 643 1237 678 Hinnon
1249 647 1413 683 orientale
1439 647 1757 694 Hierosolymorum
1774 652 1858 686 latus

1101 693 1256 730 transiens
1267 721 1276 735 ‚
1286 708 1342 743 per
1354 695 1521 731 desertum
1531 698 1621 746 Judae
1634 700 1664 733 in
1679 699 1860 741 lacumAs-

1099 742 1257 789 plialtiten
1279 745 1404 780 fluebat
1424 761 1433 788 ς
1460 744 1516 783 sed
1537 758 1663 783 torrens
1675 748 1727 783 hic
1739 749 1861 798 procul,

1100 791 1233 828 abfuita
1244 793 1359 836 fluvio,
1371 795 1504 844 ejusque
1519 797 1593 845 ripae
1605 797 1789 846 plerunque
1798 812 1863 835 nu-

1101 841 1561 880 daeerantomnivelarbusto
1583 861 1591 880 :
1611 847 1651 881 ad
1666 848 1754 882 hunc
1764 849 1856 884 diem

1100 903 1208 925 maner
1220 904 1308 927 mare
1321 905 1491 928 mortuum
1502 897 1734 930 amarissimum
1746 902 1779 933 &
1792 898 1858 933 foe-

1098 940 1288 976 tidislimum
1308 967 1318 984 ,
1347 955 1517 991 omneque
1531 945 1776 991 quodillabitur
1786 950 1859 984 ani-

1099 990 1164 1023 mal
1176 1004 1302 1026 necans.

1147 1042 1303 1089 Denique
1316 1053 1540 1090 argumentor.
1554 1046 1590 1078 In
1602 1057 1682 1094 agro
1693 1048 1857 1094 primitiali

1098 1104 1214 1138 magna
1225 1093 1339 1138 portio
1352 1092 1525 1140 affignatur
1544 1096 1683 1143 Principi
1696 1109 1767 1147 quae
1779 1109 1853 1131 am-

1097 1140 1208 1175 bitbat
1229 1143 1419 1188 portionem
1445 1143 1654 1179 sacerdotum
1674 1171 1683 1187 ‚
1718 1148 1854 1182 Levita-

1096 1203 1168 1224 rum
1183 1215 1192 1230 ‚
1217 1191 1353 1226 &urbis
1373 1205 1382 1225 ι
1414 1194 1517 1240 Atqui
1532 1193 1612 1230 nihil
1625 1195 1689 1229 tale
1702 1207 1856 1244 tempore

1097 1239 1230 1274 secundi
1245 1244 1360 1287 templi
1375 1245 1501 1278 accidit.
1516 1245 1605 1278 Nam
1619 1247 1782 1294 Principes
1792 1246 1855 1294 Ju-

1096 1291 1245 1324 daeorum
1264 1291 1337 1336 post
1365 1294 1587 1337 captivitatem
1611 1294 1854 1341 Babylonicam

1097 1341 1153 1386 qui
1171 1351 1244 1374 ante
1257 1340 1470 1376 Maccabaeos
1490 1345 1661 1384 vixerunt,
1678 1345 1855 1391 parvaead-

1097 1389 1235 1423 modum
1248 1401 1341 1424 erant
1351 1394 1526 1435 majestatis
1538 1397 1572 1427 ὅ(
1585 1396 1628 1426 rei
1641 1393 1734 1428 valde
1746 1396 1856 1428 tenuis

1095 1451 1344 1487 paucorumque
1362 1453 1514 1488 agrorum
1534 1467 1543 1483 ,
1569 1441 1639 1476 imo
1653 1443 1823 1477 nullorum
1836 1442 1857 1479 εὶ

1094 1490 1215 1522 caeteris
1226 1488 1378 1523 tribubus
1391 1490 1622 1525 distinCmrum
1653 1507 1660 1526 :
1689 1497 1722 1527 &
1742 1491 1821 1527 vero
1836 1492 1855 1527 ὲ

1092 1537 1249 1572 lateribus
1266 1540 1431 1586 portionis
1449 1540 1563 1574 sanctae
1584 1540 1663 1574 nibil
1679 1543 1713 1574 ad
1727 1542 1857 1591 Prgnci-

1093 1600 1147 1632 pes
1175 1590 1208 1620 in
1231 1599 1314 1621 terra
1339 1588 1499 1622 (hanaan
1518 1589 1710 1624 remanebat
1728 1590 1823 1638 spatii
1840 1605 1854 1633 ς

1093 1638 1160 1671 liaec
1171 1639 1258 1671 enim
1271 1639 1385 1685 portio
1396 1639 1626 1687 quadrangula
1637 1639 1779 1674 habebat
1790 1653 1852 1675 un-

1092 1689 1192 1734 dique
1205 1688 1300 1721 vicies
1313 1690 1488 1734 quinquies
1500 1689 1589 1724 mille
1602 1691 1751 1724 calamos
1762 1717 1771 1731 ‚
1783 1690 1851 1725 hoc

1091 1737 1135 1771 est
1149 1761 1157 1773 ‚
1177 1735 1326 1772 milliaria
1349 1736 1588 1786 Italica'praeter
1601 1751 1736 1787 propter
1750 1743 1852 1787 quin-

1091 1788 1260 1834 quaginta3
1272 1799 1355 1820 terra
1367 1799 1477 1822 autem
1491 1790 1508 1822 a
1518 1797 1587 1824 Dan
1599 1790 1636 1823 ad
1648 1791 1851 1837 Beerschebam

1092 1839 1224 1883 patebat
1235 1848 1362 1871 tantum
1377 1849 1510 1872 centum
1524 1839 1688 1886 sexaginta
1701 1840 1847 1875 milliaria

1085 1887 1200 1920 italica
1219 1889 1253 1921 ἃ
1267 1885 1331 1933 qua
1351 1887 1411 1922 fuit
1423 1887 1573 1922 latiffima
1587 1912 1599 1928 ,
1624 1891 1723 1923 etiam
1737 1900 1849 1936 partes

1091 1936 1337 1978 transjordanas
1358 1938 1527 1972 includens
1549 1962 1558 1978 ,
1580 1950 1647 1972 non
1661 1936 1852 1985 suprasexa-

1090 1988 1181 2031 ginta
1201 1999 1209 2020 t
1230 1985 1247 2021 ὲ
1266 1987 1347 2020 mari
1365 1985 1442 2021 vero
1453 1987 1704 2022 Mediterraneo
1715 1988 1756 2021 ad
1766 1987 1853 2034 Jor-

1088 2036 1209 2070 danem
1223 2038 1271 2070 vix
1283 2038 1524 2084 quinquaginta
1537 2035 1683 2070 milliaria
1693 2039 1849 2084 reperim

1089 2096 1121 2119 ur
1134 2085 1262 2132 patebit
1272 2088 1323 2120 vel
1339 2088 1514 2123 Mrichonii,
1525 2087 1576 2120 vel
1589 2087 1692 2122 Ftclleri
1701 2111 1710 2126 ‚
1721 2085 1772 2120 vel
1784 2098 1845 2120 cu·-

1085 2135 1267 2182 juscunque
1278 2135 1360 2170 alifis
1374 2147 1464 2170 terrae
1482 2135 1596 2171 saneiae
1610 2136 1846 2170 Chartascon-

1086 2184 1240 2218 fideranti
1253 2209 1262 2222 ,
1276 2189 1308 2220 ἅ
1323 2198 1397 2219 cum
1412 2187 1448 2218 iis
1461 2185 1687 2230 comparanti,
1705 2181 1755 2217 seu
1768 2188 1849 2218 Cor-

1084 2234 1150 2267 nelii
1161 2231 1177 2265 ἃ
1189 2236 1291 2278 Lapide
1303 2232 1357 2266 seu
1367 2233 1550 2276 Richardsbm'
1570 2234 1601 2264 in
1622 2235 1730 2266 fullero
1743 2244 1795 2280 iyp
1802 2244 1843 2266 os

1084 2292 1119 2312 ex
1130 2280 1258 2318 Ezektele
1267 2281 1455 2324 descriptos.
1467 2280 1608 2314 Polliciti
1621 2282 1759 2327 quidem
1771 2284 1844 2316 lunt

1085 2328 1314 2362 Annotatores
1343 2330 1514 2377 Anglicani
1540 2330 1646 2363 ultimi
1672 2330 1715 2363 ad
1742 2330 1844 2365 finem

1083 2376 1326 2424 quadragesimi
1346 2379 1456 2411 offitavi
1477 2377 1614 2419 Ezekielis
1628 2377 1847 2426 subsequutu-

1084 2437 1149 2459 ram
1179 2427 1491 2475 Chorographicam
1522 2428 1681 2476 Mappam
1701 2453 1710 2466 ,
1736 2428 1789 2464 sed
1807 2429 1843 2465 id

1084 2473 1278 2522 promissum
1292 2488 1361 2510 non
1374 2478 1603 2524 ptaestiterunt.
1617 2479 1662 2512 E<
1677 2477 1844 2524 hujusmo-

1084 2526 1118 2558 di
1139 2525 1258 2560 tabulis
1277 2525 1372 2561 facile
1395 2526 1568 2574 perspicies
1587 2529 1620 2560 in
1647 2527 1844 2562 Chananaeiz

1082 2573 1518 2622 longitudineinteriacram
1529 2578 1721 2624 portionem
1733 2575 1845 2616 &sorq

1084 2635 1151 2657 tem
1163 2627 1231 2659 ludit
1243 2625 1283 2659 ad
1298 2625 1503 2672 Aquilonem
1516 2650 1526 2665 ,
1541 2625 1749 2673 eandemque
1763 2638 1844 2674 por·-

1084 2674 1210 2708 tionem
1228 2686 1266 2709 ac
1285 2673 1407 2707 sortem
1427 2675 1642 2721 Benjaminiad
1655 2677 1842 2715 meridiem,

1085 2723 1227 2769 Principi
1253 2722 1333 2756 nihil
1353 2725 1507 2758 relietum
1532 2724 1706 2758 intervalli.
1752 2726 1842 2759 Nam

1084 2773 1214 2806 termini
1224 2772 1442 2820 longitudinis
1454 2784 1544 2808 terra:
1555 2776 1655 2807 etiam
1668 2777 1700 2807 in
1712 2776 1842 2816 Ezekiele

1082 2819 1149 2854 fere
1161 2821 1264 2855 iidem
1279 2822 1349 2856 sunt
1361 2834 1435 2856 cum
1449 2823 1571 2869 iosuae&
1585 2825 1739 2857 Solomonis
1751 2823 1845 2857 Cho-

1083 2871 1269 2918 rograpliifi:
1283 2871 1486 2912 Ezektelenim
1497 2873 1538 2905 ad
1551 2872 1754 2917 Aquilonem
1769 2884 1841 2906 non

1084 2921 1240 2967 procedit
1252 2924 1338 2956 ultra
1348 2922 1592 2959 Darnascum,&
1606 2921 1648 2954 ad
1661 2921 1841 2956 Meridiem

1084 2981 1153 3001 non
1172 2971 1254 3003 ultra
1269 2971 1437 3003 civitatem
1457 2976 1566 3004 Tamar
1586 2973 1620 3003 &
1640 2970 1843 3016 Cadeschbar-

1081 3031 1134 3052 nea
1155 3032 1165 3052 .·
1191 3017 1222 3051 lii
1243 3029 1355 3052 autem
1374 3028 1468 3051 erant
1480 3019 1606 3064 antiqui
1620 3030 1711 3052 terrae
1723 3021 1842 3055 sanctae

1083 3066 1213 3100 termini
1225 3066 1282 3101 sub
1294 3069 1401 3114 primo
1416 3068 1658 3114 templo.David
1668 3070 1772 3109 enim,
1785 3077 1843 3104 Sa-

1081 3119 1197 3158 lomon,
1220 3120 1254 3151 &
1274 3117 1420 3151 leroboam
1432 3116 1840 3163 secundusAquilonarem

1081 3179 1116 3200 ac
1135 3165 1341 3201 Orientalem
1363 3165 1453 3200 suum
1474 3167 1612 3202 limitem
1642 3169 1723 3201 ultra
1741 3167 1840 3202 Liba-

1080 3227 1159 3250 num
1179 3219 1212 3251 &
1232 3215 1434 3252 Damascum
1455 3215 1553 3264 usque
1573 3217 1612 3252 ad
1631 3215 1838 3265 Euphratem

1722 3274 1837 3298 CXICU-
