2048 3343
429 144 496 172 εἰ·
553 134 1246 175 (ΖΗιιοΝοιοοιοι

190 206 307 258 probat
322 207 430 256 (quod
441 210 587 257 inprimis
597 209 708 257 egebat
721 206 940 256 probatione)

185 259 348 292 auetorcm
359 258 499 294 Secundi
511 260 652 306 incipere
668 258 709 292 ab
721 260 895 299 Autumno
907 259 942 289 ὃ(

183 305 410 354 Hyperberctaeo.
435 309 564 342 Deinde
579 308 643 341 hoc
656 307 754 340 etiam
773 301 941 343 concesso,

186 356 369 390 Secundum
390 358 531 403 incipere
550 353 642 389 suum
654 365 777 388 annum
805 353 847 388 ab
873 354 941 387 Au-

185 415 324 444 tumno,
335 405 437 439 adhuc
450 415 592 438 remanet
608 403 743 438 dubium
755 430 763 441 ‚
779 415 860 438 num
881 415 940 437 au-

188 464 320 489 tumnus
341 454 393 488 ille
412 452 559 500 sequatur
577 466 616 487 an
636 452 795 500 praecedat
811 450 943 486 Xanthi-

186 517 260 537 cum.
280 501 381 539 Certe
390 513 477 537 tanta
489 504 522 536 in
531 503 724 537 Graecorum
734 502 869 537 istorum
881 514 939 536 an-

183 564 301 587 norum
322 553 549 587 numeratione
572 553 765 599 perplexitas
785 551 829 586 est
843 562 941 598 atque

181 600 332 635 confusio
347 626 357 641 ‚
382 613 417 636 ut
436 599 632 635 acutissimus
647 602 711 649 ipse
731 600 938 651 Scaligeream

181 649 341 689 fateatur,
363 654 398 685 δε
420 663 486 685 tam
505 651 647 685 Serrarim
663 649 758 699 quam
781 650 938 684 Tormellus

184 711 263 735 toto
286 700 422 734 biennio
443 699 616 734 secundum
639 702 807 734 auditorem
834 698 852 731 d
872 701 937 745 pri-

184 762 243 784 mo
264 750 296 783 in
316 747 375 783 suis
395 749 674 784 numerationibus
692 747 819 783 differre
840 749 939 794 prosi—

183 809 309 835 teatur‚
327 800 549 847 licetuterque
561 796 740 846 liicJesuita
749 798 794 832 ob
806 797 878 831 suos
894 801 939 833 la-

184 847 278 882 bores
291 847 308 880 a
319 846 414 882 fratre
428 846 486 883 suo
503 847 624 882 Petavio
637 847 728 881 valde
741 847 881 893 vapulet.

233 896 361 931 Tertio.
389 902 589 944 Quanquam
602 899 715 931 omnia
727 896 844 930 petavii
865 897 939 929 Me-

187 946 285 994 dique
303 945 463 993 postulata
490 946 703 994 largiremur,
734 958 801 979 non
827 956 938 978 tamen

185 995 328 1041 ipsorum
339 995 403 1029 liaec
414 995 578 1029 Medicina
592 995 745 1028 morbum
756 1005 868 1028 curat:
887 1005 938 1027 ec-

187 1056 224 1077 ce
247 1045 333 1078 enim
356 1046 387 1078 in
414 1058 492 1091 quas
515 1045 543 1078 se
563 1045 744 1089 conjiciunt
767 1042 939 1089 angustia&

185 1094 316 1128 Fatetur
329 1093 438 1128 Medus
452 1118 461 1134 ,
480 1090 654 1140 Epiphanem
665 1091 841 1138 oportuisse
855 1092 939 1125 mori

185 1141 322 1179 Xanthici
339 1143 495 1189 principio
515 1167 525 1182 ‚
570 1154 673 1189 neque
709 1139 805 1175 scrius
836 1152 939 1187 neque

187 1189 307 1239 ocyu35
330 1204 396 1224 non
419 1193 512 1224 citius
532 1214 541 1230 ‚
573 1193 649 1238 quia
668 1202 739 1224 ante
762 1187 939 1224 Xanthiam,

185 1253 290 1275 annus
316 1238 510 1274 centesimus
545 1240 803 1287 quadragesimus
831 1250 939 1272 nonus

183 1291 361 1335 inceperat:
376 1301 443 1322 non
456 1287 552 1322 serius
567 1315 574 1328 ‚
588 1288 842 1336 quia‘centesimi
856 1301 937 1336 qua⁶

183 1337 352 1385 dragesiini
387 1339 493 1371 oetrvi
527 1335 666 1371 Xanthici
688 1338 938 1385 decimoquinto

183 1399 354 1422 mortuum
375 1390 569 1434 pronunciat
583 1387 663 1421 liber
674 1386 844 1421 secundus.
872 1387 939 1421 Ad-

185 1437 300 1471 damus
317 1449 354 1471 ex
368 1436 513 1486 Scaligero
524 1438 716 1471 Graecorum
731 1449 853 1470 annum
872 1438 938 1470 Au-

185 1487 368 1520 tumnalem
392 1499 459 1519 non
485 1484 501 1518 a
522 1488 626 1531 primo
655 1485 864 1533 Hyperberer..i
889 1485 940 1519 sed

183 1537 304 1569 οᾶανο
317 1560 325 1573 ,
345 1534 490 1580 adeoque
505 1538 651 1569 Vernum
672 1536 712 1568 ab
735 1538 855 1569 odtavo
872 1549 940 1569 non

185 1586 291 1632 primo
313 1580 448 1618 Xanthia
469 1584 610 1630 incipere
630 1598 638 1618 ι
666 1586 773 1631 itaque
792 1586 940 1631 oportuit

186 1629 371 1669 ,Antiochum
381 1634 464 1667 mori
478 1634 546 1680 post
557 1635 639 1667 diem
654 1635 804 1668 offitavum
816 1630 941 1669 Xanthi-

189 1684 226 1721 ci,
243 1687 273 1716 &
287 1682 324 1716 de
333 1687 402 1726 ejus
414 1694 520 1716 morte
534 1681 636 1717 filiuni
653 1687 822 1729 Eupatorem
833 1686 870 1717 ad
883 1683 940 1729 Ju-

189 1732 274 1766 daeos
287 1731 422 1766 scribere
437 1743 509 1765 ante
520 1730 851 1779 decimumquintum.
877 1736 941 1767 Iter

187 1781 357 1828 Elymaide
371 1782 402 1814 in
413 1778 525 1815 ultima‘i
538 1781 645 1816 Persii,
656 1783 703 1816 vel
714 1784 811 1816 etiam
822 1781 837 1816 a
847 1795 942 1817 mon-

189 1832 275 1865 tibus
288 1830 402 1865 Mediae
414 1832 467 1864 ubi
481 1842 628 1864 mortuus
639 1831 756 1865 dicitur
766 1833 943 1869 Antiochus,

187 1879 402 1915 Antiochiam
420 1881 514 1925 Syriae
529 1905 538 1920 ,
549 1880 653 1914 sedem
667 1883 825 1928 Eupatoris,
838 1881 943 1916 multo

190 1930 336 1976 plurium
358 1928 402 1963 est
422 1929 545 1964 dierum
569 1943 664 1977 quam
688 1930 831 1977 septem:
857 1933 899 1965 ita
910 1942 946 1965 ut

191 1981 349 2013 nuncium
361 1989 496 2025 paternae
509 1981 622 2014 mortis
642 1980 679 2014 ad
691 1983 864 2027 Eupatorem
873 1991 942 2015 tan-

190 2029 424 2075 tillotempote
441 2029 605 2073 pervenire
615 2042 683 2064 non
702 2031 853 2076 potuerit.
878 2031 947 2064 Da-

191 2087 229 2110 to
241 2078 327 2111 enim
340 2076 407 2123 ipso
422 2080 526 2124 primo
537 2079 586 2112 die
599 2081 675 2113 anni
693 2077 858 2114 centesimi
869 2092 948 2125 qua—

193 2125 360 2174 dragesimi
378 2129 457 2160 noni
480 2138 668 2168 mortuum,
694 2130 811 2163 otoravo
832 2128 949 2163 scilicet

195 2174 332 2211 Xanthia
345 2201 352 2215 ,
369 2187 446 2209 num
460 2188 535 2210 ante
553 2177 873 2226 decimumquintum
886 2181 949 2212 Eu-

189 2236 275 2272 pator
285 2238 352 2258 non
365 2223 491 2259 tantum
505 2226 583 2259 illud
596 2228 751 2260 nuncium
763 2238 851 2262 certo
862 2228 949 2260 acci-

198 2286 292 2320 pere,
317 2273 365 2308 sed
377 2277 472 2308 etiam
494 2273 510 2308 a
532 2274 610 2318 Lysid
625 2289 678 2322 per
695 2277 800 2310 literas
817 2276 856 2309 de
873 2287 949 2321 pace

199 2335 274 2356 cum
288 2323 402 2368 judaeis
415 2324 566 2356 solicitari
579 2347 587 2359 ,
610 2330 640 2358 δε
654 2325 691 2358 de
708 2325 794 2359 istius
805 2326 889 2371 pacis
902 2325 951 2358 le-

199 2370 294 2418 gibus
305 2384 377 2405 curn
392 2371 453 2405 suis
470 2370 652 2405 consiliariis
663 2372 839 2406 deliberare
848 2385 882 2406 ac
894 2374 950 2406 de-

198 2431 330 2452 cernere
355 2421 510 2458 valuerit‚
535 2420 688 2467 quodque
708 2420 892 2455 decrevisset
913 2421 949 2455 ad

201 2466 334 2513 Judaeos
352 2466 542 2515 perscribere
559 2474 571 2502 ἓ
609 2470 675 2503 Cui
695 2470 751 2504 ista
771 2472 821 2504 vel
839 2471 952 2505 Medus

203 2515 254 2553 vel
266 2519 404 2550 Petamus
417 2516 621 2563 persuaserit?

254 2565 396 2611 Qrarto.
424 2567 583 2600 Maturior
605 2565 766 2601 oAntiochi
789 2579 876 2601 mors
894 2566 952 2601 effe

204 2628 271 2649 non
285 2617 389 2661 potnit
403 2614 498 2663 quam
513 2615 580 2661 ipso
593 2618 698 2664 primo
710 2616 773 2656 die,
786 2617 833 2650 vel
848 2617 953 2663 primo

201 2664 310 2699 mense
328 2666 402 2698 anni
421 2666 583 2699 centesimi
600 2664 832 2713 quadragesimi
851 2667 953 2705 noni,

197 2727 273 2748 nam
286 2715 433 2761 purgavit
446 2716 604 2761 templum
627 2715 711 2748 ludas
724 2717 798 2749 anni
819 2714 953 2749 centesi-

198 2765 245 2798 mi
265 2764 498 2811 quadragesimi
520 2765 624 2797 oetavi
647 2763 761 2798 mensis
782 2763 884 2810 Cafleu
902 2764 952 2798 seu

201 2813 360 2860 exspem,
379 2813 475 2847 nostri
498 2812 690 2846 Decembris
705 2811 955 2859 vicesimoquin-

203 2872 252 2895 to.
280 2861 406 2896 Deinde
429 2862 499 2907 post
522 2862 646 2896 dierum
662 2862 739 2895 octo
759 2860 892 2895 solenne
911 2860 956 2894 fe-

204 2910 289 2944 stum
302 2913 410 2945 multo
428 2912 538 2945 labore
558 2923 707 2945 montem
720 2913 852 2944 Sionem
871 2923 955 2944 moe-

206 2959 303 2993 nibus
326 2973 360 2993 ac
386 2962 625 2995 munitionibus
654 2961 896 2999 circumdedit,
923 2965 954 2993 &

205 3007 313 3055 postea
330 3009 463 3054 plurima
482 3012 582 3056 praelia
604 3023 677 3044 cum
697 3010 856 3047 Edomitis.
870 3012 955 3044 Am-

206 3055 336 3095 monitis,
351 3056 660 3101 Arabibus‚Fh1l1'staeis
672 3084 680 3098 ,
697 3063 780 3100 Syris,
793 3072 826 3093 ac
841 3061 936 3092 Graecis
947 3083 956 3098 ‚

207 3107 405 3152 depugnavit
424 3118 430 3141 :
460 3105 575 3140 multas
590 3122 674 3143 arces
689 3121 724 3142 ac
743 3110 883 3143 munitas
904 3120 957 3141 ur-

211 3155 267 3190 bes
281 3155 384 3200 cepit,
402 3165 437 3187 ut
447 3155 554 3189 videre
565 3156 606 3191 est
632 3171 643 3191 1
661 3159 808 3194 Maccab.
827 3170 858 3203 5.
880 3157 955 3191 isto-

211 3215 347 3253 tumque
358 3204 518 3240 nuncium
532 3205 570 3241 ad
580 3204 764 3243 Antiochum
781 3203 958 3256 Epiphanem

1301 139 1420 179 Lrn.
1448 142 1478 181 1.
1665 138 1751 189 '263'

993 209 1140 255 pervenit
1157 209 1330 249 Ecbatanis
1347 214 1489 257 Mediae,
1508 212 1670 252 mensium
1689 220 1749 254 ali-

992 269 1075 303 quot
1088 261 1202 295 itinere
1215 256 1348 303 &judaea
1367 262 1576 306 distantibus,
1595 276 1692 314 atque
1703 279 1744 304 eit

989 307 1069 342 tristi
1083 309 1139 343 illo
1160 311 1283 344 nuncio
1311 309 1467 346 decubuit
1492 311 1660 350 Antiochus
1688 330 1744 364 per

989 357 1110 390 multos
1120 358 1184 392 dies
1193 386 1201 398 ,
1214 358 1410 407 tandemque
1422 371 1568 399 mortuus
1580 364 1625 400 est
1635 387 1642 401 ,
1659 365 1743 411 ejus-

985 416 1047 450 que
1059 408 1176 440 niortis
1193 421 1261 442 non
1274 407 1370 448 fama,
1382 407 1435 443 sed
1446 421 1571 446 certum
1584 416 1740 451 nuncium

987 453 1026 487 ad
1037 452 1142 489 filium
1157 456 1190 489 in
1209 456 1299 503 Syriai
1316 456 1460 492 delatum
1473 458 1517 493 est
1535 483 1545 500 ‚
1568 462 1742 511 posteaque

986 502 1099 551 legatis
1117 503 1200 539 ultro
1222 502 1373 553 citroque
1393 508 1601 542 inter'Iudam
1621 513 1656 544 ὃς
1679 516 1742 559 Ly.

975 553 1049 594 fiam
1066 552 1330 588 commeantibus
1348 579 1358 594 ‚
1388 569 1448 603 pax
1468 558 1551 592 inter
1566 561 1741 603 Eupatorem

986 612 1057 636 tum
1073 603 1204 650 Regem
1223 607 1255 638 δε
1272 604 1399 651 Judaeos
1410 608 1566 651 trama-&a
1579 607 1624 642 est
1635 612 1666 643 &
1679 608 1742 644 sta-

986 650 1086 685 bilita.
1121 654 1210 686 Num
1234 664 1287 687 tot
1311 653 1467 702 tantaque
1488 656 1590 691 tribus
1618 656 1740 692 menfi-

985 700 1043 733 bus
1056 699 1208 745 hybernis
1231 702 1302 748 post
1315 704 1446 739 initium
1464 703 1583 747 scilicet
1593 706 1739 754 Januarii

983 752 1017 783 δε
1037 761 1110 784 ante
1127 751 1271 785 medium
1293 753 1440 799 Aprilem
1460 765 1639 802 potuerunt
1665 769 1740 804 per-

984 800 1060 845 agi?
1738 800 1739 803 Ἴ

1034 847 1323 884 Verumenimvero
1339 849 1567 899 abrumpentes
1585 853 1736 900 Apocry—

985 895 1062 942 plias
1076 909 1195 944 nugas,
1210 897 1249 931 sic
1262 899 1525 948 irrefragabiliter
1537 902 1740 938 demonstra-

986 957 1055 978 mus
1070 948 1254 980 commenti
1268 951 1448 989 petaviani,
1479 953 1512 984 in
1538 965 1606 999 quo
1623 963 1738 987 tanto-

985 1006 1057 1039 pere
1073 993 1129 1027 libi
1144 995 1247 1041 placet
1259 997 1370 1030 Medus
1382 1020 1390 1032 ‚
1400 998 1604 1034 certissimam
1616 1001 1740 1036 falsita'-

984 1053 1060 1077 tem.
1086 1045 1237 1078 Siau&or
1247 1044 1380 1080 secundi
1393 1047 1651 1083 Maccahaeorum
1660 1050 1737 1086 suos

983 1104 1086 1127 annos
1096 1094 1226 1140 incipiat
1235 1093 1275 1127 ab
1289 1095 1474 1136 Autumno,
1487 1097 1529 1130 ita
1540 1107 1577 1131 ut
1585 1097 1738 1145 Hyperbe-

983 1153 1078 1176 retaeus
1095 1143 1123 1176 ei
1137 1142 1172 1176 sit
1185 1143 1301 1178 mensis
1312 1145 1434 1191 primus
1445 1171 1454 1184 ‚
1472 1149 1504 1179 &
1515 1144 1673 1181 xanthum
1684 1146 1739 1182 seu

985 1191 1079 1238 Msan
1089 1193 1254 1238 septimus,
1267 1204 1337 1227 tum
1349 1193 1464 1228 mensis
1473 1195 1580 1241 Δυςρός
1589 1196 1738 1232 Hebraeis

983 1241 1075 1275 Adar
1086 1265 1096 1280 ‚
1123 1239 1216 1286 Nisan
1228 1241 1374 1288 proxime
1384 1244 1579 1280 antecedens
1590 1270 1600 1285 ,
1617 1246 1665 1280 illi
1680 1247 1740 1280 erit

983 1289 1090 1324 sextus
1110 1303 1118 1324 ι
1147 1291 1427 1336 quemadmodum
1450 1293 1537 1328 libro
1551 1296 1665 1342 (primo
1682 1295 1741 1342 qui

985 1339 1082 1386 Mfin
1099 1343 1129 1373 &
1139 1337 1312 1374 Xanthicum
1331 1340 1411 1376 facit
1421 1343 1564 1389 primum
1579 1367 1589 1383 ,
1606 1343 1739 1379 Adar&

985 1389 1090 1435 Δυςρός
1099 1388 1142 1423 est
1149 1389 1364 1424 duodecimus
1375 1395 1405 1426 &
1415 1392 1574 1427 ultimus:
1598 1391 1672 1438 Jam
1684 1405 1742 1428 ve-

986 1437 1022 1473 ro
1034 1438 1161 1486 secundi
1175 1437 1436 1475 Maccabaeorum
1449 1442 1576 1476 austeri
1586 1442 1692 1488 Δυςρός
1703 1446 1741 1477 δε

986 1488 1074 1522 Adar
1093 1501 1161 1522 non
1181 1488 1224 1523 est
1245 1488 1347 1524 sextus
1361 1515 1371 1529 ,
1403 1489 1457 1524 sed
1476 1491 1689 1526 duodecimus
1708 1497 1743 1527 &

985 1539 1121 1571 ultimus
1150 1561 1159 1574 ‚
1196 1549 1231 1572 ut
1267 1537 1407 1585 expresse
1437 1541 1578 1586 legimus
1601 1553 1670 1588 cap.
1691 1550 1744 1585 15.

987 1599 1077 1633 v.37.
1098 1587 1185 1634 Ergo
1201 1588 1322 1622 clarum
1343 1588 1386 1622 est
1407 1592 1440 1624 &
1461 1600 1585 1624 certum
1601 1588 1746 1634 secundi

988 1636 1247 1670 Maccahaeorum
1271 1637 1437 1671 westorem
1459 1662 1469 1678 ,
1501 1640 1619 1674 eodem
1638 1638 1742 1674 modo

987 1699 1055 1733 quo
1068 1686 1231 1720 au&orem
1255 1687 1350 1733 primi
1367 1700 1470 1721 annos
1481 1684 1557 1723 suos
1573 1693 1604 1723 &
1619 1688 1743 1724 menses

988 1747 1168 1776 numerare,
1177 1739 1207 1770 &
1217 1736 1302 1782 apud
1311 1747 1485 1783 utrumque
1493 1737 1577 1772 idem
1587 1737 1645 1773 effe
1654 1739 1747 1786 prin-

988 1786 1108 1831 cipium
1121 1785 1328 1833 eundemque
1340 1785 1439 1820 finem
1453 1799 1627 1823 annorum.
1653 1789 1744 1822 Cum

987 1836 1076 1869 enim
1088 1836 1217 1881 utrique
1228 1834 1332 1870 eAdar
1344 1835 1380 1869 sit
1391 1836 1743 1878 mensisduodecimus,

989 1885 1114 1930 utrique
1134 1885 1234 1918 etiam
1255 1886 1356 1932 Mfizn
1375 1886 1424 1920 vel
1442 1884 1601 1921 xanthicus
1619 1887 1745 1934 primus

988 1933 1023 1968 sit
1037 1943 1178 1979 oportet.

1037 1984 1128 2016 Dum
1148 1984 1180 2016 in
1199 1980 1316 2029 Jesuitz'i
1335 1993 1400 2017 tarn
1417 1985 1597 2027 jocularem
1609 1983 1748 2019 halluci-'

989 2032 1155 2065 nationem
1169 2036 1199 2066 &
1213 2033 1367 2078 puerilem
1380 2031 1586 2066 oscitantiam
1602 2033 1747 2068 adverte-

990 2094 1021 2115 re
1033 2080 1076 2115 est
1087 2082 1139 2122 (ut
1153 2081 1197 2114 illi
1208 2081 1246 2114 de
1260 2079 1404 2131 Scaligero
1413 2080 1615 2127 triumphare
1627 2083 1747 2129 placet)

991 2128 1077 2164 certe*
1088 2129 1185 2164 Medo
1199 2131 1300 2177 magis
1311 2129 1415 2166 fuisset
1433 2131 1587 2165 decorum
1599 2144 1673 2166 cum
1687 2144 1750 2176 po-

992 2181 1096 2226 pulari
1109 2180 1162 2214 suo
1175 2179 1319 2214 Reinoldo
1333 2178 1457 2214 sociasse
1466 2192 1552 2213 arma
1562 2191 1679 2215 contra
1686 2179 1750 2215 fal-

993 2229 1108 2263 sarium
1122 2228 1357 2276 Apocryphum
1370 2233 1483 2276 (quem
1490 2228 1647 2264 Reinoldus
1658 2242 1751 2278 egre-

993 2276 1045 2324 gie
1057 2278 1251 2312 demonstrat
1264 2280 1416 2312 omnium
1429 2278 1589 2313 bonarum
1610 2280 1728 2313 artium
1738 2305 1749 2319 ,

994 2328 1141 2372 inprimis
1158 2326 1396 2375 Chronologiae
1409 2327 1547 2370 rudem)
1567 2330 1599 2361 in
1616 2328 1678 2362 hoc
1698 2329 1750 2360 in-

994 2387 1092 2421 quam
1117 2389 1234 2422 campo
1262 2389 1336 2409 cum
1363 2377 1426 2409 suis
1453 2376 1613 2409 sodalibus
1639 2376 1750 2409 decuit

996 2425 1124 2458 Medum
1136 2423 1305 2459 decertasse
1324 2434 1438 2458 contra
1456 2423 1562 2458 hostes
1577 2423 1750 2463 Ecclesiae,

996 2472 1106 2520 potius
1120 2474 1216 2521 quam
1229 2474 1268 2507 ab
1279 2475 1315 2507 iis
1327 2484 1438 2507 contra
1451 2471 1559 2507 fratres
1571 2484 1752 2518 argumen—

996 2534 1028 2556 ta
1040 2523 1214 2562 mutufiss'e,
1229 2535 1320 2568 quae,
1338 2534 1413 2556 cum
1433 2522 1470 2555 ad
1484 2522 1636 2555 incudem
1656 2534 1750 2556 revo-

998 2569 1236 2618 cantur‚plane
1255 2572 1351 2605 vitrea
1369 2569 1441 2603 sunt
1462 2574 1493 2603 &
1507 2568 1601 2604 facile
1622 2569 1748 2606 diffrin-

996 2631 1128 2667 guntur.

1044 2668 1223 2713 Utcunque
1247 2668 1428 2712 rejicientes
1457 2666 1588 2701 secundi
1616 2668 1752 2704 Macca-

998 2718 1141 2752 baeorum
1154 2718 1322 2751 auetorem
1333 2741 1343 2756 ‚
1362 2721 1392 2750 &
1406 2728 1441 2750 ex
1463 2719 1569 2764 primo
1590 2718 1748 2754 Danielem

998 2770 1243 2813 interpretantes
1256 2781 1265 2805 ς
1292 2767 1440 2800 videmus
1451 2766 1622 2811 quomodo
1636 2767 1653 2801 ὲ
1663 2778 1749 2802 tem-

999 2818 1040 2862 pli
1055 2817 1236 2862 pollutione
1254 2828 1340 2849 anno
1358 2816 1552 2849 Graecorum
1573 2816 1748 2853 centesimo

998 2864 1239 2912 quadragesimo
1257 2867 1376 2912 quinto
1387 2864 1425 2898 ad
1438 2861 1598 2898 eAntiochi
1607 2877 1750 2901 mortem

1001 2915 1076 2947 anni
1087 2913 1251 2948 centesimi
1264 2913 1494 2962 quadragesimi
1504 2916 1583 2948 noni
1596 2940 1606 2955 ,
1619 2928 1687 2953 non
1698 2917 1751 2952 die

1001 2965 1106 3010 primo
1119 2962 1169 2998 sed
1187 2966 1306 3010 quovis
1316 2964 1366 2998 die
1379 2963 1466 2997 istius
1482 2965 1577 3004 anni,
1592 2965 1641 2999 vel
1652 2967 1751 3001 etiam

1001 3014 1119 3047 ultimo
1141 3016 1154 3055 (
1173 3014 1280 3046 nullus
1302 3015 1387 3046 enim
1409 3013 1458 3046 vel
1475 3012 1541 3047 dies
1563 3014 1615 3048 vel
1635 3015 1753 3051 mensis

1002 3063 1086 3096 istius
1097 3063 1171 3096 anni
1181 3064 1387 3109 exprimitur)
1400 3061 1537 3096 Danielis
1545 3063 1677 3098 ultimus
1689 3078 1754 3099 nu-

1003 3125 1106 3145 merus
1123 3111 1249 3145 dierum
1271 3110 1357 3144 mille
1379 3122 1599 3148 trecentorum
1618 3114 1753 3162 quadra-

1002 3164 1093 3210 ginta
1106 3163 1252 3211 quinque
1261 3157 1374 3198 salvari
1384 3163 1518 3208 poterit.

1631 3260 1692 3297 (λυ
1701 3262 1751 3298 AE'.
