2048 3343
93 667 191 694 E‘z’ati'lt

93 706 222 742 crudelffi-

91 756 147 772 mm
156 755 241 779 tyran-

91 794 147 813 ’.κω
161 782 167 786 ’

85 1851 230 1880 Flaminia-

85 1902 147 1920 num
169 1892 236 1919 colle-

81 1942 142 1969 gam
155 1940 235 1960 necat.

87 2642 114 2666 ln
127 2639 210 2666 stom?

87 2680 151 2706 male
170 2679 235 2706 mul-

88 2719 176 2747 c‘z‘atur.

515 143 591 169 ET

260 201 305 235 dit
315 195 323 235 ὲ
335 199 452 236 sublato
468 203 578 251 Qgro
592 212 625 236 ut
638 201 717 236 solus
729 211 869 250 regnaret
880 199 917 233 ad
925 199 1014 234 Albi-

259 263 333 284 num
349 249 582 287 subvertendum
597 250 624 285 se
637 253 801 286 convertit.
826 248 972 295 Lugduni
983 248 1014 280 in

260 300 367 333 Galla}
380 298 581 335 conferuntur
592 312 698 334 manus
708 324 718 339 ‚
742 309 845 333 totum
858 298 941 330 diem
955 295 1014 328 ob-

258 347 444 383 stinatiffime
459 359 624 402 pugnatur:
637 349 761 394 pejores
773 346 824 380 diu
837 344 938 378 Severi
947 355 1014 390 par-

258 409 303 431 tes
312 422 322 437 ‚
335 396 394 445 ipse
407 396 529 431 suffosio
537 409 620 444 equo
633 397 694 430 ruit
702 420 713 435 ‚
725 400 755 430 ὅ(
763 407 821 442 pro
828 404 955 428 mortuo
962 390 1014 426 ha-

260 446 343 481 bitus
356 445 399 480 est
412 460 421 487 ;
441 444 489 481 sed
504 449 598 481 Latus
617 446 704 479 novis
717 445 816 492 copiis
829 445 945 477 irruens
960 443 1014 476 Se-

259 508 365 530 verum
379 509 462 543 equo
475 495 624 543 imponit,
638 494 822 528 Albinianos
831 492 947 540 ingenti
956 504 1014 525 cae-

258 545 296 578 de
310 543 426 586 fundit3
447 543 507 593 ipse
522 544 652 578 Albinus
667 544 810 592 Lugduni
823 554 927 590 captus
937 553 1013 575 con-

257 591 388 628 foditur:
403 606 491 642 caput
503 593 727 628 hastaeinfixum
736 595 766 626 in
774 591 847 626 foro
858 590 1012 638 defigitur,

256 644 392 677 cadaveri
401 647 527 678 Severus
535 645 565 678 in
574 654 657 691 equo
664 641 761 677 feroci
768 640 930 676 insultavit:
945 650 1011 673 cru-

258 692 403 727 delissime
428 694 591 728 νίξὶοτίειῐῑι
610 693 744 727 exercuit
758 715 768 730 ‚
806 693 918 725 Romae
941 686 1012 734 post

257 742 462 790 triumphum,
484 743 632 790 plurimos
649 742 803 775 nobilium
817 764 827 778 ‚
846 751 908 773 tam
926 738 1011 771 viro-

254 803 323 825 rum
336 792 428 838 quam
441 803 649 825 matronarum
663 789 755 839 quasi,
772 792 881 838 QVO
894 787 939 822 vel
952 788 1009 819 Al-

255 840 321 873 bino
335 839 504 875 faventium
523 840 700 880 trucidavit,
721 839 812 872 bonis
827 837 985 884 publicatis
1000 847 1009 874 ;

254 890 359 924 amicis
372 902 475 925 tamen
490 894 521 926 δι
534 890 652 936 populo
666 889 780 922 studuit
793 886 850 921 esl'e
858 882 1011 932 benignis-

255 939 363 979 fimm,
380 939 630 987 sumptuosislima
643 937 825 985 spec‘tacula,
847 935 1008 972 convivia,

255 993 286 1024 &
300 989 426 1024 aedificia
444 988 596 1023 instituit:
621 1000 794 1036 quanquam
814 984 899 1020 senio
917 988 946 1019 δι
963 994 1010 1016 ar-

254 1038 379 1072 thritide
397 1049 518 1073 vexatus
531 1063 541 1078 ‚
565 1036 682 1073 summa
694 1048 796 1070 tamen
809 1035 961 1068 celeritate
978 1031 1009 1064 in

253 1088 420 1122 Orientem
435 1088 546 1122 iterum
559 1087 692 1130 trajecit,
707 1085 826 1132 plenam
840 1084 877 1118 de
884 1082 1008 1130 Nigria-

252 1138 299 1171 nis
314 1138 477 1172 vindiffihim
491 1136 686 1183 expetiturus·
711 1137 884 1169 «Armenta
902 1135 939 1165 ad
954 1133 1004 1164 Se-

253 1187 316 1220 veri
329 1187 487 1221 arbitrium
506 1184 655 1233 quassibet
674 1183 791 1218 admisit
802 1182 884 1229 pacis
898 1180 1006 1214 condi-

250 1237 368 1270 tiones:
382 1234 558 1268 Artabanus
571 1233 698 1267 Parthus
711 1231 882 1280 Ctesiphonte
890 1229 1006 1263 diutur-

250 1297 321 1318 nam
328 1284 522 1319 obsidionem
532 1281 626 1329 passus
633 1307 642 1322 ‚
657 1279 894 1328 irrumpentibus
901 1280 928 1313 vi
938 1280 1008 1312 Ro-

250 1334 347 1367 manis
360 1331 449 1382 fugit,
463 1333 575 1366 reliffls
584 1331 724 1366 liberis&
733 1332 806 1378 gaza
819 1330 850 1362 in
863 1328 1006 1376 praedam,

249 1383 396 1418 Arabicas
420 1382 564 1429 regiones
589 1380 666 1414 olim
692 1380 871 1413 rebellantes
890 1378 1004 1425 perdo-

249 1433 329 1466 muit
342 1457 352 1472 ,
377 1434 408 1466 in
421 1433 520 1466 reditu
539 1431 682 1478 eAEgypti
699 1428 871 1476 Pyramidas
886 1427 1005 1460 invisit:

249 1492 384 1528 apertam
396 1482 446 1515 hic
461 1477 745 1526 persecutionemin
754 1476 948 1511 Christianos
962 1477 1004 1509 in-

249 1530 356 1571 stituit,
369 1531 492 1577 plurimi
504 1540 557 1576 per
569 1538 672 1561 totum
685 1527 848 1573 imperium
861 1526 1006 1572 martyrio

249 1580 391 1614 coronati
404 1603 414 1619 ‚
440 1580 510 1612 licet
522 1580 558 1612 ea
575 1575 755 1622 tempestate
773 1576 862 1609 multi
879 1576 935 1608 viri
948 1575 1006 1609 do-

250 1628 373 1663 &iffimi
385 1627 516 1677 egregiis
529 1624 643 1673 scriptis
652 1624 900 1659 Christianorum
913 1625 1004 1658 inno-

250 1680 385 1713 centiam
403 1687 592 1712 tutarentur:
617 1676 647 1709 in
666 1675 714 1708 his
728 1686 813 1708 erant
830 1677 1007 1712 Pantenus,

251 1730 383 1762 Clemens
394 1726 630 1761 Alexandrinus,
646 1725 853 1760 Tertullianus,
868 1726 1005 1763 Irmaeus,

249 1781 412 1812 Minatius
424 1778 506 1810 Feltx
515 1800 525 1815 ‚
546 1778 578 1810 &
590 1774 651 1808 alii.

295 1828 413 1862 Divina
426 1827 457 1860 in
471 1828 617 1860 Severum
629 1823 761 1858 vindststa
771 1835 835 1857 non
848 1822 899 1857 diu
907 1823 1007 1857 tarda-

249 1877 308 1917 vit,
324 1874 529 1911 adolescentes
543 1874 598 1909 filii
610 1873 765 1917 Daffianus
779 1877 809 1907 &
818 1874 908 1922 qna,
920 1886 1003 1921 quo-

249 1939 319 1961 rum
338 1936 503 1974 utrumque
523 1922 622 1958 secum
641 1925 845 1971 Imperatores
865 1922 978 1958 dixerat
992 1948 1001 1963 ‚

249 1975 496 2010 irreconciliabili
514 1975 594 2008 inter
607 1970 634 2008 se
646 1972 724 2007 odio
736 1971 911 2021 flagrarunt.
947 1975 1001 2008 Se-

248 2038 325 2060 vero
343 2025 497 2073 popularis
511 2021 567 2057 fuit
580 2023 785 2057 Plautinianus
797 2047 808 2062 ,
831 2022 913 2056 hunc
925 2035 1001 2070 prae-

247 2073 366 2110 fastum
381 2073 530 2109 Praetorio
541 2097 552 2112 ,
577 2076 608 2107 &
621 2072 744 2106 tandem
758 2073 878 2119 imperii
892 2073 1000 2107 Colle-

247 2138 317 2173 gam
331 2124 477 2158 instituit:
493 2123 582 2167 hujus
595 2121 688 2155 filiam
701 2123 882 2155 ‘Plautillam
893 2122 1002 2165 Baffia-

248 2188 283 2208 no
298 2172 351 2208 suo
368 2185 497 2208 uxorem
515 2172 621 2210 dedit,
648 2170 724 2205 lianc
739 2171 827 2218 quod
845 2169 1001 2218 sperneret

249 2224 406 2267 ‘Baffiamu
424 2232 541 2269 patrem
559 2220 645 2254 simul
665 2224 696 2254 &
716 2220 815 2254 filium
829 2221 1000 2254 Plautianus

249 2285 357 2306 necare
374 2272 508 2306 decrevit
521 2295 531 2309 ‚
560 2282 625 2303 rem
644 2269 792 2303 Tribuno
814 2271 999 2315 praetoriano

250 2321 473 2356 conficiendam
487 2320 655 2352 committit
667 2343 676 2357 ,
701 2318 752 2352 hic
766 2321 878 2352 Severo
892 2317 1000 2364 prodi-

251 2370 369 2402 tionem
382 2369 490 2402 revelat
502 2378 567 2400 non
582 2367 717 2400 credenti
726 2389 733 2401 ‚
757 2366 806 2399 sed
818 2367 891 2399 dum
904 2367 1000 2399 noste

250 2417 433 2464 intempesta
456 2418 486 2450 in
506 2415 700 2461 Imperatoris
720 2415 894 2448 cubiculum
919 2413 1000 2462 quasi

249 2479 314 2500 rem
327 2464 503 2501 confectam
516 2463 718 2512 spectaturum
726 2464 945 2498 Plautinianum
954 2465 998 2497 lo-

250 2517 378 2550 ricatum
397 2512 609 2549 introduxisset
623 2513 784 2546 Tribunus
795 2537 805 2552 ,
830 2513 925 2547 credit
940 2515 999 2546 Im-

250 2577 380 2612 perator,
394 2569 423 2598 &
438 2565 659 2598 Plautinianum
677 2562 762 2606 jubet
775 2561 852 2596 tolli.

306 2617 351 2650 Ut
365 2614 445 2648 filios
459 2614 496 2648 ab
515 2613 592 2647 urbe
612 2617 642 2647 δι
656 2610 870 2645 occasionibus
887 2608 1000 2644 discor-

250 2665 305 2698 diae
319 2675 481 2703 avocaret,
507 2660 736 2710 quamprimum
758 2661 795 2694 de
808 2660 944 2707 periculo
960 2661 1001 2694 le-

249 2715 377 2762 gionum
391 2714 630 2747 Britannicarum
643 2711 774 2757 accepit,
790 2711 889 2744 statim
903 2709 942 2743 εὸ
950 2710 1002 2743 ad-

249 2764 377 2802 volavit,
391 2763 462 2796 licet
475 2762 504 2794 in
517 2759 670 2808 profundfi
683 2758 805 2794 scneffiffl
817 2760 1002 2794 valetudina-

251 2814 311 2846 rius
325 2823 453 2847 cruento
471 2815 501 2845 &
515 2807 686 2858 periculoso
704 2809 747 2842 ob
767 2810 909 2842 locorum
923 2807 1002 2841 diffi-

251 2863 390 2896 cultatem
399 2861 483 2895 bello
491 2858 653 2893 defunctus
661 2882 669 2896 ,
683 2857 791 2891 amissis
800 2857 1003 2904 quinquagin-

252 2921 282 2944 ta
299 2911 432 2944 millibus
446 2910 578 2944 militum
597 2912 692 2941 Scotos
705 2912 735 2941 ὅ(
749 2908 842 2940 Ριῐέος
858 2902 1002 2951 repressit,

254 2972 344 2992 muro
358 2959 373 2992 a
385 2961 459 2993 mari
472 2961 507 2993 ad
520 2972 602 2993 mare
615 2957 652 2991 ab
668 2956 835 2990 Abercorno
848 2947 884 2989 ad
898 2952 1004 2999 sellam

253 3011 380 3041 Patricii
392 3009 513 3055 triginta
524 3008 646 3043 duobus
659 3006 828 3040 miliaribus
842 3005 1003 3039 excludens

255 3057 454 3103 aprovincifi:
470 3058 517 3092 vix
532 3059 603 3091 dum
617 3054 757 3104 perfeeto
767 3067 860 3102 opere
873 3054 1004 3087 moritur

254 3106 390 3140 Eboraci
403 3107 495 3140 aetatis
508 3104 688 3153 sexagesimo
702 3104 784 3140 sexto
795 3129 802 3141 ‚
820 3102 1003 3150 Imperiide-

255 3156 339 3189 cimo
348 3156 469 3188 offitavo.
494 3155 610 3190 Christi
623 3155 830 3190 ducentesimo
838 3153 942 3191 tertio,
955 3164 1002 3185 re-

254 3205 331 3239 licto
339 3206 452 3239 Romae
460 3204 550 3245 vino,
563 3204 639 3239 oleo
646 3229 657 3245 ‚
670 3202 844 3244 frumento,
857 3212 1004 3251 quantum

655 129 1280 170 CHRONOLOG'ICI

1342 126 1375 165 L
1403 139 1417 164 1
1447 120 1561 166 13.11i

1052 199 1121 233 urbi
1135 209 1189 246 per
1201 198 1445 245 quinquennium
1460 197 1626 238 sufficeret,
1645 200 1810 247 praeterin-

1053 259 1176 294 gentem
1191 247 1352 294 pecuniam
1365 270 1375 285 ‚
1400 259 1574 294 quanquam
1592 249 1624 282 in
1639 250 1728 283 armis
1740 274 1750 289 ,
1776 254 1809 285 &

1053 297 1199 343 operibus
1206 295 1335 343 publicis
1342 294 1408 328 tota
1415 296 1474 329 vita
1481 297 1626 341 plurimus
1638 296 1738 332 fuerit.
1756 302 1809 333 ln·-

1052 346 1136 390 genti
1149 343 1223 384 fuit,
1236 348 1269 378 &
1283 344 1404 390 imperii
1419 343 1514 390 digno
1522 358 1654 392 corpore
1663 372 1670 383 ,
1685 360 1807 382 carnem

1051 393 1098 426 vix
1119 393 1228 427 edebat
1237 416 1246 429 ‚
1275 392 1404 427 bibebat
1429 402 1531 426 tamen
1555 393 1615 440 sine
1637 397 1806 431 vinolenti&

1051 439 1214 490 profunde.

1098 491 1147 525 Ex
1164 490 1319 526 voluntate
1337 492 1443 522 Severi
1459 491 1609 534 Baffianus
1630 493 1645 536 (
1652 497 1804 528 Caracalla

1050 539 1166 580 dietus,
1180 540 1196 574 a
1208 537 1382 573 vestimenti
1396 551 1507 587 genere
1520 541 1606 588 quod
1619 544 1737 588 populo
1746 545 1801 578 do-

1050 590 1153 636 navit)
1169 591 1294 622 Martiae
1305 586 1399 628 filius,
1415 592 1446 622 &
1461 592 1535 621 Geta
1542 590 1622 638 Juliae
1632 592 1804 637 pariterim-

1048 638 1204 685 perabant.
1222 639 1310 671 Dum
1319 637 1456 671 Romam
1464 648 1537 671 eunt
1549 638 1653 673 fratres
1660 664 1670 680 ‚
1683 640 1723 675 eo
1731 654 1803 687 pro-

1049 685 1121 722 fecit
1136 686 1300 725 discordia,
1317 696 1350 720 ut
1362 686 1482 721 diversis
1495 687 1619 724 mensis,
1640 688 1778 737 hospitiis
1792 714 1803 730 ,

1048 737 1216 771 comitibus
1238 745 1393 769 uterentur
1406 749 1414 769 ε
1445 736 1551 770 eadem
1571 738 1685 771 Romae
1707 741 1778 773 odia
1792 764 1803 778 ‚

1047 798 1204 834 nunquam
1217 784 1270 818 nisi
1283 785 1314 817 in
1322 786 1431 818 Senatu
1443 785 1715 835 convendrefffflia
1722 787 1804 836 quasi

1048 845 1344 872 cmnmumsmmer,
1358 846 1485 868 omnem
1498 847 1638 881 operam,
1653 846 1803 871 utrecon-

1049 885 1181 923 ciliaret,
1203 882 1302 917 dabat.
1339 883 1424 916 Geta
1436 884 1506 917 viris
1519 885 1643 918 literatis
1657 909 1666 921 ‚
1690 885 1803 920 Bassia-

1048 946 1103 966 nus
1117 931 1298 966 militaribus
1311 931 1507 978 cingebatur:
1534 945 1643 980 apertae
1656 937 1801 982 utrinque

1048 980 1198 1016 factiones
1209 1005 1218 1020 ,
1237 991 1366 1025 uterque
1380 978 1437 1013 suis
1452 981 1483 1014 in
1498 985 1585 1015 omni
1600 982 1708 1018 scelere
1720 983 1802 1019 fave-

1047 1031 1114 1066 bat:
1136 1030 1261 1065 tandem
1272 1027 1444 1068 Bassianus,
1458 1029 1529 1063 cum
1545 1032 1664 1066 occulta
1677 1033 1802 1067 consilia

1045 1079 1152 1115 frustra
1164 1078 1258 1114 essent
1271 1102 1280 1117 ,
1300 1078 1331 1111 in
1344 1078 1473 1111 meridie
1491 1079 1667 1126 inopinatus
1686 1083 1773 1116 irruit
1787 1107 1798 1122 ,

1046 1131 1098 1163 ubi
1113 1131 1197 1164 Geta
1213 1128 1331 1162 securus
1347 1127 1378 1160 in
1392 1127 1507 1161 Palatio
1521 1129 1704 1175 prandebat,
1725 1136 1756 1165 ὃ(
1769 1132 1800 1164 in

1043 1179 1124 1227 Jult'ae
1148 1176 1362 1224 complexibus
1385 1173 1513 1210 fratrem
1539 1178 1703 1213 confodit:
1729 1180 1800 1214 inde

1043 1226 1206 1276 lymphato
1224 1225 1329 1259 similis
1341 1237 1376 1258 ex
1397 1224 1472 1259 urbe
1485 1226 1516 1259 in
1529 1226 1621 1261 castra
1635 1229 1798 1275 provolat,

1042 1277 1123 1325 quasi
1137 1277 1228 1310 Getae
1242 1273 1297 1308 sibi
1309 1272 1473 1308 insidiantis
1485 1276 1603 1316 vietor,
1617 1276 1690 1312 hinc
1702 1279 1733 1312 in
1746 1281 1800 1313 Se-

1042 1337 1113 1360 natu
1126 1324 1224 1359 fratris
1238 1321 1409 1363 accusator,
1425 1324 1510 1357 Geta
1518 1325 1677 1361 damnatur
1684 1339 1718 1362 ut
1725 1340 1800 1375 pro-

1041 1376 1133 1410 ditor.
1153 1373 1379 1420 Quicunquein
1388 1375 1514 1412 Senatu,
1528 1375 1559 1408 in
1572 1375 1690 1413 castris,
1703 1378 1735 1411 in
1743 1390 1800 1424 po·

1769 134 1807 180 ἐς

1818 507 1937 538 filioram

1819 559 1938 578 mutuum

1818 591 1901 617 odium
1908 600 1972 617 irre-

1820 630 1962 657 concambi-

1819 669 1848 696 le.

1818 1145 1908 1169 Getam
1923 1150 1966 1169 nea·

1815 1189 1857 1208 cat
1872 1181 1966 1218 Baffira-

1816 1230 1873 1249 nm.

1042 1426 1115 1472 pulo
1141 1425 1231 1459 Getae
1245 1420 1374 1461 favebat,
1388 1422 1508 1456 tollitur
1520 1423 1678 1459 demedio
1693 1450 1702 1466 ‚
1726 1426 1800 1460 hinc
1844 1427 1848 1431 ⁴

1042 1477 1148 1522 ingens
1168 1475 1199 1508 in
1211 1473 1380 1506 Bassianum
1398 1472 1522 1512 odium,
1541 1471 1624 1508 solos
1638 1476 1799 1509 Praetoria-

1042 1538 1098 1558 nos
1107 1524 1196 1558 donis
1206 1526 1236 1556 &
1244 1521 1433 1568 indulgentia
1441 1519 1577 1556 faventes
1584 1522 1702 1558 habuit.
1709 1527 1799 1559 Con-

1043 1572 1162 1608 scientia
1175 1572 1320 1606 scelerum
1334 1570 1436 1617 exegit
1454 1570 1531 1605 urbe
1548 1572 1579 1605 in
1598 1573 1773 1619 provincias
1786 1597 1798 1613 ,

1043 1624 1073 1657 in
1087 1619 1251 1671 (jermam'd
1263 1619 1380 1653 habitu.
1405 1619 1600 1655 Germanico
1612 1622 1773 1657 incedebat
1787 1646 1798 1663 ‚

1043 1673 1074 1706 in
1090 1669 1223 1705 Thracia}
1236 1670 1310 1704 alter
1321 1667 1496 1701 Alexander
1507 1668 1654 1718 phalange
1666 1671 1797 1712 cinGtus2

1042 1723 1074 1756 in
1087 1720 1214 1756 Troade
1228 1731 1303 1753 unus
1317 1717 1446 1751 Achilles
1459 1741 1469 1757 ‚
1490 1718 1706 1754 Alexandriam
1720 1721 1799 1756 iiivi-

1042 1769 1117 1811 sens,
1131 1770 1236 1805 audito
1250 1768 1386 1803 dicteriis
1398 1765 1426 1801 se
1438 1767 1512 1814 peti,
1526 1767 1677 1804 infinitam
1691 1770 1800 1818 populi

1042 1820 1173 1868 stragem
1193 1818 1284 1853 edere
1308 1817 1421 1851 milites
1438 1817 1566 1864 coegit,
1597 1819 1715 1854 Parthis
1733 1833 1800 1854 ma.

1041 1883 1135 1919 gnam
1158 1868 1275 1903 cladem
1292 1866 1376 1902 dedit
1393 1865 1534 1901 simulans
1552 1867 1708 1903 Artabani
1730 1868 1800 1904 filiae

1041 1931 1169 1967 nuptias.

1088 1971 1177 2004 Dum
1190 1967 1220 2001 in
1233 1966 1280 2001 his
1293 1965 1353 2007 est,
1373 1967 1573 2001 Materniano
1586 1966 1671 2002 urbis
1688 1964 1800 2003 Praefe-

1812 1979 1957 2018 Bafflanum

1040 2019 1094 2053 &o
1108 2017 1210 2054 scribit
1223 2018 1377 2053 Romam,
1391 2026 1424 2050 ut
1437 2017 1615 2052 convocatis
1623 2017 1797 2052 Mathema-
1811 2024 1951 2050 Macrinus.

1039 2069 1106 2103 ticis
1121 2065 1168 2102 sua
1180 2067 1372 2114 ancquireret
1384 2063 1460 2098 fata:
1474 2063 1610 2100 rescribit
1623 2069 1799 2100 Maternia-

1039 2131 1094 2152 nm
1112 2117 1288 2152 Macrinum
1301 2127 1405 2162 parare
1417 2113 1549 2150 insidias.
1576 2116 1666 2150 Dum
1680 2116 1717 2150 ad
1730 2128 1798 2151 cer-

1040 2179 1142 2202 tamen
1156 2165 1260 2201 curule
1275 2173 1452 2212 properaret
1465 2163 1633 2205 Bassianus,
1650 2166 1797 2200 Macrino

1041 2218 1199 2265 legionum
1213 2212 1360 2262 praefeffilm
1373 2214 1467 2247 literae
1476 2214 1665 2261 perlegendae
1676 2215 1797 2253 dantur,

1039 2266 1091 2299 hic
1122 2264 1298 2298 inevitabile
1333 2263 1388 2296 sibi
1420 2261 1495 2295 strui
1519 2264 1644 2297 exitium
1669 2275 1798 2298 cernens

1040 2325 1253 2361 praeoccupare
1272 2322 1372 2346 certus
1385 2336 1396 2350 ,
1420 2313 1606 2345 Martialem
1626 2313 1799 2348 Centurio-

1040 2376 1111 2397 nem
1124 2364 1255 2397 militem
1268 2362 1483 2408 praetorianum
1492 2363 1600 2407 exequi
1613 2362 1700 2404 jubet
1712 2360 1798 2394 secu-

1040 2411 1074 2445 re
1088 2411 1173 2459 quod
1191 2411 1222 2443 in
1238 2413 1458 2456 imperatorem
1472 2407 1526 2454 ipsi
1545 2408 1727 2453 injuriosum
1743 2409 1797 2443 ha-

1041 2462 1113 2498 bere
1126 2459 1237 2493 sciebat
1249 2459 1373 2492 odium:
1392 2458 1494 2505 itaque
1507 2456 1581 2491 dum
1594 2458 1625 2490 in
1633 2458 1681 2492 via
1693 2461 1797 2505 Impe-

1041 2520 1123 2543 rator
1136 2507 1287 2543 secederet
1299 2508 1334 2541 ad
1342 2519 1436 2554 opera
1448 2517 1572 2545 naturae,
1579 2507 1708 2541 accurrit
1714 2506 1796 2554 quasi

1040 2560 1208 2593 advocatus
1227 2558 1386 2589 Martialis
1399 2580 1409 2594 ‚
1435 2559 1466 2589 &
1484 2555 1500 2588 a
1517 2565 1607 2600 tergo
1626 2555 1795 2591 Bassianum

1042 2606 1179 2647 suffodit;
1193 2604 1333 2653 fugiensa
1342 2604 1488 2638 militibus
1501 2592 1697 2646 confoditur,
1710 2606 1795 2640 nullo

1042 2657 1176 2693 Macrini
1189 2655 1360 2689 insidiarum
1373 2654 1458 2688 edito
1474 2653 1601 2687 indicioi

1092 2707 1174 2756 Julia
1188 2703 1363 2738 Antiochiae
1377 2714 1503 2750 accepto
1517 2704 1632 2737 nuncio
1644 2715 1795 2739 venenum

1043 2756 1098 2791 sibi
1111 2754 1296 2804 propinavit,
1310 2753 1373 2787 haec
1389 2753 1479 2787 Getae
1494 2764 1589 2786 mater
1600 2751 1797 2787 Bassianino-

1044 2819 1132 2840 verca
1144 2829 1153 2845 ‚
1178 2805 1251 2839 dum
1269 2803 1327 2838 una
1340 2815 1409 2837 cum
1428 2802 1568 2850 privigno
1580 2801 1679 2839 staret,
1692 2802 1795 2837 velum

1044 2854 1125 2902 quasi
1137 2854 1296 2900 negligens
1309 2851 1427 2888 demifit
1439 2875 1448 2890 ‚
1467 2850 1566 2885 statim
1585 2849 1735 2885 Bassianus
1748 2864 1797 2886 ac-

1044 2902 1299 2941 censuslibidine,
1319 2903 1436 2937 vellem,
1457 2901 1732 2948 inquit,filiceret;
1747 2913 1797 2935 re-

1043 2951 1253 2989 tulitscelesta‚
1269 2951 1432 2999 quodlibet
1444 2951 1515 2984 licet
1527 2951 1704 2996 imperatori
1718 2962 1796 2984 con-

1043 3004 1137 3037 ditori
1152 3002 1276 3049 legum:
1295 3001 1367 3035 hinc
1385 3000 1504 3033 incestae
1519 2999 1637 3046 nuptiae.
1657 2999 1744 3033 Nihil
1757 3000 1796 3040 de

1043 3052 1105 3086 hoc
1120 3051 1168 3086 vel
1182 3051 1395 3088 Herodianm,
1406 3050 1452 3084 vel
1468 3052 1548 3089 D1‘03
1564 3051 1738 3096 Spartianus
1750 3060 1796 3083 ta-

1044 3113 1136 3140 men,
1149 3103 1326 3147 Eutropius,
1340 3103 1370 3133 &
1383 3099 1544 3132 eAnrelius
1558 3098 1655 3132 7ῐᾶον
1668 3111 1732 3132 rem
1741 3111 1796 3146 ge-

1045 3149 1122 3184 stam
1131 3160 1261 3183 narrant.
1273 3147 1407 3196 Josbplms
1418 3148 1547 3196 Scaltger
1560 3147 1596 3181 ad
1608 3146 1726 3192 Eusibn·
1739 3160 1796 3181 nn-

1044 3211 1162 3235 merum
1171 3198 1218 3233 bis
1228 3197 1421 3233 millesimum
1431 3196 1670 3232 ducentesimum
1683 3195 1798 3231 tricesi-·-

1713 3254 1798 3279 mum·
