<?xml version="1.0" encoding="UTF-8"?>
<!DOCTYPE html PUBLIC "-//W3C//DTD XHTML 1.0 Transitional//EN"
    "http://www.w3.org/TR/xhtml1/DTD/xhtml1-transitional.dtd">
<html xmlns="http://www.w3.org/1999/xhtml" xml:lang="en" lang="en">
 <head>
  <title>
</title>
<meta http-equiv="Content-Type" content="text/html;charset=utf-8" />
  <meta name='ocr-system' content='tesseract 3.04.00' />
  <meta name='ocr-capabilities' content='ocr_page ocr_carea ocr_par ocr_line ocrx_word'/>
</head>
<body>
  <div class='ocr_page' id='page_1' title='image "./operishistoricie00bail_0342.png"; bbox 0 0 2048 3343; ppageno 0'>
   <div class='ocr_carea' id='block_1_1' title="bbox 264 50 918 104">
    <p class='ocr_par' dir='ltr' id='par_1_1' title="bbox 264 50 918 104">
     <span class='ocr_line' id='line_1_1' title="bbox 264 50 918 104; baseline -0.005 -19"><span class='ocrx_word' id='word_1_1' title='bbox 264 71 290 104; x_wconf 78' lang='lat'>4</span> <span class='ocrx_word' id='word_1_2' title='bbox 624 50 918 86; x_wconf 77' lang='lat' dir='ltr'>OPERIS</span> 
     </span>
    </p>
   </div>
   <div class='ocr_carea' id='block_1_2' title="bbox 264 116 1019 366">
    <p class='ocr_par' dir='ltr' id='par_1_2' title="bbox 264 116 1019 366">
     <span class='ocr_line' id='line_1_2' title="bbox 265 116 1017 163; baseline -0.012 -4"><span class='ocrx_word' id='word_1_3' title='bbox 265 127 304 160; x_wconf 67' lang='lat' dir='ltr'>co</span> <span class='ocrx_word' id='word_1_4' title='bbox 317 123 437 158; x_wconf 87' lang='lat' dir='ltr'>tandem</span> <span class='ocrx_word' id='word_1_5' title='bbox 451 121 615 156; x_wconf 84' lang='lat' dir='ltr'>deventum</span> <span class='ocrx_word' id='word_1_6' title='bbox 634 119 696 159; x_wconf 88' lang='lat' dir='ltr'>est,</span> <span class='ocrx_word' id='word_1_7' title='bbox 716 130 749 154; x_wconf 90' lang='lat' dir='ltr'>ut</span> <span class='ocrx_word' id='word_1_8' title='bbox 763 120 794 153; x_wconf 89' lang='lat' dir='ltr'>in</span> <span class='ocrx_word' id='word_1_9' title='bbox 807 118 902 153; x_wconf 90' lang='lat' dir='ltr'>literis</span> <span class='ocrx_word' id='word_1_10' title='bbox 916 116 1017 163; x_wconf 89' lang='lat' dir='ltr'>publi-</span> 
     </span>
     <span class='ocr_line' id='line_1_3' title="bbox 264 165 1017 217; baseline -0.012 -9"><span class='ocrx_word' id='word_1_11' title='bbox 264 176 306 208; x_wconf 89' lang='lat' dir='ltr'>cis</span> <span class='ocrx_word' id='word_1_12' title='bbox 314 173 415 217; x_wconf 84' lang='lat' dir='ltr'>Sejani</span> <span class='ocrx_word' id='word_1_13' title='bbox 423 183 493 205; x_wconf 88' lang='lat' dir='ltr'>cum</span> <span class='ocrx_word' id='word_1_14' title='bbox 503 169 619 203; x_wconf 56' lang='lat' dir='ltr'>&#39;liberio</span> <span class='ocrx_word' id='word_1_15' title='bbox 632 182 747 204; x_wconf 81' lang='lat' dir='ltr'>nomen</span> <span class='ocrx_word' id='word_1_16' title='bbox 760 168 963 214; x_wconf 57' lang='lat' dir='ltr'>conjunffikum</span> <span class='ocrx_word' id='word_1_17' title='bbox 972 165 1017 205; x_wconf 82' lang='lat' dir='ltr'>sit,</span> 
     </span>
     <span class='ocr_line' id='line_1_4' title="bbox 264 215 1019 267; baseline -0.012 -10"><span class='ocrx_word' id='word_1_18' title='bbox 264 228 294 258; x_wconf 63' lang='grc' dir='ltr'>δέ</span> <span class='ocrx_word' id='word_1_19' title='bbox 309 222 390 256; x_wconf 82' lang='lat' dir='ltr'>idem</span> <span class='ocrx_word' id='word_1_20' title='bbox 404 220 503 264; x_wconf 82' lang='lat' dir='ltr'>Sejani</span> <span class='ocrx_word' id='word_1_21' title='bbox 519 219 703 267; x_wconf 80' lang='lat' dir='ltr'>imaginibus</span> <span class='ocrx_word' id='word_1_22' title='bbox 723 219 821 253; x_wconf 87' lang='lat' dir='ltr'>cultus</span> <span class='ocrx_word' id='word_1_23' title='bbox 834 217 887 264; x_wconf 89' lang='lat' dir='ltr'>qui</span> <span class='ocrx_word' id='word_1_24' title='bbox 903 215 1019 249; x_wconf 69' lang='lat' dir='ltr'>Tzhem&#39;</span> 
     </span>
     <span class='ocr_line' id='line_1_5' title="bbox 264 264 1019 315; baseline -0.009 -10"><span class='ocrx_word' id='word_1_25' title='bbox 264 270 446 306; x_wconf 79' lang='lat' dir='ltr'>deferretur.</span> <span class='ocrx_word' id='word_1_26' title='bbox 470 269 518 303; x_wconf 80' lang='lat' dir='ltr'>Ex</span> <span class='ocrx_word' id='word_1_27' title='bbox 530 268 722 303; x_wconf 83' lang='lat' dir='ltr'>maximahac</span> <span class='ocrx_word' id='word_1_28' title='bbox 735 280 802 315; x_wconf 71' lang='lat' dir='ltr'>qqfe</span> <span class='ocrx_word' id='word_1_29' title='bbox 810 266 862 300; x_wconf 87' lang='lat' dir='ltr'>ulli</span> <span class='ocrx_word' id='word_1_30' title='bbox 876 290 885 304; x_wconf 91' lang='lat'>,</span> <span class='ocrx_word' id='word_1_31' title='bbox 903 265 967 299; x_wconf 90' lang='lat' dir='ltr'>ullo</span> <span class='ocrx_word' id='word_1_32' title='bbox 975 264 1019 299; x_wconf 88' lang='lat' dir='ltr'>se-</span> 
     </span>
     <span class='ocr_line' id='line_1_6' title="bbox 264 315 1018 366; baseline -0.011 -10"><span class='ocrx_word' id='word_1_33' title='bbox 264 322 335 356; x_wconf 90' lang='lat' dir='ltr'>culo</span> <span class='ocrx_word' id='word_1_34' title='bbox 350 345 359 360; x_wconf 92' lang='lat'><em>‚</em></span> <span class='ocrx_word' id='word_1_35' title='bbox 384 317 508 366; x_wconf 82' lang='lat' dir='ltr'>usquam</span> <span class='ocrx_word' id='word_1_36' title='bbox 519 330 667 353; x_wconf 83' lang='lat' dir='ltr'>terrarum</span> <span class='ocrx_word' id='word_1_37' title='bbox 681 318 779 351; x_wconf 87' lang='lat' dir='ltr'>aulico</span> <span class='ocrx_word' id='word_1_38' title='bbox 793 316 926 363; x_wconf 75' lang='lat' dir='ltr'>contigit</span> <span class='ocrx_word' id='word_1_39' title='bbox 939 315 1018 349; x_wconf 85' lang='lat' dir='ltr'>exal-</span> 
     </span>
    </p>
   </div>
   <div class='ocr_carea' id='block_1_3' title="bbox 267 363 1039 416">
    <p class='ocr_par' dir='ltr' id='par_1_3' title="bbox 267 363 1039 416">
     <span class='ocr_line' id='line_1_7' title="bbox 267 363 1039 416; baseline -0.008 -12"><span class='ocrx_word' id='word_1_40' title='bbox 267 372 382 405; x_wconf 81' lang='lat' dir='ltr'>tatione</span> <span class='ocrx_word' id='word_1_41' title='bbox 400 393 410 408; x_wconf 87' lang='lat'><em>,</em></span> <span class='ocrx_word' id='word_1_42' title='bbox 430 368 544 415; x_wconf 90' lang='lat' dir='ltr'>cupido</span> <span class='ocrx_word' id='word_1_43' title='bbox 558 366 651 416; x_wconf 88' lang='lat' dir='ltr'>ipsum</span> <span class='ocrx_word' id='word_1_44' title='bbox 666 366 779 400; x_wconf 80' lang='lat' dir='ltr'>incessit</span> <span class='ocrx_word' id='word_1_45' title='bbox 798 366 944 413; x_wconf 81' lang='lat' dir='ltr'>Imperii,</span> <span class='ocrx_word' id='word_1_46' title='bbox 970 377 1019 399; x_wconf 91' lang='lat' dir='ltr'>re-</span> <span class='ocrx_word' id='word_1_47' title='bbox 1035 363 1039 368; x_wconf 70' lang='grc'><strong>’</strong></span> 
     </span>
    </p>
   </div>
   <div class='ocr_carea' id='block_1_4' title="bbox 262 415 1021 1056">
    <p class='ocr_par' dir='ltr' id='par_1_4' title="bbox 264 415 829 454">
     <span class='ocr_line' id='line_1_8' title="bbox 264 415 829 454; baseline -0.005 -1"><span class='ocrx_word' id='word_1_48' title='bbox 264 431 355 454; x_wconf 89' lang='lat' dir='ltr'>moto</span> <span class='ocrx_word' id='word_1_49' title='bbox 364 431 434 452; x_wconf 91' lang='lat' dir='ltr'>cum</span> <span class='ocrx_word' id='word_1_50' title='bbox 445 429 512 452; x_wconf 84' lang='lat' dir='ltr'>tota</span> <span class='ocrx_word' id='word_1_51' title='bbox 520 417 567 452; x_wconf 87' lang='lat' dir='ltr'>sua</span> <span class='ocrx_word' id='word_1_52' title='bbox 574 416 685 451; x_wconf 81' lang='lat' dir='ltr'>familia</span> <span class='ocrx_word' id='word_1_53' title='bbox 702 415 829 450; x_wconf 54' lang='lat' dir='ltr'>Tiberio.</span> 
     </span>
    </p>

    <p class='ocr_par' dir='ltr' id='par_1_5' title="bbox 262 463 1021 1056">
     <span class='ocr_line' id='line_1_9' title="bbox 311 463 1018 513; baseline -0.008 -11"><span class='ocrx_word' id='word_1_54' title='bbox 311 469 488 503; x_wconf 74' lang='lat' dir='ltr'>Praetoriani</span> <span class='ocrx_word' id='word_1_55' title='bbox 502 468 612 501; x_wconf 80' lang='lat' dir='ltr'>milites</span> <span class='ocrx_word' id='word_1_56' title='bbox 631 477 684 513; x_wconf 85' lang='lat' dir='ltr'>per</span> <span class='ocrx_word' id='word_1_57' title='bbox 698 465 807 498; x_wconf 87' lang='lat' dir='ltr'>urbem</span> <span class='ocrx_word' id='word_1_58' title='bbox 823 463 944 511; x_wconf 76' lang='lat' dir='ltr'>sparsim</span> <span class='ocrx_word' id='word_1_59' title='bbox 963 463 1018 496; x_wconf 86' lang='lat' dir='ltr'>ha—</span> 
     </span>
     <span class='ocr_line' id='line_1_10' title="bbox 263 515 1019 564; baseline -0.011 -12"><span class='ocrx_word' id='word_1_60' title='bbox 263 516 530 564; x_wconf 84' lang='lat' dir='ltr'>bebanthospitia,</span> <span class='ocrx_word' id='word_1_61' title='bbox 546 529 599 551; x_wconf 89' lang='lat' dir='ltr'>eos</span> <span class='ocrx_word' id='word_1_62' title='bbox 613 527 720 549; x_wconf 87' lang='lat' dir='ltr'>ornnes</span> <span class='ocrx_word' id='word_1_63' title='bbox 729 516 853 558; x_wconf 85' lang='lat' dir='ltr'>Sejanus</span> <span class='ocrx_word' id='word_1_64' title='bbox 867 515 898 547; x_wconf 86' lang='lat' dir='ltr'>in</span> <span class='ocrx_word' id='word_1_65' title='bbox 906 515 1019 556; x_wconf 86' lang='lat' dir='ltr'>unaju-</span> 
     </span>
     <span class='ocr_line' id='line_1_11' title="bbox 264 559 1020 614; baseline -0.009 -13"><span class='ocrx_word' id='word_1_66' title='bbox 264 580 314 602; x_wconf 70' lang='lat' dir='ltr'>xta</span> <span class='ocrx_word' id='word_1_67' title='bbox 327 568 470 614; x_wconf 80' lang='lat' dir='ltr'>palatium</span> <span class='ocrx_word' id='word_1_68' title='bbox 486 565 577 599; x_wconf 84' lang='lat' dir='ltr'>castra</span> <span class='ocrx_word' id='word_1_69' title='bbox 596 565 734 599; x_wconf 78' lang='lat' dir='ltr'>attraxit,</span> <span class='ocrx_word' id='word_1_70' title='bbox 757 563 810 596; x_wconf 90' lang='lat' dir='ltr'>ubi</span> <span class='ocrx_word' id='word_1_71' title='bbox 824 562 863 596; x_wconf 87' lang='lat' dir='ltr'>ab</span> <span class='ocrx_word' id='word_1_72' title='bbox 883 562 918 595; x_wconf 81' lang='lat' dir='ltr'>iis</span> <span class='ocrx_word' id='word_1_73' title='bbox 941 559 1020 595; x_wconf 87' lang='lat' dir='ltr'>sem-</span> 
     </span>
     <span class='ocr_line' id='line_1_12' title="bbox 265 608 1019 665; baseline -0.009 -14"><span class='ocrx_word' id='word_1_74' title='bbox 265 630 320 665; x_wconf 86' lang='lat' dir='ltr'>per</span> <span class='ocrx_word' id='word_1_75' title='bbox 338 617 430 651; x_wconf 86' lang='lat' dir='ltr'>unitis</span> <span class='ocrx_word' id='word_1_76' title='bbox 449 618 548 660; x_wconf 82' lang='lat' dir='ltr'>major</span> <span class='ocrx_word' id='word_1_77' title='bbox 560 625 660 649; x_wconf 89' lang='lat' dir='ltr'>terror</span> <span class='ocrx_word' id='word_1_78' title='bbox 678 611 910 660; x_wconf 85' lang='lat' dir='ltr'>promptiusque</span> <span class='ocrx_word' id='word_1_79' title='bbox 930 608 1019 646; x_wconf 87' lang='lat' dir='ltr'>servi-</span> 
     </span>
     <span class='ocr_line' id='line_1_13' title="bbox 264 661 1019 708; baseline -0.009 -7"><span class='ocrx_word' id='word_1_80' title='bbox 264 668 342 701; x_wconf 81' lang='lat' dir='ltr'>tium</span> <span class='ocrx_word' id='word_1_81' title='bbox 356 667 386 699; x_wconf 91' lang='lat' dir='ltr'>in</span> <span class='ocrx_word' id='word_1_82' title='bbox 399 666 486 698; x_wconf 88' lang='lat' dir='ltr'>omni</span> <span class='ocrx_word' id='word_1_83' title='bbox 500 664 564 699; x_wconf 85' lang='lat' dir='ltr'>casu</span> <span class='ocrx_word' id='word_1_84' title='bbox 578 664 716 698; x_wconf 74' lang='lat' dir='ltr'>ederetur</span> <span class='ocrx_word' id='word_1_85' title='bbox 734 676 742 695; x_wconf 97' lang='lat'><strong>:</strong></span> <span class='ocrx_word' id='word_1_86' title='bbox 779 661 893 695; x_wconf 88' lang='lat' dir='ltr'>borum</span> <span class='ocrx_word' id='word_1_87' title='bbox 906 663 1019 708; x_wconf 86' lang='lat' dir='ltr'>prima-</span> 
     </span>
     <span class='ocr_line' id='line_1_14' title="bbox 265 710 1018 758; baseline -0.005 -8"><span class='ocrx_word' id='word_1_88' title='bbox 265 718 328 750; x_wconf 84' lang='lat' dir='ltr'>rios</span> <span class='ocrx_word' id='word_1_89' title='bbox 341 726 390 749; x_wconf 85' lang='lat' dir='ltr'>tot</span> <span class='ocrx_word' id='word_1_90' title='bbox 403 713 514 749; x_wconf 74' lang='lat' dir='ltr'>officiis</span> <span class='ocrx_word' id='word_1_91' title='bbox 534 710 751 758; x_wconf 80' lang='lat' dir='ltr'>beneficiisque</span> <span class='ocrx_word' id='word_1_92' title='bbox 765 713 890 756; x_wconf 82' lang='lat' dir='ltr'>Sejanus</span> <span class='ocrx_word' id='word_1_93' title='bbox 911 712 1018 746; x_wconf 80' lang='lat' dir='ltr'>colue-</span> 
     </span>
     <span class='ocr_line' id='line_1_15' title="bbox 263 758 1018 807; baseline -0.008 -8"><span class='ocrx_word' id='word_1_94' title='bbox 263 765 460 804; x_wconf 82' lang='lat' dir='ltr'>rat‚utomni</span> <span class='ocrx_word' id='word_1_95' title='bbox 474 765 538 806; x_wconf 79' lang='lat' dir='ltr'>ejus</span> <span class='ocrx_word' id='word_1_96' title='bbox 550 761 678 795; x_wconf 87' lang='lat' dir='ltr'>arbitrio</span> <span class='ocrx_word' id='word_1_97' title='bbox 691 758 833 795; x_wconf 89' lang='lat' dir='ltr'>inservire</span> <span class='ocrx_word' id='word_1_98' title='bbox 846 760 1018 807; x_wconf 69' lang='lat' dir='ltr'>paratissimi</span> 
     </span>
     <span class='ocr_line' id='line_1_16' title="bbox 264 809 1020 858; baseline -0.005 -10"><span class='ocrx_word' id='word_1_99' title='bbox 264 813 377 848; x_wconf 86' lang='lat' dir='ltr'>fuerint</span> <span class='ocrx_word' id='word_1_100' title='bbox 390 815 515 846; x_wconf 84' lang='lat' dir='ltr'>Senatus</span> <span class='ocrx_word' id='word_1_101' title='bbox 534 825 542 844; x_wconf 93' lang='lat'><strong>:</strong></span> <span class='ocrx_word' id='word_1_102' title='bbox 575 823 685 844; x_wconf 87' lang='lat' dir='ltr'>omnes</span> <span class='ocrx_word' id='word_1_103' title='bbox 704 814 735 845; x_wconf 91' lang='lat'>&amp;</span> <span class='ocrx_word' id='word_1_104' title='bbox 753 809 860 858; x_wconf 84' lang='lat' dir='ltr'>singuli</span> <span class='ocrx_word' id='word_1_105' title='bbox 879 809 1020 858; x_wconf 85' lang='lat' dir='ltr'>quotidie</span> 
     </span>
     <span class='ocr_line' id='line_1_17' title="bbox 265 859 1020 908; baseline -0.005 -11"><span class='ocrx_word' id='word_1_106' title='bbox 265 865 376 906; x_wconf 81' lang='lat' dir='ltr'>Scjano</span> <span class='ocrx_word' id='word_1_107' title='bbox 389 860 487 908; x_wconf 65' lang='lat' dir='ltr'>arque,</span> <span class='ocrx_word' id='word_1_108' title='bbox 500 859 520 894; x_wconf 82' lang='lat' dir='ltr'>fi</span> <span class='ocrx_word' id='word_1_109' title='bbox 540 873 606 894; x_wconf 87' lang='lat' dir='ltr'>non</span> <span class='ocrx_word' id='word_1_110' title='bbox 618 861 696 908; x_wconf 85' lang='lat' dir='ltr'>plus,</span> <span class='ocrx_word' id='word_1_111' title='bbox 710 859 802 908; x_wconf 76' lang='lat' dir='ltr'>quam</span> <span class='ocrx_word' id='word_1_112' title='bbox 818 859 934 893; x_wconf 74' lang='lat' dir='ltr'>Tiberio</span> <span class='ocrx_word' id='word_1_113' title='bbox 947 860 1020 894; x_wconf 86' lang='lat' dir='ltr'>adu-</span> 
     </span>
     <span class='ocr_line' id='line_1_18' title="bbox 262 909 1020 957; baseline -0.003 -12"><span class='ocrx_word' id='word_1_114' title='bbox 262 912 398 945; x_wconf 76' lang='lat' dir='ltr'>labantur</span> <span class='ocrx_word' id='word_1_115' title='bbox 410 934 419 949; x_wconf 89' lang='lat'><strong>,</strong></span> <span class='ocrx_word' id='word_1_116' title='bbox 447 922 500 957; x_wconf 90' lang='lat' dir='ltr'>per</span> <span class='ocrx_word' id='word_1_117' title='bbox 513 923 584 943; x_wconf 89' lang='lat' dir='ltr'>eum</span> <span class='ocrx_word' id='word_1_118' title='bbox 597 922 692 944; x_wconf 89' lang='lat' dir='ltr'>unum</span> <span class='ocrx_word' id='word_1_119' title='bbox 705 910 742 944; x_wconf 87' lang='lat' dir='ltr'>ad</span> <span class='ocrx_word' id='word_1_120' title='bbox 754 922 864 944; x_wconf 90' lang='lat' dir='ltr'>omnes</span> <span class='ocrx_word' id='word_1_121' title='bbox 882 909 1020 943; x_wconf 83' lang='lat' dir='ltr'>honores</span> 
     </span>
     <span class='ocr_line' id='line_1_19' title="bbox 262 957 1020 1007; baseline -0.003 -13"><span class='ocrx_word' id='word_1_122' title='bbox 262 972 325 994; x_wconf 87' lang='lat' dir='ltr'>erat</span> <span class='ocrx_word' id='word_1_123' title='bbox 340 961 436 994; x_wconf 87' lang='lat' dir='ltr'>aditus</span> <span class='ocrx_word' id='word_1_124' title='bbox 449 973 458 1000; x_wconf 92' lang='lat'>;</span> <span class='ocrx_word' id='word_1_125' title='bbox 485 959 648 998; x_wconf 84' lang='lat' dir='ltr'>exaltabat,</span> <span class='ocrx_word' id='word_1_126' title='bbox 664 959 856 1006; x_wconf 88' lang='lat' dir='ltr'>deprimebat</span> <span class='ocrx_word' id='word_1_127' title='bbox 866 957 1020 1007; x_wconf 85' lang='lat' dir='ltr'>quoscun-</span> 
     </span>
     <span class='ocr_line' id='line_1_20' title="bbox 262 1006 1021 1056; baseline 0 -14"><span class='ocrx_word' id='word_1_128' title='bbox 262 1022 321 1056; x_wconf 95' lang='lat' dir='ltr'>que</span> <span class='ocrx_word' id='word_1_129' title='bbox 335 1022 392 1055; x_wconf 90' lang='lat' dir='ltr'>pro</span> <span class='ocrx_word' id='word_1_130' title='bbox 408 1009 508 1043; x_wconf 84' lang='lat' dir='ltr'>libitu.</span> <span class='ocrx_word' id='word_1_131' title='bbox 549 1008 664 1042; x_wconf 72' lang='lat' dir='ltr'>Tiberio</span> <span class='ocrx_word' id='word_1_132' title='bbox 677 1008 756 1042; x_wconf 86' lang='lat' dir='ltr'>filius</span> <span class='ocrx_word' id='word_1_133' title='bbox 770 1006 827 1043; x_wconf 90' lang='lat' dir='ltr'>fuit</span> <span class='ocrx_word' id='word_1_134' title='bbox 846 1008 965 1052; x_wconf 72' lang='lat' dir='ltr'>Drusus</span> <span class='ocrx_word' id='word_1_135' title='bbox 984 1008 1021 1042; x_wconf 88' lang='lat' dir='ltr'>ad</span> 
     </span>
    </p>
   </div>
   <div class='ocr_carea' id='block_1_5' title="bbox 262 1056 1021 1105">
    <p class='ocr_par' dir='ltr' id='par_1_6' title="bbox 262 1056 1021 1105">
     <span class='ocr_line' id='line_1_21' title="bbox 262 1056 1021 1105; baseline 0 -14"><span class='ocrx_word' id='word_1_136' title='bbox 262 1059 343 1104; x_wconf 73' lang='lat' dir='ltr'>spem</span> <span class='ocrx_word' id='word_1_137' title='bbox 352 1059 476 1105; x_wconf 88' lang='lat' dir='ltr'>Imperii</span> <span class='ocrx_word' id='word_1_138' title='bbox 494 1058 510 1092; x_wconf 69' lang='lat' dir='ltr'>a</span> <span class='ocrx_word' id='word_1_139' title='bbox 530 1071 628 1105; x_wconf 86' lang='lat' dir='ltr'>puero</span> <span class='ocrx_word' id='word_1_140' title='bbox 644 1058 788 1092; x_wconf 80' lang='lat' dir='ltr'>educatus</span> <span class='ocrx_word' id='word_1_141' title='bbox 799 1083 807 1098; x_wconf 86' lang='lat'><em>‚</em></span> <span class='ocrx_word' id='word_1_142' title='bbox 828 1059 874 1092; x_wconf 89' lang='lat' dir='ltr'>vir</span> <span class='ocrx_word' id='word_1_143' title='bbox 887 1056 976 1092; x_wconf 89' lang='lat' dir='ltr'>fortis</span> <span class='ocrx_word' id='word_1_144' title='bbox 990 1061 1021 1092; x_wconf 83' lang='lat'><strong>&amp;</strong></span> 
     </span>
    </p>
   </div>
   <div class='ocr_carea' id='block_1_6' title="bbox 234 1106 1022 1155">
    <p class='ocr_par' dir='ltr' id='par_1_7' title="bbox 234 1106 1022 1155">
     <span class='ocr_line' id='line_1_22' title="bbox 234 1106 1022 1155; baseline -0.001 -13"><span class='ocrx_word' id='word_1_145' title='bbox 234 1121 238 1123; x_wconf 58' lang='grc'><strong>“</strong></span> <span class='ocrx_word' id='word_1_146' title='bbox 263 1109 370 1155; x_wconf 79' lang='lat' dir='ltr'>magni</span> <span class='ocrx_word' id='word_1_147' title='bbox 385 1107 449 1141; x_wconf 86' lang='lat' dir='ltr'>satis</span> <span class='ocrx_word' id='word_1_148' title='bbox 464 1108 557 1142; x_wconf 89' lang='lat' dir='ltr'>animi</span> <span class='ocrx_word' id='word_1_149' title='bbox 571 1132 581 1147; x_wconf 90' lang='lat'>,</span> <span class='ocrx_word' id='word_1_150' title='bbox 595 1106 644 1141; x_wconf 88' lang='lat' dir='ltr'>sed</span> <span class='ocrx_word' id='word_1_151' title='bbox 658 1117 856 1154; x_wconf 87' lang='lat' dir='ltr'>paternorum</span> <span class='ocrx_word' id='word_1_152' title='bbox 868 1108 900 1141; x_wconf 90' lang='lat' dir='ltr'>in</span> <span class='ocrx_word' id='word_1_153' title='bbox 918 1108 1022 1142; x_wconf 88' lang='lat' dir='ltr'>multis</span> 
     </span>
    </p>
   </div>
   <div class='ocr_carea' id='block_1_7' title="bbox 99 1275 250 1349">
    <p class='ocr_par' dir='ltr' id='par_1_8' title="bbox 99 1275 250 1349">
     <span class='ocr_line' id='line_1_23' title="bbox 99 1275 250 1310; baseline -0.013 -9"><span class='ocrx_word' id='word_1_154' title='bbox 99 1275 202 1310; x_wconf 71' lang='lat' dir='ltr'>Scjanm</span> <span class='ocrx_word' id='word_1_155' title='bbox 214 1281 250 1300; x_wconf 81' lang='lat' dir='ltr'>to.</span> 
     </span>
     <span class='ocr_line' id='line_1_24' title="bbox 99 1313 250 1349; baseline 0 -9"><span class='ocrx_word' id='word_1_156' title='bbox 99 1322 153 1340; x_wconf 71' lang='lat' dir='ltr'>tam</span> <span class='ocrx_word' id='word_1_157' title='bbox 176 1313 250 1349; x_wconf 56' lang='lat' dir='ltr'>Casti-</span> 
     </span>
    </p>
   </div>
   <div class='ocr_carea' id='block_1_8' title="bbox 259 1157 1025 1352">
    <p class='ocr_par' dir='ltr' id='par_1_9' title="bbox 259 1157 1025 1352">
     <span class='ocr_line' id='line_1_25' title="bbox 263 1157 1023 1205; baseline 0 -15"><span class='ocrx_word' id='word_1_158' title='bbox 263 1170 388 1191; x_wconf 86' lang='lat' dir='ltr'>morum</span> <span class='ocrx_word' id='word_1_159' title='bbox 404 1171 411 1191; x_wconf 94' lang='lat'>:</span> <span class='ocrx_word' id='word_1_160' title='bbox 431 1157 505 1190; x_wconf 85' lang='lat' dir='ltr'>hinc</span> <span class='ocrx_word' id='word_1_161' title='bbox 525 1169 602 1190; x_wconf 86' lang='lat' dir='ltr'>uxor</span> <span class='ocrx_word' id='word_1_162' title='bbox 615 1158 731 1190; x_wconf 75' lang='lat' dir='ltr'>Livilla</span> <span class='ocrx_word' id='word_1_163' title='bbox 744 1160 918 1205; x_wconf 68' lang='lat' dir='ltr'>¹Cjermanici</span> <span class='ocrx_word' id='word_1_164' title='bbox 930 1161 961 1192; x_wconf 86' lang='lat'>&amp;</span> <span class='ocrx_word' id='word_1_165' title='bbox 975 1160 1023 1190; x_wconf 84' lang='lat' dir='ltr'>A-</span> 
     </span>
     <span class='ocr_line' id='line_1_26' title="bbox 259 1204 1023 1255; baseline 0.003 -16"><span class='ocrx_word' id='word_1_166' title='bbox 259 1211 396 1255; x_wconf 71' lang='lat' dir='ltr'>gr.⁷pp.inae</span> <span class='ocrx_word' id='word_1_167' title='bbox 405 1205 476 1246; x_wconf 79' lang='lat' dir='ltr'>filia,</span> <span class='ocrx_word' id='word_1_168' title='bbox 489 1219 525 1240; x_wconf 74' lang='lat' dir='ltr'>ex</span> <span class='ocrx_word' id='word_1_169' title='bbox 535 1217 568 1241; x_wconf 80' lang='lat' dir='ltr'>ea</span> <span class='ocrx_word' id='word_1_170' title='bbox 583 1206 733 1253; x_wconf 82' lang='lat' dir='ltr'>gemellos</span> <span class='ocrx_word' id='word_1_171' title='bbox 747 1204 876 1241; x_wconf 88' lang='lat' dir='ltr'>sustulit:</span> <span class='ocrx_word' id='word_1_172' title='bbox 888 1219 1023 1254; x_wconf 85' lang='lat' dir='ltr'>quorum</span> 
     </span>
     <span class='ocr_line' id='line_1_27' title="bbox 265 1254 1024 1303; baseline 0.001 -14"><span class='ocrx_word' id='word_1_173' title='bbox 265 1257 339 1290; x_wconf 87' lang='lat' dir='ltr'>alter</span> <span class='ocrx_word' id='word_1_174' title='bbox 356 1255 491 1288; x_wconf 57' lang='lat' dir='ltr'>szerusa</span> <span class='ocrx_word' id='word_1_175' title='bbox 499 1256 575 1302; x_wconf 85' lang='lat' dir='ltr'>patri</span> <span class='ocrx_word' id='word_1_176' title='bbox 595 1254 763 1302; x_wconf 86' lang='lat' dir='ltr'>supervixit.</span> <span class='ocrx_word' id='word_1_177' title='bbox 791 1257 843 1290; x_wconf 89' lang='lat' dir='ltr'>Ad</span> <span class='ocrx_word' id='word_1_178' title='bbox 857 1257 1024 1303; x_wconf 85' lang='lat' dir='ltr'>Imperium</span> 
     </span>
     <span class='ocr_line' id='line_1_28' title="bbox 266 1304 1025 1352; baseline 0.001 -14"><span class='ocrx_word' id='word_1_179' title='bbox 266 1306 423 1351; x_wconf 84' lang='lat' dir='ltr'>pervenire</span> <span class='ocrx_word' id='word_1_180' title='bbox 431 1307 555 1349; x_wconf 85' lang='lat' dir='ltr'>Sejanus</span> <span class='ocrx_word' id='word_1_181' title='bbox 563 1317 627 1338; x_wconf 92' lang='lat' dir='ltr'>non</span> <span class='ocrx_word' id='word_1_182' title='bbox 642 1306 746 1352; x_wconf 91' lang='lat' dir='ltr'>potuit</span> <span class='ocrx_word' id='word_1_183' title='bbox 759 1304 812 1339; x_wconf 85' lang='lat' dir='ltr'>nifi</span> <span class='ocrx_word' id='word_1_184' title='bbox 828 1317 954 1339; x_wconf 87' lang='lat' dir='ltr'>remoto</span> <span class='ocrx_word' id='word_1_185' title='bbox 971 1309 1025 1339; x_wconf 70' lang='lat' dir='ltr'>Tt-</span> 
     </span>
    </p>
   </div>
   <div class='ocr_carea' id='block_1_9' title="bbox 99 1353 1026 1403">
    <p class='ocr_par' dir='ltr' id='par_1_10' title="bbox 99 1353 1026 1403">
     <span class='ocr_line' id='line_1_29' title="bbox 99 1353 1026 1403; baseline 0.002 -16"><span class='ocrx_word' id='word_1_186' title='bbox 99 1356 132 1379; x_wconf 71' lang='lat' dir='ltr'>ris</span> <span class='ocrx_word' id='word_1_187' title='bbox 148 1353 251 1380; x_wconf 72' lang='lat' dir='ltr'>domum</span> <span class='ocrx_word' id='word_1_188' title='bbox 265 1354 357 1390; x_wconf 73' lang='lat' dir='ltr'>herio,</span> <span class='ocrx_word' id='word_1_189' title='bbox 384 1353 515 1401; x_wconf 86' lang='lat' dir='ltr'>filioque</span> <span class='ocrx_word' id='word_1_190' title='bbox 531 1354 629 1398; x_wconf 69' lang='lat' dir='ltr'>Drstfh</span> <span class='ocrx_word' id='word_1_191' title='bbox 643 1361 673 1390; x_wconf 67' lang='grc' dir='ltr'>δι</span> <span class='ocrx_word' id='word_1_192' title='bbox 691 1367 808 1401; x_wconf 82' lang='lat' dir='ltr'>nepote</span> <span class='ocrx_word' id='word_1_193' title='bbox 832 1355 949 1388; x_wconf 66' lang='lat' dir='ltr'>&#39;liberio</span> <span class='ocrx_word' id='word_1_194' title='bbox 971 1368 1026 1403; x_wconf 79' lang='lat' dir='ltr'>ge-</span> 
     </span>
    </p>
   </div>
   <div class='ocr_carea' id='block_1_10' title="bbox 95 1393 230 1469">
    <p class='ocr_par' dir='ltr' id='par_1_11' title="bbox 95 1393 230 1469">
     <span class='ocr_line' id='line_1_30' title="bbox 100 1393 230 1421; baseline 0.015 -2"><span class='ocrx_word' id='word_1_195' title='bbox 100 1393 230 1421; x_wconf 70' lang='lat' dir='ltr'>excindere</span> 
     </span>
     <span class='ocr_line' id='line_1_31' title="bbox 95 1439 182 1469; baseline 0 -10"><span class='ocrx_word' id='word_1_196' title='bbox 95 1439 182 1469; x_wconf 76' lang='lat' dir='ltr'>parat.</span> 
     </span>
    </p>
   </div>
   <div class='ocr_carea' id='block_1_11' title="bbox 98 2461 223 2527">
    <p class='ocr_par' dir='ltr' id='par_1_12' title="bbox 98 2461 223 2527">
     <span class='ocr_line' id='line_1_32' title="bbox 98 2461 214 2498; baseline -0.026 -9"><span class='ocrx_word' id='word_1_197' title='bbox 98 2461 199 2498; x_wconf 70' lang='lat' dir='ltr'>Agrippi</span> <span class='ocrx_word' id='word_1_198' title='bbox 204 2477 214 2481; x_wconf 97' lang='lat'>-</span> 
     </span>
     <span class='ocr_line' id='line_1_33' title="bbox 98 2511 223 2527; baseline 0.008 -1"><span class='ocrx_word' id='word_1_199' title='bbox 98 2511 158 2526; x_wconf 67' lang='lat' dir='ltr'>Ham</span> <span class='ocrx_word' id='word_1_200' title='bbox 166 2511 223 2527; x_wconf 68' lang='lat' dir='ltr'>cnm</span> 
     </span>
    </p>
   </div>
   <div class='ocr_carea' id='block_1_12' title="bbox 94 2539 249 2578">
    <p class='ocr_par' dir='ltr' id='par_1_13' title="bbox 94 2539 249 2578">
     <span class='ocr_line' id='line_1_34' title="bbox 94 2539 249 2578; baseline 0.006 -12"><span class='ocrx_word' id='word_1_201' title='bbox 94 2539 154 2575; x_wconf 73' lang='lat' dir='ltr'>filiis</span> <span class='ocrx_word' id='word_1_202' title='bbox 160 2541 249 2578; x_wconf 76' lang='lat' dir='ltr'>perdtt.</span> 
     </span>
    </p>
   </div>
   <div class='ocr_carea' id='block_1_13' title="bbox 260 1402 1028 3173">
    <p class='ocr_par' dir='ltr' id='par_1_14' title="bbox 265 1402 1027 1849">
     <span class='ocr_line' id='line_1_35' title="bbox 266 1402 1025 1451; baseline 0.001 -14"><span class='ocrx_word' id='word_1_203' title='bbox 266 1405 378 1442; x_wconf 89' lang='lat' dir='ltr'>mello,</span> <span class='ocrx_word' id='word_1_204' title='bbox 401 1402 606 1451; x_wconf 87' lang='lat' dir='ltr'>omnibusque</span> <span class='ocrx_word' id='word_1_205' title='bbox 629 1407 805 1438; x_wconf 72' lang='lat' dir='ltr'>Germanici</span> <span class='ocrx_word' id='word_1_206' title='bbox 819 1404 942 1439; x_wconf 87' lang='lat' dir='ltr'>liberis:</span> <span class='ocrx_word' id='word_1_207' title='bbox 968 1405 1025 1440; x_wconf 85' lang='lat' dir='ltr'>viri</span> 
     </span>
     <span class='ocr_line' id='line_1_36' title="bbox 265 1453 1023 1503; baseline 0.003 -16"><span class='ocrx_word' id='word_1_208' title='bbox 265 1454 398 1487; x_wconf 83' lang='lat' dir='ltr'>ambitio</span> <span class='ocrx_word' id='word_1_209' title='bbox 418 1453 505 1500; x_wconf 80' lang='lat' dir='ltr'>ipsius</span> <span class='ocrx_word' id='word_1_210' title='bbox 515 1456 652 1488; x_wconf 86' lang='lat' dir='ltr'>animum</span> <span class='ocrx_word' id='word_1_211' title='bbox 666 1455 701 1488; x_wconf 89' lang='lat' dir='ltr'>ad</span> <span class='ocrx_word' id='word_1_212' title='bbox 715 1466 776 1488; x_wconf 86' lang='lat' dir='ltr'>tam</span> <span class='ocrx_word' id='word_1_213' title='bbox 791 1455 926 1489; x_wconf 89' lang='lat' dir='ltr'>immane</span> <span class='ocrx_word' id='word_1_214' title='bbox 940 1454 1023 1503; x_wconf 83' lang='lat' dir='ltr'>flagi-</span> 
     </span>
     <span class='ocr_line' id='line_1_37' title="bbox 266 1502 1026 1552; baseline 0.001 -16"><span class='ocrx_word' id='word_1_215' title='bbox 266 1503 342 1536; x_wconf 89' lang='lat' dir='ltr'>tium</span> <span class='ocrx_word' id='word_1_216' title='bbox 350 1503 503 1537; x_wconf 81' lang='lat' dir='ltr'>accendit:</span> <span class='ocrx_word' id='word_1_217' title='bbox 518 1503 641 1537; x_wconf 88' lang='lat' dir='ltr'>initium</span> <span class='ocrx_word' id='word_1_218' title='bbox 651 1502 745 1538; x_wconf 71' lang='lat' dir='ltr'>fecita</span> <span class='ocrx_word' id='word_1_219' title='bbox 755 1506 956 1552; x_wconf 82' lang='lat' dir='ltr'>corruptione</span> <span class='ocrx_word' id='word_1_220' title='bbox 969 1509 1026 1540; x_wconf 86' lang='lat' dir='ltr'>Li-</span> 
     </span>
     <span class='ocr_line' id='line_1_38' title="bbox 266 1552 1024 1602; baseline 0.007 -18"><span class='ocrx_word' id='word_1_221' title='bbox 266 1552 339 1584; x_wconf 59' lang='lat' dir='ltr'>vella</span> <span class='ocrx_word' id='word_1_222' title='bbox 356 1552 461 1585; x_wconf 79' lang='lat' dir='ltr'>uxoris</span> <span class='ocrx_word' id='word_1_223' title='bbox 473 1554 586 1593; x_wconf 69' lang='lat' dir='ltr'>Drusi,</span> <span class='ocrx_word' id='word_1_224' title='bbox 607 1566 698 1600; x_wconf 85' lang='lat' dir='ltr'>quam</span> <span class='ocrx_word' id='word_1_225' title='bbox 712 1553 862 1587; x_wconf 84' lang='lat' dir='ltr'>adulterio</span> <span class='ocrx_word' id='word_1_226' title='bbox 875 1555 1024 1602; x_wconf 86' lang='lat' dir='ltr'>pollutam</span> 
     </span>
     <span class='ocr_line' id='line_1_39' title="bbox 266 1601 1022 1651; baseline 0.004 -17"><span class='ocrx_word' id='word_1_227' title='bbox 266 1601 387 1649; x_wconf 80' lang='lat' dir='ltr'>pellexit</span> <span class='ocrx_word' id='word_1_228' title='bbox 399 1612 431 1635; x_wconf 89' lang='lat' dir='ltr'>ut</span> <span class='ocrx_word' id='word_1_229' title='bbox 444 1602 556 1635; x_wconf 86' lang='lat' dir='ltr'>marito</span> <span class='ocrx_word' id='word_1_230' title='bbox 572 1603 689 1637; x_wconf 87' lang='lat' dir='ltr'>lentum</span> <span class='ocrx_word' id='word_1_231' title='bbox 698 1615 851 1638; x_wconf 86' lang='lat' dir='ltr'>venenum</span> <span class='ocrx_word' id='word_1_232' title='bbox 863 1603 1022 1651; x_wconf 85' lang='lat' dir='ltr'>praeberet.</span> 
     </span>
     <span class='ocr_line' id='line_1_40' title="bbox 265 1651 1024 1697; baseline 0.001 -11"><span class='ocrx_word' id='word_1_233' title='bbox 265 1653 400 1686; x_wconf 88' lang='lat' dir='ltr'>Mortuo</span> <span class='ocrx_word' id='word_1_234' title='bbox 408 1651 514 1695; x_wconf 75' lang='lat' dir='ltr'>‘Druffi</span> <span class='ocrx_word' id='word_1_235' title='bbox 531 1652 656 1697; x_wconf 83' lang='lat' dir='ltr'>Sejanus</span> <span class='ocrx_word' id='word_1_236' title='bbox 677 1651 786 1687; x_wconf 87' lang='lat' dir='ltr'>humili</span> <span class='ocrx_word' id='word_1_237' title='bbox 800 1654 948 1688; x_wconf 87' lang='lat' dir='ltr'>codicillo</span> <span class='ocrx_word' id='word_1_238' title='bbox 967 1657 1024 1689; x_wconf 82' lang='lat' dir='ltr'>Li-</span> 
     </span>
     <span class='ocr_line' id='line_1_41' title="bbox 266 1701 1027 1750; baseline 0.005 -16"><span class='ocrx_word' id='word_1_239' title='bbox 266 1702 340 1734; x_wconf 59' lang='lat' dir='ltr'>villa</span> <span class='ocrx_word' id='word_1_240' title='bbox 366 1701 485 1747; x_wconf 81' lang='lat' dir='ltr'>nuptias</span> <span class='ocrx_word' id='word_1_241' title='bbox 503 1701 520 1736; x_wconf 72' lang='grc' dir='ltr'>εὶ</span> <span class='ocrx_word' id='word_1_242' title='bbox 546 1702 664 1738; x_wconf 63' lang='lat' dir='ltr'>mario</span> <span class='ocrx_word' id='word_1_243' title='bbox 685 1702 847 1750; x_wconf 89' lang='lat' dir='ltr'>postulavit</span> <span class='ocrx_word' id='word_1_244' title='bbox 866 1727 875 1743; x_wconf 91' lang='lat'><strong>,</strong></span> <span class='ocrx_word' id='word_1_245' title='bbox 904 1702 1027 1739; x_wconf 72' lang='lat' dir='ltr'>dimissa</span> 
     </span>
     <span class='ocr_line' id='line_1_42' title="bbox 266 1748 1025 1799; baseline 0.005 -15"><span class='ocrx_word' id='word_1_246' title='bbox 266 1762 363 1784; x_wconf 79' lang='lat' dir='ltr'>uxore</span> <span class='ocrx_word' id='word_1_247' title='bbox 378 1748 427 1785; x_wconf 68' lang='lat' dir='ltr'>sua</span> <span class='ocrx_word' id='word_1_248' title='bbox 437 1751 587 1799; x_wconf 64' lang='grc' dir='ltr'>Αρίσαιιὶ,</span> <span class='ocrx_word' id='word_1_249' title='bbox 602 1764 635 1788; x_wconf 92' lang='lat' dir='ltr'>ut</span> <span class='ocrx_word' id='word_1_250' title='bbox 647 1755 763 1787; x_wconf 75' lang='lat' dir='ltr'>Livillae</span> <span class='ocrx_word' id='word_1_251' title='bbox 773 1753 859 1788; x_wconf 89' lang='lat' dir='ltr'>locus</span> <span class='ocrx_word' id='word_1_252' title='bbox 868 1751 938 1788; x_wconf 82' lang='lat' dir='ltr'>effer</span> <span class='ocrx_word' id='word_1_253' title='bbox 945 1768 955 1795; x_wconf 83' lang='lat'>3</span> <span class='ocrx_word' id='word_1_254' title='bbox 973 1756 1025 1787; x_wconf 63' lang='lat'>71-</span> 
     </span>
     <span class='ocr_line' id='line_1_43' title="bbox 266 1799 886 1849; baseline 0.011 -18"><span class='ocrx_word' id='word_1_255' title='bbox 266 1799 363 1834; x_wconf 69' lang='lat' dir='ltr'>herim</span> <span class='ocrx_word' id='word_1_256' title='bbox 377 1803 442 1836; x_wconf 68' lang='lat' dir='ltr'>cata</span> <span class='ocrx_word' id='word_1_257' title='bbox 454 1801 504 1836; x_wconf 63' lang='lat' dir='ltr'>sua</span> <span class='ocrx_word' id='word_1_258' title='bbox 518 1803 679 1849; x_wconf 66' lang='lat' dir='ltr'>prudentia</span> <span class='ocrx_word' id='word_1_259' title='bbox 687 1815 754 1837; x_wconf 89' lang='lat' dir='ltr'>rem</span> <span class='ocrx_word' id='word_1_260' title='bbox 762 1802 886 1838; x_wconf 89' lang='lat' dir='ltr'>distulit.</span> 
     </span>
    </p>

    <p class='ocr_par' dir='ltr' id='par_1_15' title="bbox 260 1851 1028 3173">
     <span class='ocr_line' id='line_1_44' title="bbox 313 1851 1026 1901; baseline 0.007 -19"><span class='ocrx_word' id='word_1_261' title='bbox 313 1852 437 1894; x_wconf 80' lang='lat' dir='ltr'>Sejanus</span> <span class='ocrx_word' id='word_1_262' title='bbox 450 1851 535 1885; x_wconf 87' lang='lat' dir='ltr'>istius</span> <span class='ocrx_word' id='word_1_263' title='bbox 547 1854 612 1888; x_wconf 92' lang='lat' dir='ltr'>voti</span> <span class='ocrx_word' id='word_1_264' title='bbox 626 1852 690 1887; x_wconf 86' lang='lat' dir='ltr'>satis</span> <span class='ocrx_word' id='word_1_265' title='bbox 703 1863 815 1893; x_wconf 85' lang='lat' dir='ltr'>certus,</span> <span class='ocrx_word' id='word_1_266' title='bbox 825 1853 926 1901; x_wconf 80' lang='lat' dir='ltr'>pergit</span> <span class='ocrx_word' id='word_1_267' title='bbox 934 1852 970 1887; x_wconf 87' lang='lat' dir='ltr'>ad</span> <span class='ocrx_word' id='word_1_268' title='bbox 979 1865 1026 1887; x_wconf 93' lang='lat' dir='ltr'>re-</span> 
     </span>
     <span class='ocr_line' id='line_1_45' title="bbox 266 1898 1028 1952; baseline 0.007 -21"><span class='ocrx_word' id='word_1_269' title='bbox 266 1898 357 1945; x_wconf 86' lang='lat' dir='ltr'>liqua.</span> <span class='ocrx_word' id='word_1_270' title='bbox 380 1903 547 1948; x_wconf 58' lang='lat' dir='ltr'>Agrippina</span> <span class='ocrx_word' id='word_1_271' title='bbox 560 1913 620 1935; x_wconf 81' lang='lat' dir='ltr'>tres</span> <span class='ocrx_word' id='word_1_272' title='bbox 633 1901 789 1942; x_wconf 83' lang='lat' dir='ltr'>erantfilii‚</span> <span class='ocrx_word' id='word_1_273' title='bbox 799 1904 931 1952; x_wconf 68' lang='lat' dir='ltr'>Caligula</span> <span class='ocrx_word' id='word_1_274' title='bbox 939 1902 1028 1936; x_wconf 89' lang='lat' dir='ltr'>mini-</span> 
     </span>
     <span class='ocr_line' id='line_1_46' title="bbox 267 1950 1025 2000; baseline 0.008 -19"><span class='ocrx_word' id='word_1_275' title='bbox 267 1961 336 1982; x_wconf 86' lang='lat' dir='ltr'>mus</span> <span class='ocrx_word' id='word_1_276' title='bbox 349 1960 432 1988; x_wconf 89' lang='lat' dir='ltr'>natu,</span> <span class='ocrx_word' id='word_1_277' title='bbox 453 1951 543 1983; x_wconf 82' lang='lat' dir='ltr'>etiam</span> <span class='ocrx_word' id='word_1_278' title='bbox 568 1950 703 1984; x_wconf 68' lang='lat' dir='ltr'>szerim</span> <span class='ocrx_word' id='word_1_279' title='bbox 722 1954 837 1997; x_wconf 76' lang='lat' dir='ltr'>Drttfi,</span> <span class='ocrx_word' id='word_1_280' title='bbox 863 1964 896 1987; x_wconf 88' lang='lat' dir='ltr'>ut</span> <span class='ocrx_word' id='word_1_281' title='bbox 909 1953 1025 2000; x_wconf 84' lang='lat' dir='ltr'>pueruli</span> 
     </span>
     <span class='ocr_line' id='line_1_47' title="bbox 266 1995 1026 2044; baseline 0.007 -14"><span class='ocrx_word' id='word_1_282' title='bbox 266 1995 498 2043; x_wconf 81' lang='lat' dir='ltr'>spernebantur,</span> <span class='ocrx_word' id='word_1_283' title='bbox 519 1996 568 2033; x_wconf 88' lang='lat' dir='ltr'>sed</span> <span class='ocrx_word' id='word_1_284' title='bbox 583 2000 751 2044; x_wconf 88' lang='lat' dir='ltr'>majoribus</span> <span class='ocrx_word' id='word_1_285' title='bbox 764 2013 838 2037; x_wconf 83' lang='lat' dir='ltr'>natu</span> <span class='ocrx_word' id='word_1_286' title='bbox 852 2003 958 2036; x_wconf 86' lang='lat' dir='ltr'>liberis</span> <span class='ocrx_word' id='word_1_287' title='bbox 976 2005 1026 2035; x_wconf 88' lang='lat' dir='ltr'>A-</span> 
     </span>
     <span class='ocr_line' id='line_1_48' title="bbox 260 2050 1025 2099; baseline 0.013 -21"><span class='ocrx_word' id='word_1_288' title='bbox 260 2050 414 2095; x_wconf 52' lang='lat' dir='ltr'>grippum,</span> <span class='ocrx_word' id='word_1_289' title='bbox 442 2051 572 2097; x_wconf 57' lang='lat' dir='ltr'>Qerom</span> <span class='ocrx_word' id='word_1_290' title='bbox 586 2062 620 2084; x_wconf 86' lang='lat' dir='ltr'>ac</span> <span class='ocrx_word' id='word_1_291' title='bbox 631 2051 730 2095; x_wconf 70' lang='lat' dir='ltr'>Drnfi)</span> <span class='ocrx_word' id='word_1_292' title='bbox 745 2064 862 2099; x_wconf 75' lang='lat' dir='ltr'>magnae</span> <span class='ocrx_word' id='word_1_293' title='bbox 876 2050 936 2099; x_wconf 88' lang='lat' dir='ltr'>spei</span> <span class='ocrx_word' id='word_1_294' title='bbox 950 2053 1025 2088; x_wconf 85' lang='lat' dir='ltr'>ado-</span> 
     </span>
     <span class='ocr_line' id='line_1_49' title="bbox 263 2097 1025 2149; baseline 0.01 -21"><span class='ocrx_word' id='word_1_295' title='bbox 263 2097 444 2131; x_wconf 79' lang='lat' dir='ltr'>lescentibus</span> <span class='ocrx_word' id='word_1_296' title='bbox 453 2100 526 2131; x_wconf 80' lang='lat' dir='ltr'>retia</span> <span class='ocrx_word' id='word_1_297' title='bbox 535 2101 660 2143; x_wconf 88' lang='lat' dir='ltr'>Sejanus</span> <span class='ocrx_word' id='word_1_298' title='bbox 668 2101 806 2135; x_wconf 89' lang='lat' dir='ltr'>tetendit.</span> <span class='ocrx_word' id='word_1_299' title='bbox 817 2102 958 2149; x_wconf 83' lang='lat' dir='ltr'>Plerique</span> <span class='ocrx_word' id='word_1_300' title='bbox 966 2104 1025 2136; x_wconf 90' lang='lat' dir='ltr'>cir-</span> 
     </span>
     <span class='ocr_line' id='line_1_50' title="bbox 264 2148 1024 2193; baseline 0.012 -16"><span class='ocrx_word' id='word_1_301' title='bbox 264 2157 298 2177; x_wconf 88' lang='lat' dir='ltr'>ca</span> <span class='ocrx_word' id='word_1_302' title='bbox 311 2158 365 2178; x_wconf 82' lang='lat' dir='ltr'>eos</span> <span class='ocrx_word' id='word_1_303' title='bbox 379 2150 409 2180; x_wconf 82' lang='lat'>&amp;</span> <span class='ocrx_word' id='word_1_304' title='bbox 424 2158 553 2181; x_wconf 86' lang='lat' dir='ltr'>matrem</span> <span class='ocrx_word' id='word_1_305' title='bbox 561 2151 671 2193; x_wconf 87' lang='lat' dir='ltr'>Sejano</span> <span class='ocrx_word' id='word_1_306' title='bbox 680 2160 764 2184; x_wconf 88' lang='lat' dir='ltr'>erant</span> <span class='ocrx_word' id='word_1_307' title='bbox 777 2148 848 2185; x_wconf 87' lang='lat' dir='ltr'>servi</span> <span class='ocrx_word' id='word_1_308' title='bbox 868 2152 1001 2186; x_wconf 86' lang='lat' dir='ltr'>venalitii</span> <span class='ocrx_word' id='word_1_309' title='bbox 1015 2177 1024 2191; x_wconf 97' lang='lat'>‚</span> 
     </span>
     <span class='ocr_line' id='line_1_51' title="bbox 263 2193 1024 2248; baseline 0.013 -23"><span class='ocrx_word' id='word_1_310' title='bbox 263 2205 316 2239; x_wconf 88' lang='lat' dir='ltr'>per</span> <span class='ocrx_word' id='word_1_311' title='bbox 329 2193 388 2227; x_wconf 87' lang='lat' dir='ltr'>hos</span> <span class='ocrx_word' id='word_1_312' title='bbox 403 2208 470 2241; x_wconf 81' lang='lat' dir='ltr'>quae</span> <span class='ocrx_word' id='word_1_313' title='bbox 483 2197 582 2229; x_wconf 88' lang='lat' dir='ltr'>voluit</span> <span class='ocrx_word' id='word_1_314' title='bbox 595 2198 751 2232; x_wconf 86' lang='lat' dir='ltr'>mendacia</span> <span class='ocrx_word' id='word_1_315' title='bbox 760 2201 901 2245; x_wconf 86' lang='lat' dir='ltr'>quotidie</span> <span class='ocrx_word' id='word_1_316' title='bbox 917 2200 1024 2248; x_wconf 77' lang='lat' dir='ltr'>sugge-</span> 
     </span>
     <span class='ocr_line' id='line_1_52' title="bbox 263 2241 1022 2293; baseline 0.007 -19"><span class='ocrx_word' id='word_1_317' title='bbox 263 2241 366 2281; x_wconf 84' lang='lat' dir='ltr'>rebat,</span> <span class='ocrx_word' id='word_1_318' title='bbox 381 2246 410 2276; x_wconf 83' lang='lat'>&amp;</span> <span class='ocrx_word' id='word_1_319' title='bbox 424 2245 528 2277; x_wconf 86' lang='lat' dir='ltr'>omnia</span> <span class='ocrx_word' id='word_1_320' title='bbox 535 2256 597 2278; x_wconf 86' lang='lat' dir='ltr'>tam</span> <span class='ocrx_word' id='word_1_321' title='bbox 611 2247 714 2279; x_wconf 86' lang='lat' dir='ltr'>matris</span> <span class='ocrx_word' id='word_1_322' title='bbox 727 2248 820 2293; x_wconf 77' lang='lat' dir='ltr'>quam</span> <span class='ocrx_word' id='word_1_323' title='bbox 833 2247 970 2281; x_wconf 89' lang='lat' dir='ltr'>filiorum</span> <span class='ocrx_word' id='word_1_324' title='bbox 979 2249 1022 2281; x_wconf 84' lang='lat' dir='ltr'>di-</span> 
     </span>
     <span class='ocr_line' id='line_1_53' title="bbox 263 2289 1023 2341; baseline 0.008 -18"><span class='ocrx_word' id='word_1_325' title='bbox 263 2291 330 2330; x_wconf 67' lang='lat' dir='ltr'>eta,</span> <span class='ocrx_word' id='word_1_326' title='bbox 351 2289 447 2331; x_wconf 66' lang='lat' dir='ltr'>faeta,</span> <span class='ocrx_word' id='word_1_327' title='bbox 464 2303 552 2327; x_wconf 90' lang='lat' dir='ltr'>nutus</span> <span class='ocrx_word' id='word_1_328' title='bbox 568 2294 754 2341; x_wconf 80' lang='lat' dir='ltr'>accipiebat,</span> <span class='ocrx_word' id='word_1_329' title='bbox 775 2307 842 2341; x_wconf 83' lang='lat' dir='ltr'>quae</span> <span class='ocrx_word' id='word_1_330' title='bbox 856 2294 956 2329; x_wconf 84' lang='lat' dir='ltr'>statim</span> <span class='ocrx_word' id='word_1_331' title='bbox 970 2296 1023 2329; x_wconf 88' lang='lat' dir='ltr'>de-</span> 
     </span>
     <span class='ocr_line' id='line_1_54' title="bbox 263 2338 1023 2378; baseline 0.007 -5"><span class='ocrx_word' id='word_1_332' title='bbox 263 2338 380 2374; x_wconf 87' lang='lat' dir='ltr'>ferebat</span> <span class='ocrx_word' id='word_1_333' title='bbox 402 2342 439 2375; x_wconf 86' lang='lat' dir='ltr'>ad</span> <span class='ocrx_word' id='word_1_334' title='bbox 461 2341 616 2376; x_wconf 59' lang='lat' dir='ltr'>vberium</span> <span class='ocrx_word' id='word_1_335' title='bbox 628 2359 638 2376; x_wconf 89' lang='lat'>.·</span> <span class='ocrx_word' id='word_1_336' title='bbox 657 2344 730 2377; x_wconf 89' lang='lat' dir='ltr'>hinc</span> <span class='ocrx_word' id='word_1_337' title='bbox 752 2345 887 2378; x_wconf 88' lang='lat' dir='ltr'>immane</span> <span class='ocrx_word' id='word_1_338' title='bbox 910 2344 1023 2378; x_wconf 80' lang='lat' dir='ltr'>‘Tiberii</span> 
     </span>
     <span class='ocr_line' id='line_1_55' title="bbox 263 2389 1021 2442; baseline 0.009 -20"><span class='ocrx_word' id='word_1_339' title='bbox 263 2389 372 2423; x_wconf 88' lang='lat' dir='ltr'>odium</span> <span class='ocrx_word' id='word_1_340' title='bbox 384 2403 418 2424; x_wconf 84' lang='lat' dir='ltr'>ac</span> <span class='ocrx_word' id='word_1_341' title='bbox 432 2389 559 2438; x_wconf 82' lang='lat' dir='ltr'>suspicio</span> <span class='ocrx_word' id='word_1_342' title='bbox 572 2392 612 2427; x_wconf 72' lang='lat' dir='ltr'>co</span> <span class='ocrx_word' id='word_1_343' title='bbox 626 2394 763 2432; x_wconf 81' lang='lat' dir='ltr'>devenit,</span> <span class='ocrx_word' id='word_1_344' title='bbox 784 2405 816 2428; x_wconf 89' lang='lat' dir='ltr'>ut</span> <span class='ocrx_word' id='word_1_345' title='bbox 829 2405 892 2428; x_wconf 86' lang='lat' dir='ltr'>tam</span> <span class='ocrx_word' id='word_1_346' title='bbox 907 2395 1021 2442; x_wconf 81' lang='lat' dir='ltr'>Agrip-</span> 
     </span>
     <span class='ocr_line' id='line_1_56' title="bbox 263 2440 1022 2490; baseline 0.011 -19"><span class='ocrx_word' id='word_1_347' title='bbox 263 2440 366 2485; x_wconf 85' lang='lat' dir='ltr'>pinam</span> <span class='ocrx_word' id='word_1_348' title='bbox 380 2440 473 2487; x_wconf 72' lang='lat' dir='ltr'>qnam</span> <span class='ocrx_word' id='word_1_349' title='bbox 486 2442 637 2475; x_wconf 77' lang='lat' dir='ltr'>Neronem</span> <span class='ocrx_word' id='word_1_350' title='bbox 650 2443 729 2490; x_wconf 81' lang='lat' dir='ltr'>apud</span> <span class='ocrx_word' id='word_1_351' title='bbox 750 2441 884 2478; x_wconf 83' lang='lat' dir='ltr'>senatum</span> <span class='ocrx_word' id='word_1_352' title='bbox 905 2443 1022 2478; x_wconf 83' lang='lat' dir='ltr'>accusa-</span> 
     </span>
     <span class='ocr_line' id='line_1_57' title="bbox 267 2488 1023 2530; baseline 0.008 -9"><span class='ocrx_word' id='word_1_353' title='bbox 267 2499 312 2522; x_wconf 82' lang='lat' dir='ltr'>rrt</span> <span class='ocrx_word' id='word_1_354' title='bbox 331 2488 511 2524; x_wconf 64' lang='lat' dir='ltr'>structarum</span> <span class='ocrx_word' id='word_1_355' title='bbox 525 2491 555 2524; x_wconf 93' lang='lat' dir='ltr'>in</span> <span class='ocrx_word' id='word_1_356' title='bbox 575 2488 654 2526; x_wconf 88' lang='lat' dir='ltr'>suam</span> <span class='ocrx_word' id='word_1_357' title='bbox 667 2493 760 2526; x_wconf 86' lang='lat' dir='ltr'>vitam</span> <span class='ocrx_word' id='word_1_358' title='bbox 773 2492 964 2530; x_wconf 80' lang='lat' dir='ltr'>insidiarum,</span> <span class='ocrx_word' id='word_1_359' title='bbox 990 2504 1023 2528; x_wconf 95' lang='lat' dir='ltr'>ut</span> 
     </span>
     <span class='ocr_line' id='line_1_58' title="bbox 266 2537 1022 2588; baseline 0.007 -17"><span class='ocrx_word' id='word_1_360' title='bbox 266 2537 318 2584; x_wconf 80' lang='lat' dir='ltr'>ipsi</span> <span class='ocrx_word' id='word_1_361' title='bbox 337 2540 520 2586; x_wconf 83' lang='lat' dir='ltr'>imperarent</span> <span class='ocrx_word' id='word_1_362' title='bbox 533 2555 540 2574; x_wconf 93' lang='lat'><strong>:</strong></span> <span class='ocrx_word' id='word_1_363' title='bbox 562 2553 619 2575; x_wconf 90' lang='lat' dir='ltr'>nec</span> <span class='ocrx_word' id='word_1_364' title='bbox 632 2540 727 2575; x_wconf 81' lang='lat' dir='ltr'>finem</span> <span class='ocrx_word' id='word_1_365' title='bbox 741 2541 914 2577; x_wconf 89' lang='lat' dir='ltr'>habuerunt</span> <span class='ocrx_word' id='word_1_366' title='bbox 924 2544 1022 2588; x_wconf 80' lang='lat' dir='ltr'>sejani</span> 
     </span>
     <span class='ocr_line' id='line_1_59' title="bbox 267 2588 1023 2639; baseline 0.011 -19"><span class='ocrx_word' id='word_1_367' title='bbox 267 2588 439 2629; x_wconf 66' lang='lat' dir='ltr'>calumniae,</span> <span class='ocrx_word' id='word_1_368' title='bbox 461 2591 562 2624; x_wconf 85' lang='lat' dir='ltr'>donec</span> <span class='ocrx_word' id='word_1_369' title='bbox 576 2592 745 2639; x_wconf 79' lang='lat' dir='ltr'>Agrippina</span> <span class='ocrx_word' id='word_1_370' title='bbox 759 2590 926 2628; x_wconf 87' lang='lat' dir='ltr'>ininsulam</span> <span class='ocrx_word' id='word_1_371' title='bbox 944 2597 1023 2628; x_wconf 81' lang='lat' dir='ltr'>Pan-</span> 
     </span>
     <span class='ocr_line' id='line_1_60' title="bbox 267 2637 1022 2687; baseline 0.009 -17"><span class='ocrx_word' id='word_1_372' title='bbox 267 2637 409 2672; x_wconf 82' lang='lat' dir='ltr'>datariam</span> <span class='ocrx_word' id='word_1_373' title='bbox 422 2664 432 2677; x_wconf 91' lang='lat'>‚</span> <span class='ocrx_word' id='word_1_374' title='bbox 462 2644 494 2673; x_wconf 87' lang='lat'>&amp;</span> <span class='ocrx_word' id='word_1_375' title='bbox 509 2643 606 2687; x_wconf 47' lang='grc' dir='ltr'>Ἕνα</span> <span class='ocrx_word' id='word_1_376' title='bbox 618 2654 652 2674; x_wconf 90' lang='lat' dir='ltr'>ac</span> <span class='ocrx_word' id='word_1_377' title='bbox 665 2641 824 2684; x_wconf 74' lang='lat' dir='ltr'>Drususin</span> <span class='ocrx_word' id='word_1_378' title='bbox 843 2643 919 2676; x_wconf 85' lang='lat' dir='ltr'>alios</span> <span class='ocrx_word' id='word_1_379' title='bbox 933 2643 1022 2677; x_wconf 81' lang='lat' dir='ltr'>locos</span> 
     </span>
     <span class='ocr_line' id='line_1_61' title="bbox 269 2688 1023 2736; baseline 0.008 -17"><span class='ocrx_word' id='word_1_380' title='bbox 269 2688 348 2720; x_wconf 74' lang='lat' dir='ltr'>exilii</span> <span class='ocrx_word' id='word_1_381' title='bbox 361 2689 601 2723; x_wconf 86' lang='lat' dir='ltr'>amandarentur.</span> <span class='ocrx_word' id='word_1_382' title='bbox 616 2691 806 2736; x_wconf 66' lang='lat' dir='ltr'>Agrippinae,</span> <span class='ocrx_word' id='word_1_383' title='bbox 820 2703 891 2725; x_wconf 89' lang='lat' dir='ltr'>cum</span> <span class='ocrx_word' id='word_1_384' title='bbox 906 2691 1023 2725; x_wconf 58' lang='lat' dir='ltr'>Tiberio</span> 
     </span>
     <span class='ocr_line' id='line_1_62' title="bbox 269 2738 1022 2776; baseline 0.012 -9"><span class='ocrx_word' id='word_1_385' title='bbox 269 2738 483 2773; x_wconf 82' lang='lat' dir='ltr'>convitiaretur</span> <span class='ocrx_word' id='word_1_386' title='bbox 497 2763 506 2776; x_wconf 89' lang='lat'><strong>‚</strong></span> <span class='ocrx_word' id='word_1_387' title='bbox 532 2739 687 2773; x_wconf 85' lang='lat' dir='ltr'>Centurio</span> <span class='ocrx_word' id='word_1_388' title='bbox 704 2739 882 2773; x_wconf 81' lang='lat' dir='ltr'>verberibus</span> <span class='ocrx_word' id='word_1_389' title='bbox 896 2742 1022 2776; x_wconf 90' lang='lat' dir='ltr'>oculum</span> 
     </span>
     <span class='ocr_line' id='line_1_63' title="bbox 269 2786 1022 2836; baseline 0.011 -19"><span class='ocrx_word' id='word_1_390' title='bbox 269 2787 388 2820; x_wconf 75' lang='lat' dir='ltr'>excuffit</span> <span class='ocrx_word' id='word_1_391' title='bbox 400 2812 408 2824; x_wconf 88' lang='lat'><em>,</em></span> <span class='ocrx_word' id='word_1_392' title='bbox 427 2792 459 2823; x_wconf 88' lang='lat'>&amp;</span> <span class='ocrx_word' id='word_1_393' title='bbox 472 2787 543 2823; x_wconf 76' lang='lat' dir='ltr'>cum</span> <span class='ocrx_word' id='word_1_394' title='bbox 552 2789 652 2823; x_wconf 70' lang='lat' dir='ltr'>inedia</span> <span class='ocrx_word' id='word_1_395' title='bbox 665 2786 787 2836; x_wconf 82' lang='lat' dir='ltr'>seipsam</span> <span class='ocrx_word' id='word_1_396' title='bbox 797 2789 952 2825; x_wconf 80' lang='lat' dir='ltr'>conficere</span> <span class='ocrx_word' id='word_1_397' title='bbox 965 2804 1022 2825; x_wconf 87' lang='lat' dir='ltr'>co—</span> 
     </span>
     <span class='ocr_line' id='line_1_64' title="bbox 269 2838 1020 2885; baseline 0.011 -19"><span class='ocrx_word' id='word_1_398' title='bbox 269 2846 388 2869; x_wconf 86' lang='lat' dir='ltr'>naretur</span> <span class='ocrx_word' id='word_1_399' title='bbox 398 2861 406 2872; x_wconf 91' lang='lat'>‚</span> <span class='ocrx_word' id='word_1_400' title='bbox 435 2838 553 2872; x_wconf 80' lang='lat' dir='ltr'>nolenti</span> <span class='ocrx_word' id='word_1_401' title='bbox 567 2850 620 2884; x_wconf 88' lang='lat' dir='ltr'>per</span> <span class='ocrx_word' id='word_1_402' title='bbox 632 2839 696 2872; x_wconf 89' lang='lat' dir='ltr'>vim</span> <span class='ocrx_word' id='word_1_403' title='bbox 709 2839 934 2885; x_wconf 66' lang='lat' dir='ltr'>cibusinjeetus</span> <span class='ocrx_word' id='word_1_404' title='bbox 954 2840 998 2875; x_wconf 89' lang='lat' dir='ltr'>est</span> <span class='ocrx_word' id='word_1_405' title='bbox 1011 2866 1020 2881; x_wconf 90' lang='lat'>‚</span> 
     </span>
     <span class='ocr_line' id='line_1_65' title="bbox 268 2887 1021 2935; baseline 0.012 -20"><span class='ocrx_word' id='word_1_406' title='bbox 268 2896 340 2917; x_wconf 82' lang='lat' dir='ltr'>mox</span> <span class='ocrx_word' id='word_1_407' title='bbox 353 2897 456 2920; x_wconf 88' lang='lat' dir='ltr'>tamen</span> <span class='ocrx_word' id='word_1_408' title='bbox 470 2900 508 2921; x_wconf 86' lang='lat' dir='ltr'>ex</span> <span class='ocrx_word' id='word_1_409' title='bbox 522 2896 660 2921; x_wconf 84' lang='lat' dir='ltr'>moerore</span> <span class='ocrx_word' id='word_1_410' title='bbox 678 2887 1021 2935; x_wconf 84' lang='lat' dir='ltr'>tabescensinteriit‚ja-</span> 
     </span>
     <span class='ocr_line' id='line_1_66' title="bbox 269 2933 1020 2984; baseline 0.008 -18"><span class='ocrx_word' id='word_1_411' title='bbox 269 2933 418 2981; x_wconf 62' lang='lat' dir='ltr'>{lavitque</span> <span class='ocrx_word' id='word_1_412' title='bbox 432 2936 464 2969; x_wconf 92' lang='lat' dir='ltr'>in</span> <span class='ocrx_word' id='word_1_413' title='bbox 481 2940 594 2971; x_wconf 85' lang='lat' dir='ltr'>Senatu</span> <span class='ocrx_word' id='word_1_414' title='bbox 607 2950 661 2984; x_wconf 88' lang='lat' dir='ltr'>per</span> <span class='ocrx_word' id='word_1_415' title='bbox 674 2938 773 2971; x_wconf 86' lang='lat' dir='ltr'>literas</span> <span class='ocrx_word' id='word_1_416' title='bbox 787 2937 867 2972; x_wconf 89' lang='lat' dir='ltr'>suam</span> <span class='ocrx_word' id='word_1_417' title='bbox 883 2938 1020 2972; x_wconf 70' lang='lat' dir='ltr'>‘Tiberius</span> 
     </span>
     <span class='ocr_line' id='line_1_67' title="bbox 268 2981 1020 3033; baseline 0.012 -20"><span class='ocrx_word' id='word_1_418' title='bbox 268 2981 558 3033; x_wconf 77' lang='lat' dir='ltr'>clementiam,qu0d</span> <span class='ocrx_word' id='word_1_419' title='bbox 567 3000 632 3021; x_wconf 90' lang='lat' dir='ltr'>non</span> <span class='ocrx_word' id='word_1_420' title='bbox 645 3000 727 3021; x_wconf 88' lang='lat' dir='ltr'>unco</span> <span class='ocrx_word' id='word_1_421' title='bbox 738 2988 905 3023; x_wconf 79' lang='lat' dir='ltr'>traxissetin</span> <span class='ocrx_word' id='word_1_422' title='bbox 915 2992 1020 3022; x_wconf 85' lang='lat' dir='ltr'>Gemo-</span> 
     </span>
     <span class='ocr_line' id='line_1_68' title="bbox 268 3035 1019 3085; baseline 0.017 -25"><span class='ocrx_word' id='word_1_423' title='bbox 268 3042 341 3062; x_wconf 66' lang='lat' dir='ltr'>nias.</span> <span class='ocrx_word' id='word_1_424' title='bbox 371 3035 452 3066; x_wconf 80' lang='lat' dir='ltr'>Nero</span> <span class='ocrx_word' id='word_1_425' title='bbox 466 3047 549 3069; x_wconf 84' lang='lat' dir='ltr'>metu</span> <span class='ocrx_word' id='word_1_426' title='bbox 568 3048 798 3071; x_wconf 87' lang='lat' dir='ltr'>tormentorum</span> <span class='ocrx_word' id='word_1_427' title='bbox 813 3037 866 3073; x_wconf 90' lang='lat' dir='ltr'>suo</span> <span class='ocrx_word' id='word_1_428' title='bbox 874 3037 902 3072; x_wconf 91' lang='lat' dir='ltr'>se</span> <span class='ocrx_word' id='word_1_429' title='bbox 917 3039 1019 3085; x_wconf 81' lang='lat' dir='ltr'>gladio</span> 
     </span>
     <span class='ocr_line' id='line_1_69' title="bbox 267 3080 1016 3127; baseline 0.007 -8"><span class='ocrx_word' id='word_1_430' title='bbox 267 3080 428 3125; x_wconf 55' lang='lat' dir='ltr'>J&#39;Ugsslssvib</span> <span class='ocrx_word' id='word_1_431' title='bbox 446 3085 563 3127; x_wconf 70' lang='lat' dir='ltr'>Drusm</span> <span class='ocrx_word' id='word_1_432' title='bbox 576 3086 592 3120; x_wconf 69' lang='lat' dir='ltr'>a</span> <span class='ocrx_word' id='word_1_433' title='bbox 605 3086 785 3122; x_wconf 85' lang='lat' dir='ltr'>custodibus</span> <span class='ocrx_word' id='word_1_434' title='bbox 799 3085 956 3124; x_wconf 73' lang='lat' dir='ltr'>subn-aeto</span> <span class='ocrx_word' id='word_1_435' title='bbox 965 3090 1016 3124; x_wconf 75' lang='lat' dir='ltr'>ali-</span> 
     </span>
     <span class='ocr_line' id='line_1_70' title="bbox 267 3132 865 3173; baseline 0.02 -13"><span class='ocrx_word' id='word_1_436' title='bbox 267 3139 374 3162; x_wconf 84' lang='lat' dir='ltr'>mento</span> <span class='ocrx_word' id='word_1_437' title='bbox 388 3132 655 3172; x_wconf 70' lang='lat' dir='ltr'>crudeliterinedia</span> <span class='ocrx_word' id='word_1_438' title='bbox 668 3137 798 3172; x_wconf 84' lang='lat' dir='ltr'>sublatus</span> <span class='ocrx_word' id='word_1_439' title='bbox 811 3138 865 3173; x_wconf 89' lang='lat' dir='ltr'>est.</span> 
     </span>
    </p>
   </div>
   <div class='ocr_carea' id='block_1_14' title="bbox 1040 181 1047 2158">
    <p class='ocr_par' dir='ltr' id='par_1_16' title="bbox 1040 181 1047 2158">
     <span class='ocr_line' id='line_1_71' title="bbox 1040 181 1047 2158; baseline 0 0"><span class='ocrx_word' id='word_1_440' title='bbox 1040 181 1047 2158; x_wconf 95' lang='lat' dir='ltr'> </span> 
     </span>
    </p>
   </div>
   <div class='ocr_carea' id='block_1_15' title="bbox 1037 2582 1044 3164">
    <p class='ocr_par' dir='ltr' id='par_1_17' title="bbox 1037 2582 1044 3164">
     <span class='ocr_line' id='line_1_72' title="bbox 1037 2582 1044 3164; baseline 0 0"><span class='ocrx_word' id='word_1_441' title='bbox 1037 2582 1044 3164; x_wconf 95' lang='lat' dir='ltr'> </span> 
     </span>
    </p>
   </div>
   <div class='ocr_carea' id='block_1_16' title="bbox 991 43 1443 83">
    <p class='ocr_par' dir='ltr' id='par_1_18' title="bbox 991 43 1443 83">
     <span class='ocr_line' id='line_1_73' title="bbox 991 43 1443 83; baseline 0.007 -3"><span class='ocrx_word' id='word_1_442' title='bbox 991 43 1443 83; x_wconf 66' lang='lat' dir='ltr'>Hrsronxcx</span> 
     </span>
    </p>
   </div>
   <div class='ocr_carea' id='block_1_17' title="bbox 1057 115 1826 1501">
    <p class='ocr_par' dir='ltr' id='par_1_19' title="bbox 1057 115 1824 1058">
     <span class='ocr_line' id='line_1_74' title="bbox 1107 115 1820 168; baseline 0.01 -18"><span class='ocrx_word' id='word_1_443' title='bbox 1107 115 1210 151; x_wconf 72' lang='lat' dir='ltr'>Paulo</span> <span class='ocrx_word' id='word_1_444' title='bbox 1233 116 1302 150; x_wconf 74' lang='lat' dir='ltr'>ante</span> <span class='ocrx_word' id='word_1_445' title='bbox 1317 120 1414 152; x_wconf 72' lang='lat' dir='ltr'>Lzssvz&#39;a</span> <span class='ocrx_word' id='word_1_446' title='bbox 1432 119 1634 168; x_wconf 63' lang='lat' dir='ltr'>octogenaria</span> <span class='ocrx_word' id='word_1_447' title='bbox 1654 125 1753 167; x_wconf 82' lang='lat' dir='ltr'>major</span> <span class='ocrx_word' id='word_1_448' title='bbox 1773 124 1820 157; x_wconf 91' lang='lat' dir='ltr'>in-</span> 
     </span>
     <span class='ocr_line' id='line_1_75' title="bbox 1058 167 1822 217; baseline 0.012 -18"><span class='ocrx_word' id='word_1_449' title='bbox 1058 167 1190 201; x_wconf 86' lang='lat' dir='ltr'>terierat.</span> <span class='ocrx_word' id='word_1_450' title='bbox 1215 168 1305 200; x_wconf 88' lang='lat' dir='ltr'>Dum</span> <span class='ocrx_word' id='word_1_451' title='bbox 1319 180 1352 201; x_wconf 89' lang='lat' dir='ltr'>ea</span> <span class='ocrx_word' id='word_1_452' title='bbox 1365 169 1439 202; x_wconf 86' lang='lat' dir='ltr'>vixit</span> <span class='ocrx_word' id='word_1_453' title='bbox 1451 192 1461 208; x_wconf 89' lang='lat'>‚</span> <span class='ocrx_word' id='word_1_454' title='bbox 1476 170 1609 217; x_wconf 88' lang='lat' dir='ltr'>aliquem</span> <span class='ocrx_word' id='word_1_455' title='bbox 1621 172 1745 206; x_wconf 87' lang='lat' dir='ltr'>Tiberii</span> <span class='ocrx_word' id='word_1_456' title='bbox 1761 171 1822 207; x_wconf 90' lang='lat' dir='ltr'>sce-</span> 
     </span>
     <span class='ocr_line' id='line_1_76' title="bbox 1058 216 1821 268; baseline 0.01 -19"><span class='ocrx_word' id='word_1_457' title='bbox 1058 216 1174 250; x_wconf 90' lang='lat' dir='ltr'>leribus</span> <span class='ocrx_word' id='word_1_458' title='bbox 1187 226 1322 250; x_wconf 85' lang='lat' dir='ltr'>materna</span> <span class='ocrx_word' id='word_1_459' title='bbox 1337 219 1507 252; x_wconf 88' lang='lat' dir='ltr'>reverentia</span> <span class='ocrx_word' id='word_1_460' title='bbox 1521 221 1650 254; x_wconf 90' lang='lat' dir='ltr'>modum</span> <span class='ocrx_word' id='word_1_461' title='bbox 1666 222 1821 268; x_wconf 87' lang='lat' dir='ltr'>ponebat,</span> 
     </span>
     <span class='ocr_line' id='line_1_77' title="bbox 1059 264 1821 307; baseline 0.01 -8"><span class='ocrx_word' id='word_1_462' title='bbox 1059 264 1108 300; x_wconf 87' lang='lat' dir='ltr'>sed</span> <span class='ocrx_word' id='word_1_463' title='bbox 1121 266 1176 300; x_wconf 86' lang='lat' dir='ltr'>hac</span> <span class='ocrx_word' id='word_1_464' title='bbox 1190 265 1304 301; x_wconf 73' lang='lat' dir='ltr'>sublata</span> <span class='ocrx_word' id='word_1_465' title='bbox 1317 266 1397 301; x_wconf 80' lang='lat' dir='ltr'>filius</span> <span class='ocrx_word' id='word_1_466' title='bbox 1414 267 1443 301; x_wconf 92' lang='lat' dir='ltr'>se</span> <span class='ocrx_word' id='word_1_467' title='bbox 1457 277 1558 302; x_wconf 89' lang='lat' dir='ltr'>totum</span> <span class='ocrx_word' id='word_1_468' title='bbox 1580 269 1612 302; x_wconf 91' lang='lat' dir='ltr'>in</span> <span class='ocrx_word' id='word_1_469' title='bbox 1631 268 1769 306; x_wconf 75' lang='lat' dir='ltr'>saevitiam</span> <span class='ocrx_word' id='word_1_470' title='bbox 1790 276 1821 307; x_wconf 88' lang='lat'>&amp;</span> 
     </span>
     <span class='ocr_line' id='line_1_78' title="bbox 1059 314 1823 366; baseline 0.009 -17"><span class='ocrx_word' id='word_1_471' title='bbox 1059 316 1202 350; x_wconf 79' lang='lat' dir='ltr'>libidines</span> <span class='ocrx_word' id='word_1_472' title='bbox 1216 314 1367 362; x_wconf 82' lang='lat' dir='ltr'>profudit.</span> <span class='ocrx_word' id='word_1_473' title='bbox 1401 317 1555 363; x_wconf 60' lang='lat' dir='ltr'>Diuante</span> <span class='ocrx_word' id='word_1_474' title='bbox 1566 321 1689 366; x_wconf 71' lang='lat' dir='ltr'>Sejanus</span> <span class='ocrx_word' id='word_1_475' title='bbox 1703 319 1823 366; x_wconf 88' lang='lat' dir='ltr'>persua-</span> 
     </span>
     <span class='ocr_line' id='line_1_79' title="bbox 1059 363 1822 407; baseline 0.009 -10"><span class='ocrx_word' id='word_1_476' title='bbox 1059 363 1148 401; x_wconf 81' lang='lat' dir='ltr'>serat,</span> <span class='ocrx_word' id='word_1_477' title='bbox 1163 377 1196 399; x_wconf 90' lang='lat' dir='ltr'>ut</span> <span class='ocrx_word' id='word_1_478' title='bbox 1209 366 1316 400; x_wconf 65' lang='lat' dir='ltr'>Roma</span> <span class='ocrx_word' id='word_1_479' title='bbox 1329 364 1481 402; x_wconf 80' lang='lat' dir='ltr'>secederet</span> <span class='ocrx_word' id='word_1_480' title='bbox 1495 391 1505 407; x_wconf 94' lang='lat'>,</span> <span class='ocrx_word' id='word_1_481' title='bbox 1521 381 1554 402; x_wconf 87' lang='lat' dir='ltr'>ac</span> <span class='ocrx_word' id='word_1_482' title='bbox 1569 368 1599 401; x_wconf 88' lang='lat' dir='ltr'>in</span> <span class='ocrx_word' id='word_1_483' title='bbox 1613 381 1739 403; x_wconf 86' lang='lat' dir='ltr'>amoeno</span> <span class='ocrx_word' id='word_1_484' title='bbox 1753 382 1822 405; x_wconf 84' lang='lat' dir='ltr'>rure</span> 
     </span>
     <span class='ocr_line' id='line_1_80' title="bbox 1058 412 1823 454; baseline 0.01 -9"><span class='ocrx_word' id='word_1_485' title='bbox 1058 413 1192 447; x_wconf 86' lang='lat' dir='ltr'>terrestri</span> <span class='ocrx_word' id='word_1_486' title='bbox 1203 412 1344 449; x_wconf 85' lang='lat' dir='ltr'>felicitate</span> <span class='ocrx_word' id='word_1_487' title='bbox 1357 413 1529 452; x_wconf 87' lang='lat' dir='ltr'>frueretur:</span> <span class='ocrx_word' id='word_1_488' title='bbox 1554 418 1605 451; x_wconf 88' lang='lat' dir='ltr'>ille</span> <span class='ocrx_word' id='word_1_489' title='bbox 1623 418 1698 453; x_wconf 76' lang='lat' dir='ltr'>vero</span> <span class='ocrx_word' id='word_1_490' title='bbox 1713 419 1823 454; x_wconf 90' lang='lat' dir='ltr'>luben-</span> 
     </span>
     <span class='ocr_line' id='line_1_81' title="bbox 1057 462 1822 516; baseline 0.01 -21"><span class='ocrx_word' id='word_1_491' title='bbox 1057 462 1167 496; x_wconf 72' lang='lat' dir='ltr'>tissime</span> <span class='ocrx_word' id='word_1_492' title='bbox 1188 463 1220 496; x_wconf 92' lang='lat' dir='ltr'>in</span> <span class='ocrx_word' id='word_1_493' title='bbox 1237 462 1329 498; x_wconf 84' lang='lat' dir='ltr'>insula</span> <span class='ocrx_word' id='word_1_494' title='bbox 1343 467 1461 516; x_wconf 70' lang='lat' dir='ltr'>Caprebs</span> <span class='ocrx_word' id='word_1_495' title='bbox 1475 470 1638 515; x_wconf 78' lang='lat' dir='ltr'>Campaniae</span> <span class='ocrx_word' id='word_1_496' title='bbox 1655 468 1753 503; x_wconf 86' lang='lat' dir='ltr'>littori</span> <span class='ocrx_word' id='word_1_497' title='bbox 1768 481 1822 516; x_wconf 81' lang='lat' dir='ltr'>ap-</span> 
     </span>
     <span class='ocr_line' id='line_1_82' title="bbox 1058 511 1822 561; baseline 0.012 -17"><span class='ocrx_word' id='word_1_498' title='bbox 1058 511 1158 560; x_wconf 61' lang='lat' dir='ltr'>posita</span> <span class='ocrx_word' id='word_1_499' title='bbox 1176 525 1231 561; x_wconf 91' lang='lat' dir='ltr'>per</span> <span class='ocrx_word' id='word_1_500' title='bbox 1249 515 1364 548; x_wconf 89' lang='lat' dir='ltr'>multos</span> <span class='ocrx_word' id='word_1_501' title='bbox 1389 528 1487 549; x_wconf 80' lang='lat' dir='ltr'>annos</span> <span class='ocrx_word' id='word_1_502' title='bbox 1508 515 1537 550; x_wconf 90' lang='lat' dir='ltr'>se</span> <span class='ocrx_word' id='word_1_503' title='bbox 1556 516 1675 552; x_wconf 90' lang='lat' dir='ltr'>abdidit</span> <span class='ocrx_word' id='word_1_504' title='bbox 1694 543 1704 558; x_wconf 94' lang='lat'>,</span> <span class='ocrx_word' id='word_1_505' title='bbox 1735 517 1822 552; x_wconf 88' lang='lat' dir='ltr'>nefa-</span> 
     </span>
     <span class='ocr_line' id='line_1_83' title="bbox 1059 561 1822 613; baseline 0.009 -19"><span class='ocrx_word' id='word_1_506' title='bbox 1059 562 1110 595; x_wconf 85' lang='lat' dir='ltr'>riis</span> <span class='ocrx_word' id='word_1_507' title='bbox 1129 566 1160 596; x_wconf 86' lang='lat'>&amp;</span> <span class='ocrx_word' id='word_1_508' title='bbox 1180 561 1311 597; x_wconf 85' lang='lat' dir='ltr'>infandis</span> <span class='ocrx_word' id='word_1_509' title='bbox 1325 564 1508 600; x_wconf 83' lang='lat' dir='ltr'>libidinibus</span> <span class='ocrx_word' id='word_1_510' title='bbox 1525 564 1611 613; x_wconf 86' lang='lat' dir='ltr'>supra</span> <span class='ocrx_word' id='word_1_511' title='bbox 1631 569 1760 601; x_wconf 87' lang='lat' dir='ltr'>modum</span> <span class='ocrx_word' id='word_1_512' title='bbox 1776 569 1822 601; x_wconf 89' lang='lat' dir='ltr'>in-</span> 
     </span>
     <span class='ocr_line' id='line_1_84' title="bbox 1058 612 1822 662; baseline 0.009 -18"><span class='ocrx_word' id='word_1_513' title='bbox 1058 612 1208 659; x_wconf 85' lang='lat' dir='ltr'>dulgens,</span> <span class='ocrx_word' id='word_1_514' title='bbox 1239 616 1271 647; x_wconf 89' lang='lat'>&amp;</span> <span class='ocrx_word' id='word_1_515' title='bbox 1296 613 1495 649; x_wconf 77' lang='lat' dir='ltr'>crudeliffima</span> <span class='ocrx_word' id='word_1_516' title='bbox 1515 615 1655 662; x_wconf 87' lang='lat' dir='ltr'>quotidie</span> <span class='ocrx_word' id='word_1_517' title='bbox 1681 617 1822 651; x_wconf 84' lang='lat' dir='ltr'>mandata</span> 
     </span>
     <span class='ocr_line' id='line_1_85' title="bbox 1058 662 1821 712; baseline 0.007 -17"><span class='ocrx_word' id='word_1_518' title='bbox 1058 662 1181 696; x_wconf 84' lang='lat' dir='ltr'>Senatui</span> <span class='ocrx_word' id='word_1_519' title='bbox 1206 663 1447 709; x_wconf 85' lang='lat' dir='ltr'>per·codicillos</span> <span class='ocrx_word' id='word_1_520' title='bbox 1473 665 1638 712; x_wconf 83' lang='lat' dir='ltr'>imponens</span> <span class='ocrx_word' id='word_1_521' title='bbox 1663 690 1673 705; x_wconf 95' lang='lat'><strong><em>,</em></strong></span> <span class='ocrx_word' id='word_1_522' title='bbox 1710 667 1821 700; x_wconf 59' lang='lat' dir='ltr'>relicto</span> 
     </span>
     <span class='ocr_line' id='line_1_86' title="bbox 1058 711 1821 762; baseline 0.008 -18"><span class='ocrx_word' id='word_1_523' title='bbox 1058 711 1184 758; x_wconf 85' lang='lat' dir='ltr'>strepitu</span> <span class='ocrx_word' id='word_1_524' title='bbox 1206 713 1350 752; x_wconf 73' lang='lat' dir='ltr'>urbam,</span> <span class='ocrx_word' id='word_1_525' title='bbox 1383 714 1537 761; x_wconf 83' lang='lat' dir='ltr'>totiusque</span> <span class='ocrx_word' id='word_1_526' title='bbox 1563 715 1702 762; x_wconf 86' lang='lat' dir='ltr'>Reipub.</span> <span class='ocrx_word' id='word_1_527' title='bbox 1723 728 1821 751; x_wconf 87' lang='lat' dir='ltr'>onere</span> 
     </span>
     <span class='ocr_line' id='line_1_87' title="bbox 1059 759 1821 808; baseline 0.008 -14"><span class='ocrx_word' id='word_1_528' title='bbox 1059 759 1113 794; x_wconf 89' lang='lat' dir='ltr'>soli</span> <span class='ocrx_word' id='word_1_529' title='bbox 1126 763 1231 808; x_wconf 74' lang='lat' dir='ltr'>Sejcmo</span> <span class='ocrx_word' id='word_1_530' title='bbox 1255 776 1265 794; x_wconf 83' lang='lat'>.·</span> <span class='ocrx_word' id='word_1_531' title='bbox 1291 762 1342 796; x_wconf 90' lang='lat' dir='ltr'>hic</span> <span class='ocrx_word' id='word_1_532' title='bbox 1354 763 1429 798; x_wconf 74' lang='lat' dir='ltr'>vero</span> <span class='ocrx_word' id='word_1_533' title='bbox 1448 765 1622 799; x_wconf 87' lang='lat' dir='ltr'>ambitione</span> <span class='ocrx_word' id='word_1_534' title='bbox 1641 778 1737 800; x_wconf 82' lang='lat' dir='ltr'>caecus</span> <span class='ocrx_word' id='word_1_535' title='bbox 1751 790 1761 805; x_wconf 89' lang='lat'><strong><em>,</em></strong></span> <span class='ocrx_word' id='word_1_536' title='bbox 1786 778 1821 800; x_wconf 84' lang='lat' dir='ltr'>ac</span> 
     </span>
     <span class='ocr_line' id='line_1_88' title="bbox 1057 811 1820 862; baseline 0.009 -20"><span class='ocrx_word' id='word_1_537' title='bbox 1057 811 1182 856; x_wconf 89' lang='lat' dir='ltr'>Imperii</span> <span class='ocrx_word' id='word_1_538' title='bbox 1195 821 1295 845; x_wconf 90' lang='lat' dir='ltr'>certus</span> <span class='ocrx_word' id='word_1_539' title='bbox 1308 811 1460 847; x_wconf 88' lang='lat' dir='ltr'>ulterioris</span> <span class='ocrx_word' id='word_1_540' title='bbox 1469 826 1565 847; x_wconf 82' lang='lat' dir='ltr'>morae</span> <span class='ocrx_word' id='word_1_541' title='bbox 1578 814 1820 862; x_wconf 75' lang='lat' dir='ltr'>impatienS‚Ti-</span> 
     </span>
     <span class='ocr_line' id='line_1_89' title="bbox 1060 858 1822 910; baseline 0.01 -19"><span class='ocrx_word' id='word_1_542' title='bbox 1060 859 1182 893; x_wconf 86' lang='lat' dir='ltr'>berium</span> <span class='ocrx_word' id='word_1_543' title='bbox 1203 858 1220 892; x_wconf 80' lang='grc' dir='ltr'>ὲ</span> <span class='ocrx_word' id='word_1_544' title='bbox 1243 861 1349 894; x_wconf 88' lang='lat' dir='ltr'>medio</span> <span class='ocrx_word' id='word_1_545' title='bbox 1369 863 1479 896; x_wconf 88' lang='lat' dir='ltr'>tollere</span> <span class='ocrx_word' id='word_1_546' title='bbox 1498 864 1622 910; x_wconf 82' lang='lat' dir='ltr'>parabat</span> <span class='ocrx_word' id='word_1_547' title='bbox 1646 879 1655 899; x_wconf 93' lang='lat'><strong>:</strong></span> <span class='ocrx_word' id='word_1_548' title='bbox 1688 865 1761 898; x_wconf 90' lang='lat' dir='ltr'>illud</span> <span class='ocrx_word' id='word_1_549' title='bbox 1787 875 1822 899; x_wconf 87' lang='lat' dir='ltr'>ut</span> 
     </span>
     <span class='ocr_line' id='line_1_90' title="bbox 1059 908 1823 956; baseline 0.008 -15"><span class='ocrx_word' id='word_1_550' title='bbox 1059 908 1194 956; x_wconf 78' lang='lat' dir='ltr'>primum</span> <span class='ocrx_word' id='word_1_551' title='bbox 1207 909 1389 944; x_wconf 81' lang='lat' dir='ltr'>cautiffimus</span> <span class='ocrx_word' id='word_1_552' title='bbox 1414 909 1502 945; x_wconf 87' lang='lat' dir='ltr'>senex</span> <span class='ocrx_word' id='word_1_553' title='bbox 1527 910 1636 952; x_wconf 82' lang='lat' dir='ltr'>senfit,</span> <span class='ocrx_word' id='word_1_554' title='bbox 1663 915 1752 949; x_wconf 90' lang='lat' dir='ltr'>omni</span> <span class='ocrx_word' id='word_1_555' title='bbox 1773 912 1823 948; x_wconf 66' lang='lat' dir='ltr'>suz&#39;i</span> 
     </span>
     <span class='ocr_line' id='line_1_91' title="bbox 1058 959 1824 1009; baseline 0.009 -17"><span class='ocrx_word' id='word_1_556' title='bbox 1058 969 1121 992; x_wconf 85' lang='lat' dir='ltr'>arte</span> <span class='ocrx_word' id='word_1_557' title='bbox 1134 959 1182 993; x_wconf 85' lang='lat' dir='ltr'>vix</span> <span class='ocrx_word' id='word_1_558' title='bbox 1195 960 1297 1005; x_wconf 85' lang='lat' dir='ltr'>potuit</span> <span class='ocrx_word' id='word_1_559' title='bbox 1311 961 1476 1007; x_wconf 86' lang='lat' dir='ltr'>praevenire</span> <span class='ocrx_word' id='word_1_560' title='bbox 1491 974 1500 1001; x_wconf 88' lang='lat'>;</span> <span class='ocrx_word' id='word_1_561' title='bbox 1530 974 1658 1009; x_wconf 82' lang='lat' dir='ltr'>magnus</span> <span class='ocrx_word' id='word_1_562' title='bbox 1671 973 1774 998; x_wconf 88' lang='lat' dir='ltr'>tamen</span> <span class='ocrx_word' id='word_1_563' title='bbox 1787 963 1824 998; x_wconf 84' lang='lat' dir='ltr'>fi-</span> 
     </span>
     <span class='ocr_line' id='line_1_92' title="bbox 1059 1007 1675 1058; baseline 0.003 -17"><span class='ocrx_word' id='word_1_564' title='bbox 1059 1008 1195 1042; x_wconf 86' lang='lat' dir='ltr'>mulandi</span> <span class='ocrx_word' id='word_1_565' title='bbox 1212 1007 1322 1043; x_wconf 82' lang='lat' dir='ltr'>artifex</span> <span class='ocrx_word' id='word_1_566' title='bbox 1336 1012 1479 1058; x_wconf 74' lang='lat' dir='ltr'>Sejanum</span> <span class='ocrx_word' id='word_1_567' title='bbox 1487 1009 1525 1044; x_wconf 84' lang='lat' dir='ltr'>fic</span> <span class='ocrx_word' id='word_1_568' title='bbox 1533 1010 1675 1058; x_wconf 86' lang='lat' dir='ltr'>perdidit.</span> 
     </span>
    </p>

    <p class='ocr_par' dir='ltr' id='par_1_20' title="bbox 1061 1056 1826 1501">
     <span class='ocr_line' id='line_1_93' title="bbox 1107 1056 1823 1109; baseline 0.008 -19"><span class='ocrx_word' id='word_1_569' title='bbox 1107 1059 1233 1091; x_wconf 88' lang='lat' dir='ltr'>Senatui</span> <span class='ocrx_word' id='word_1_570' title='bbox 1251 1056 1357 1093; x_wconf 86' lang='lat' dir='ltr'>scribit</span> <span class='ocrx_word' id='word_1_571' title='bbox 1373 1071 1406 1094; x_wconf 88' lang='lat' dir='ltr'>ut</span> <span class='ocrx_word' id='word_1_572' title='bbox 1424 1062 1568 1105; x_wconf 71' lang='lat' dir='ltr'>Seianum</span> <span class='ocrx_word' id='word_1_573' title='bbox 1583 1060 1639 1094; x_wconf 79' lang='lat' dir='ltr'>fibi</span> <span class='ocrx_word' id='word_1_574' title='bbox 1657 1061 1823 1109; x_wconf 82' lang='lat' dir='ltr'>Collegam</span> 
     </span>
     <span class='ocr_line' id='line_1_94' title="bbox 1061 1105 1822 1157; baseline 0.009 -17"><span class='ocrx_word' id='word_1_575' title='bbox 1061 1107 1092 1140; x_wconf 89' lang='lat' dir='ltr'>in</span> <span class='ocrx_word' id='word_1_576' title='bbox 1124 1105 1297 1142; x_wconf 88' lang='lat' dir='ltr'>Consulatu</span> <span class='ocrx_word' id='word_1_577' title='bbox 1326 1109 1363 1143; x_wconf 86' lang='lat' dir='ltr'>ad</span> <span class='ocrx_word' id='word_1_578' title='bbox 1388 1111 1636 1157; x_wconf 85' lang='lat' dir='ltr'>quinquennium</span> <span class='ocrx_word' id='word_1_579' title='bbox 1661 1110 1822 1152; x_wconf 88' lang='lat' dir='ltr'>ediceret,</span> 
     </span>
     <span class='ocr_line' id='line_1_95' title="bbox 1061 1156 1824 1208; baseline 0.005 -17"><span class='ocrx_word' id='word_1_580' title='bbox 1061 1156 1249 1191; x_wconf 79' lang='lat' dir='ltr'>Tribunitiae</span> <span class='ocrx_word' id='word_1_581' title='bbox 1266 1158 1357 1193; x_wconf 82' lang='lat' dir='ltr'>etiam</span> <span class='ocrx_word' id='word_1_582' title='bbox 1376 1159 1535 1206; x_wconf 85' lang='lat' dir='ltr'>potestatis</span> <span class='ocrx_word' id='word_1_583' title='bbox 1563 1162 1578 1206; x_wconf 86' lang='lat'>(</span> <span class='ocrx_word' id='word_1_584' title='bbox 1594 1161 1646 1208; x_wconf 91' lang='lat' dir='ltr'>qui</span> <span class='ocrx_word' id='word_1_585' title='bbox 1659 1160 1769 1208; x_wconf 82' lang='lat' dir='ltr'>gradus</span> <span class='ocrx_word' id='word_1_586' title='bbox 1788 1161 1824 1195; x_wconf 90' lang='lat' dir='ltr'>ad</span> 
     </span>
     <span class='ocr_line' id='line_1_96' title="bbox 1062 1208 1825 1257; baseline 0.008 -17"><span class='ocrx_word' id='word_1_587' title='bbox 1062 1208 1230 1253; x_wconf 86' lang='lat' dir='ltr'>Imperium</span> <span class='ocrx_word' id='word_1_588' title='bbox 1255 1208 1446 1256; x_wconf 83' lang='lat' dir='ltr'>proximus)</span> <span class='ocrx_word' id='word_1_589' title='bbox 1479 1222 1534 1257; x_wconf 90' lang='lat' dir='ltr'>per</span> <span class='ocrx_word' id='word_1_590' title='bbox 1558 1211 1658 1244; x_wconf 86' lang='lat' dir='ltr'>literas</span> <span class='ocrx_word' id='word_1_591' title='bbox 1682 1210 1825 1245; x_wconf 68' lang='lat' dir='ltr'>amit-iffi—</span> 
     </span>
     <span class='ocr_line' id='line_1_97' title="bbox 1063 1255 1825 1307; baseline 0.007 -18"><span class='ocrx_word' id='word_1_592' title='bbox 1063 1268 1128 1289; x_wconf 88' lang='lat' dir='ltr'>mas</span> <span class='ocrx_word' id='word_1_593' title='bbox 1148 1258 1259 1301; x_wconf 79' lang='lat' dir='ltr'>Sejano</span> <span class='ocrx_word' id='word_1_594' title='bbox 1273 1255 1354 1304; x_wconf 88' lang='lat' dir='ltr'>spem</span> <span class='ocrx_word' id='word_1_595' title='bbox 1374 1255 1447 1293; x_wconf 72' lang='lat' dir='ltr'>facit</span> <span class='ocrx_word' id='word_1_596' title='bbox 1472 1273 1481 1293; x_wconf 77' lang='lat' dir='ltr'><em>z</em></span> <span class='ocrx_word' id='word_1_597' title='bbox 1514 1260 1629 1294; x_wconf 88' lang='lat' dir='ltr'>interea</span> <span class='ocrx_word' id='word_1_598' title='bbox 1649 1260 1726 1293; x_wconf 90' lang='lat' dir='ltr'>clam</span> <span class='ocrx_word' id='word_1_599' title='bbox 1745 1273 1825 1307; x_wconf 87' lang='lat' dir='ltr'>prae-</span> 
     </span>
     <span class='ocr_line' id='line_1_98' title="bbox 1064 1303 1825 1346; baseline 0.005 -8"><span class='ocrx_word' id='word_1_600' title='bbox 1064 1303 1216 1339; x_wconf 61' lang='lat' dir='ltr'>feeturam</span> <span class='ocrx_word' id='word_1_601' title='bbox 1238 1308 1501 1342; x_wconf 75' lang='lat' dir='ltr'>Praetorianorum</span> <span class='ocrx_word' id='word_1_602' title='bbox 1518 1309 1652 1343; x_wconf 88' lang='lat' dir='ltr'>militum</span> <span class='ocrx_word' id='word_1_603' title='bbox 1661 1310 1825 1346; x_wconf 65' lang='lat' dir='ltr'>emacre-</span> 
     </span>
     <span class='ocr_line' id='line_1_99' title="bbox 1063 1356 1825 1405; baseline 0.008 -17"><span class='ocrx_word' id='word_1_604' title='bbox 1063 1358 1097 1388; x_wconf 78' lang='lat' dir='ltr'>ni</span> <span class='ocrx_word' id='word_1_605' title='bbox 1120 1368 1192 1389; x_wconf 91' lang='lat' dir='ltr'>cum</span> <span class='ocrx_word' id='word_1_606' title='bbox 1219 1356 1367 1391; x_wconf 84' lang='lat' dir='ltr'>donativo</span> <span class='ocrx_word' id='word_1_607' title='bbox 1392 1356 1516 1405; x_wconf 79' lang='lat' dir='ltr'>lingulis</span> <span class='ocrx_word' id='word_1_608' title='bbox 1536 1360 1729 1399; x_wconf 86' lang='lat' dir='ltr'>committit,</span> <span class='ocrx_word' id='word_1_609' title='bbox 1765 1359 1825 1394; x_wconf 67' lang='lat' dir='ltr'>una</span> 
     </span>
     <span class='ocr_line' id='line_1_100' title="bbox 1064 1405 1825 1454; baseline 0.005 -16"><span class='ocrx_word' id='word_1_610' title='bbox 1064 1417 1136 1439; x_wconf 87' lang='lat' dir='ltr'>cum</span> <span class='ocrx_word' id='word_1_611' title='bbox 1150 1405 1277 1452; x_wconf 82' lang='lat' dir='ltr'>prolixis</span> <span class='ocrx_word' id='word_1_612' title='bbox 1292 1406 1329 1440; x_wconf 86' lang='lat' dir='ltr'>ad</span> <span class='ocrx_word' id='word_1_613' title='bbox 1341 1408 1487 1441; x_wconf 86' lang='lat' dir='ltr'>Senatum</span> <span class='ocrx_word' id='word_1_614' title='bbox 1499 1408 1604 1442; x_wconf 77' lang='lat' dir='ltr'>literis.</span> <span class='ocrx_word' id='word_1_615' title='bbox 1649 1411 1774 1454; x_wconf 87' lang='lat' dir='ltr'>Sejanus</span> <span class='ocrx_word' id='word_1_616' title='bbox 1793 1409 1825 1442; x_wconf 90' lang='lat' dir='ltr'>in</span> 
     </span>
     <span class='ocr_line' id='line_1_101' title="bbox 1063 1456 1826 1501; baseline 0.007 -14"><span class='ocrx_word' id='word_1_617' title='bbox 1063 1465 1152 1488; x_wconf 84' lang='lat' dir='ltr'>tantae</span> <span class='ocrx_word' id='word_1_618' title='bbox 1181 1456 1327 1501; x_wconf 80' lang='lat' dir='ltr'>potentiae</span> <span class='ocrx_word' id='word_1_619' title='bbox 1354 1456 1477 1489; x_wconf 86' lang='lat' dir='ltr'>culmen</span> <span class='ocrx_word' id='word_1_620' title='bbox 1499 1480 1510 1495; x_wconf 94' lang='lat'><em>‚</em></span> <span class='ocrx_word' id='word_1_621' title='bbox 1552 1468 1616 1491; x_wconf 88' lang='lat' dir='ltr'>tam</span> <span class='ocrx_word' id='word_1_622' title='bbox 1653 1458 1685 1491; x_wconf 89' lang='lat' dir='ltr'>in</span> <span class='ocrx_word' id='word_1_623' title='bbox 1721 1457 1826 1492; x_wconf 85' lang='lat' dir='ltr'>castris</span> 
     </span>
    </p>
   </div>
   <div class='ocr_carea' id='block_1_18' title="bbox 1835 124 1988 270">
    <p class='ocr_par' dir='ltr' id='par_1_21' title="bbox 1835 124 1988 270">
     <span class='ocr_line' id='line_1_102' title="bbox 1835 124 1927 151; baseline 0.011 -1"><span class='ocrx_word' id='word_1_624' title='bbox 1835 124 1927 151; x_wconf 69' lang='lat' dir='ltr'>Matris</span> 
     </span>
     <span class='ocr_line' id='line_1_103' title="bbox 1835 162 1988 191; baseline 0.013 -2"><span class='ocrx_word' id='word_1_625' title='bbox 1835 171 1911 190; x_wconf 80' lang='lat' dir='ltr'>morte</span> <span class='ocrx_word' id='word_1_626' title='bbox 1919 162 1988 191; x_wconf 69' lang='lat' dir='ltr'>Tibe-</span> 
     </span>
     <span class='ocr_line' id='line_1_104' title="bbox 1836 203 1970 231; baseline 0.015 -2"><span class='ocrx_word' id='word_1_627' title='bbox 1836 205 1888 229; x_wconf 77' lang='lat' dir='ltr'>rim</span> <span class='ocrx_word' id='word_1_628' title='bbox 1904 203 1970 231; x_wconf 83' lang='lat' dir='ltr'>dete-</span> 
     </span>
     <span class='ocr_line' id='line_1_105' title="bbox 1835 244 1896 270; baseline -0.016 0"><span class='ocrx_word' id='word_1_629' title='bbox 1835 244 1896 270; x_wconf 76' lang='lat' dir='ltr'>rior.</span> 
     </span>
    </p>
   </div>
   <div class='ocr_carea' id='block_1_19' title="bbox 1838 1074 2017 1152">
    <p class='ocr_par' dir='ltr' id='par_1_22' title="bbox 1838 1074 2017 1152">
     <span class='ocr_line' id='line_1_106' title="bbox 1838 1074 2017 1117; baseline 0.011 -15"><span class='ocrx_word' id='word_1_630' title='bbox 1838 1074 1929 1103; x_wconf 77' lang='lat' dir='ltr'>Tiberii</span> <span class='ocrx_word' id='word_1_631' title='bbox 1946 1086 1990 1104; x_wconf 83' lang='lat' dir='ltr'>ar-</span> <span class='ocrx_word' id='word_1_632' title='bbox 2015 1112 2017 1117; x_wconf 30' lang='grc' dir='ltr'><strong><em>Δ</em></strong></span> 
     </span>
     <span class='ocr_line' id='line_1_107' title="bbox 1838 1114 1990 1152; baseline 0.013 -10"><span class='ocrx_word' id='word_1_633' title='bbox 1838 1114 1906 1142; x_wconf 73' lang='lat' dir='ltr'>ttbm</span> <span class='ocrx_word' id='word_1_634' title='bbox 1920 1118 1990 1152; x_wconf 72' lang='lat' dir='ltr'>Seja-</span> 
     </span>
    </p>
   </div>
   <div class='ocr_carea' id='block_1_20' title="bbox 1838 1158 2030 1194">
    <p class='ocr_par' dir='ltr' id='par_1_23' title="bbox 1838 1158 2030 1194">
     <span class='ocr_line' id='line_1_108' title="bbox 1838 1158 2030 1194; baseline 0.021 -13"><span class='ocrx_word' id='word_1_635' title='bbox 1838 1165 1886 1182; x_wconf 72' lang='lat' dir='ltr'>mu</span> <span class='ocrx_word' id='word_1_636' title='bbox 1903 1158 1987 1194; x_wconf 80' lang='lat' dir='ltr'>perdi·</span> <span class='ocrx_word' id='word_1_637' title='bbox 2025 1161 2030 1168; x_wconf 76' lang='grc'>’</span> 
     </span>
    </p>
   </div>
   <div class='ocr_carea' id='block_1_21' title="bbox 1838 1203 1892 1222">
    <p class='ocr_par' dir='ltr' id='par_1_24' title="bbox 1838 1203 1892 1222">
     <span class='ocr_line' id='line_1_109' title="bbox 1838 1203 1892 1222; baseline 0 0"><span class='ocrx_word' id='word_1_638' title='bbox 1838 1203 1892 1222; x_wconf 64' lang='lat' dir='ltr'><em>tur.</em></span> 
     </span>
    </p>
   </div>
   <div class='ocr_carea' id='block_1_22' title="bbox 1064 1500 1871 1551">
    <p class='ocr_par' dir='ltr' id='par_1_25' title="bbox 1064 1500 1871 1551">
     <span class='ocr_line' id='line_1_110' title="bbox 1064 1500 1871 1551; baseline 0.005 -15"><span class='ocrx_word' id='word_1_639' title='bbox 1064 1503 1158 1551; x_wconf 71' lang='lat' dir='ltr'>quam</span> <span class='ocrx_word' id='word_1_640' title='bbox 1183 1505 1217 1537; x_wconf 88' lang='lat' dir='ltr'>in</span> <span class='ocrx_word' id='word_1_641' title='bbox 1241 1503 1317 1537; x_wconf 87' lang='lat' dir='ltr'>urbe</span> <span class='ocrx_word' id='word_1_642' title='bbox 1350 1508 1382 1538; x_wconf 88' lang='lat'>&amp;</span> <span class='ocrx_word' id='word_1_643' title='bbox 1407 1506 1520 1539; x_wconf 88' lang='lat' dir='ltr'>Senatu</span> <span class='ocrx_word' id='word_1_644' title='bbox 1547 1504 1675 1540; x_wconf 85' lang='lat' dir='ltr'>evaserat</span> <span class='ocrx_word' id='word_1_645' title='bbox 1697 1530 1707 1545; x_wconf 91' lang='lat'>‚</span> <span class='ocrx_word' id='word_1_646' title='bbox 1745 1516 1779 1541; x_wconf 87' lang='lat' dir='ltr'>ut</span> <span class='ocrx_word' id='word_1_647' title='bbox 1803 1505 1827 1540; x_wconf 86' lang='lat' dir='ltr'><strong>fi</strong></span> <span class='ocrx_word' id='word_1_648' title='bbox 1869 1500 1871 1503; x_wconf 42' lang='lat'>¹</span> 
     </span>
    </p>
   </div>
   <div class='ocr_carea' id='block_1_23' title="bbox 1059 1552 1828 3141">
    <p class='ocr_par' dir='ltr' id='par_1_26' title="bbox 1063 1552 1828 1887">
     <span class='ocr_line' id='line_1_111' title="bbox 1064 1552 1828 1602; baseline 0.004 -16"><span class='ocrx_word' id='word_1_649' title='bbox 1064 1554 1230 1600; x_wconf 86' lang='lat' dir='ltr'>quicquam</span> <span class='ocrx_word' id='word_1_650' title='bbox 1249 1552 1413 1586; x_wconf 85' lang='lat' dir='ltr'>Tiberiani</span> <span class='ocrx_word' id='word_1_651' title='bbox 1433 1565 1540 1588; x_wconf 84' lang='lat' dir='ltr'>contra</span> <span class='ocrx_word' id='word_1_652' title='bbox 1559 1553 1588 1589; x_wconf 89' lang='lat' dir='ltr'>se</span> <span class='ocrx_word' id='word_1_653' title='bbox 1601 1554 1721 1588; x_wconf 84' lang='lat' dir='ltr'>consilii</span> <span class='ocrx_word' id='word_1_654' title='bbox 1739 1555 1828 1602; x_wconf 83' lang='lat' dir='ltr'>expi-</span> 
     </span>
     <span class='ocr_line' id='line_1_112' title="bbox 1063 1600 1827 1651; baseline 0.004 -15"><span class='ocrx_word' id='word_1_655' title='bbox 1063 1602 1157 1637; x_wconf 83' lang='lat' dir='ltr'>scatus</span> <span class='ocrx_word' id='word_1_656' title='bbox 1171 1601 1243 1637; x_wconf 82' lang='lat' dir='ltr'>effet</span> <span class='ocrx_word' id='word_1_657' title='bbox 1258 1627 1268 1642; x_wconf 92' lang='lat'>‚</span> <span class='ocrx_word' id='word_1_658' title='bbox 1298 1600 1387 1636; x_wconf 68' lang='lat' dir='ltr'>facile</span> <span class='ocrx_word' id='word_1_659' title='bbox 1405 1603 1459 1651; x_wconf 88' lang='lat' dir='ltr'>ipsi</span> <span class='ocrx_word' id='word_1_660' title='bbox 1478 1601 1578 1639; x_wconf 82' lang='lat' dir='ltr'>fuisset</span> <span class='ocrx_word' id='word_1_661' title='bbox 1595 1605 1733 1640; x_wconf 89' lang='lat' dir='ltr'>Tiberio</span> <span class='ocrx_word' id='word_1_662' title='bbox 1753 1602 1827 1639; x_wconf 90' lang='lat' dir='ltr'>sub-</span> 
     </span>
     <span class='ocr_line' id='line_1_113' title="bbox 1063 1652 1827 1702; baseline 0.003 -15"><span class='ocrx_word' id='word_1_663' title='bbox 1063 1653 1126 1687; x_wconf 87' lang='lat' dir='ltr'>lato</span> <span class='ocrx_word' id='word_1_664' title='bbox 1146 1653 1178 1686; x_wconf 87' lang='lat' dir='ltr'>in</span> <span class='ocrx_word' id='word_1_665' title='bbox 1202 1652 1326 1700; x_wconf 88' lang='lat' dir='ltr'>Imperii</span> <span class='ocrx_word' id='word_1_666' title='bbox 1340 1652 1459 1688; x_wconf 88' lang='lat' dir='ltr'>throno</span> <span class='ocrx_word' id='word_1_667' title='bbox 1479 1653 1655 1688; x_wconf 74' lang='lat' dir='ltr'>consedisse.</span> <span class='ocrx_word' id='word_1_668' title='bbox 1692 1652 1827 1702; x_wconf 85' lang='lat' dir='ltr'>Idipsum</span> 
     </span>
     <span class='ocr_line' id='line_1_114' title="bbox 1064 1702 1826 1742; baseline 0.004 -6"><span class='ocrx_word' id='word_1_669' title='bbox 1064 1702 1150 1738; x_wconf 85' lang='lat' dir='ltr'>valde</span> <span class='ocrx_word' id='word_1_670' title='bbox 1176 1713 1317 1737; x_wconf 86' lang='lat' dir='ltr'>metuens</span> <span class='ocrx_word' id='word_1_671' title='bbox 1341 1702 1495 1738; x_wconf 90' lang='lat' dir='ltr'>Tiberius</span> <span class='ocrx_word' id='word_1_672' title='bbox 1513 1729 1523 1742; x_wconf 92' lang='lat'><strong><em>,</em></strong></span> <span class='ocrx_word' id='word_1_673' title='bbox 1554 1704 1633 1738; x_wconf 86' lang='lat' dir='ltr'>intra</span> <span class='ocrx_word' id='word_1_674' title='bbox 1656 1702 1706 1739; x_wconf 86' lang='lat' dir='ltr'>sua</span> <span class='ocrx_word' id='word_1_675' title='bbox 1735 1705 1826 1739; x_wconf 83' lang='lat' dir='ltr'>unius</span> 
     </span>
     <span class='ocr_line' id='line_1_115' title="bbox 1065 1751 1827 1803; baseline 0.003 -16"><span class='ocrx_word' id='word_1_676' title='bbox 1065 1751 1189 1787; x_wconf 82' lang='lat' dir='ltr'>claustra</span> <span class='ocrx_word' id='word_1_677' title='bbox 1207 1752 1345 1800; x_wconf 61' lang='lat' dir='ltr'>pectoris</span> <span class='ocrx_word' id='word_1_678' title='bbox 1363 1753 1530 1789; x_wconf 85' lang='lat' dir='ltr'>occultavit</span> <span class='ocrx_word' id='word_1_679' title='bbox 1548 1767 1616 1803; x_wconf 86' lang='lat' dir='ltr'>quae</span> <span class='ocrx_word' id='word_1_680' title='bbox 1629 1754 1660 1791; x_wconf 86' lang='lat' dir='ltr'>in</span> <span class='ocrx_word' id='word_1_681' title='bbox 1681 1756 1827 1800; x_wconf 85' lang='lat' dir='ltr'>sejanum</span> 
     </span>
     <span class='ocr_line' id='line_1_116' title="bbox 1064 1801 1828 1853; baseline 0.005 -18"><span class='ocrx_word' id='word_1_682' title='bbox 1064 1801 1233 1843; x_wconf 84' lang='lat' dir='ltr'>struxerat,</span> <span class='ocrx_word' id='word_1_683' title='bbox 1257 1801 1351 1851; x_wconf 90' lang='lat' dir='ltr'>usque</span> <span class='ocrx_word' id='word_1_684' title='bbox 1369 1803 1406 1838; x_wconf 81' lang='lat' dir='ltr'>ad</span> <span class='ocrx_word' id='word_1_685' title='bbox 1425 1803 1524 1853; x_wconf 88' lang='lat' dir='ltr'>ipsum</span> <span class='ocrx_word' id='word_1_686' title='bbox 1543 1805 1736 1840; x_wconf 84' lang='lat' dir='ltr'>executionis</span> <span class='ocrx_word' id='word_1_687' title='bbox 1753 1817 1828 1839; x_wconf 89' lang='lat' dir='ltr'>mo-</span> 
     </span>
     <span class='ocr_line' id='line_1_117' title="bbox 1065 1863 1215 1887; baseline 0 -1"><span class='ocrx_word' id='word_1_688' title='bbox 1065 1863 1215 1887; x_wconf 88' lang='lat' dir='ltr'>mentum.</span> 
     </span>
    </p>

    <p class='ocr_par' dir='ltr' id='par_1_27' title="bbox 1059 1902 1828 3141">
     <span class='ocr_line' id='line_1_118' title="bbox 1112 1902 1828 1939; baseline 0.001 -1"><span class='ocrx_word' id='word_1_689' title='bbox 1112 1903 1256 1939; x_wconf 56' lang='lat' dir='ltr'>:macro</span> <span class='ocrx_word' id='word_1_690' title='bbox 1268 1915 1340 1938; x_wconf 91' lang='lat' dir='ltr'>cum</span> <span class='ocrx_word' id='word_1_691' title='bbox 1352 1902 1477 1937; x_wconf 91' lang='lat' dir='ltr'>Tiberii</span> <span class='ocrx_word' id='word_1_692' title='bbox 1489 1903 1585 1938; x_wconf 86' lang='lat' dir='ltr'>literis</span> <span class='ocrx_word' id='word_1_693' title='bbox 1605 1904 1637 1938; x_wconf 90' lang='lat' dir='ltr'>in</span> <span class='ocrx_word' id='word_1_694' title='bbox 1649 1903 1760 1938; x_wconf 88' lang='lat' dir='ltr'>urbem</span> <span class='ocrx_word' id='word_1_695' title='bbox 1773 1916 1828 1939; x_wconf 88' lang='lat' dir='ltr'>ve-</span> 
     </span>
     <span class='ocr_line' id='line_1_119' title="bbox 1064 1953 1827 1990; baseline 0.003 -5"><span class='ocrx_word' id='word_1_696' title='bbox 1064 1953 1151 1986; x_wconf 84' lang='lat' dir='ltr'>niens</span> <span class='ocrx_word' id='word_1_697' title='bbox 1166 1953 1266 1987; x_wconf 90' lang='lat' dir='ltr'>multo</span> <span class='ocrx_word' id='word_1_698' title='bbox 1280 1965 1369 1987; x_wconf 85' lang='lat' dir='ltr'>mane</span> <span class='ocrx_word' id='word_1_699' title='bbox 1383 1957 1529 1989; x_wconf 82' lang='lat' dir='ltr'>Senatum</span> <span class='ocrx_word' id='word_1_700' title='bbox 1537 1954 1737 1990; x_wconf 85' lang='lat' dir='ltr'>convocavit,</span> <span class='ocrx_word' id='word_1_701' title='bbox 1754 1966 1827 1988; x_wconf 92' lang='lat' dir='ltr'>cum</span> 
     </span>
     <span class='ocr_line' id='line_1_120' title="bbox 1065 2000 1828 2051; baseline 0.001 -16"><span class='ocrx_word' id='word_1_702' title='bbox 1065 2004 1172 2051; x_wconf 74' lang='lat' dir='ltr'>Regulo</span> <span class='ocrx_word' id='word_1_703' title='bbox 1191 2000 1329 2038; x_wconf 88' lang='lat' dir='ltr'>Consule</span> <span class='ocrx_word' id='word_1_704' title='bbox 1345 2007 1377 2039; x_wconf 88' lang='lat'>&amp;</span> <span class='ocrx_word' id='word_1_705' title='bbox 1394 2007 1513 2038; x_wconf 73' lang='lat' dir='ltr'>Lacone</span> <span class='ocrx_word' id='word_1_706' title='bbox 1533 2001 1686 2038; x_wconf 65' lang='lat' dir='ltr'>Praefesto</span> <span class='ocrx_word' id='word_1_707' title='bbox 1700 2003 1828 2051; x_wconf 88' lang='lat' dir='ltr'>vigilum</span> 
     </span>
     <span class='ocr_line' id='line_1_121' title="bbox 1065 2053 1826 2099; baseline 0.001 -14"><span class='ocrx_word' id='word_1_708' title='bbox 1065 2053 1188 2087; x_wconf 89' lang='lat' dir='ltr'>Tiberii</span> <span class='ocrx_word' id='word_1_709' title='bbox 1203 2064 1339 2087; x_wconf 86' lang='lat' dir='ltr'>mentem</span> <span class='ocrx_word' id='word_1_710' title='bbox 1360 2054 1391 2088; x_wconf 90' lang='lat' dir='ltr'>in</span> <span class='ocrx_word' id='word_1_711' title='bbox 1406 2056 1549 2099; x_wconf 86' lang='lat' dir='ltr'>Sejanum</span> <span class='ocrx_word' id='word_1_712' title='bbox 1569 2053 1826 2088; x_wconf 89' lang='lat' dir='ltr'>communicavit:</span> 
     </span>
     <span class='ocr_line' id='line_1_122' title="bbox 1065 2102 1826 2152; baseline -0.001 -17"><span class='ocrx_word' id='word_1_713' title='bbox 1065 2104 1177 2147; x_wconf 89' lang='lat' dir='ltr'>Sejano</span> <span class='ocrx_word' id='word_1_714' title='bbox 1198 2105 1345 2137; x_wconf 88' lang='lat' dir='ltr'>Senatum</span> <span class='ocrx_word' id='word_1_715' title='bbox 1370 2103 1554 2152; x_wconf 83' lang='lat' dir='ltr'>ingredienti</span> <span class='ocrx_word' id='word_1_716' title='bbox 1579 2107 1611 2136; x_wconf 88' lang='lat'><strong>&amp;</strong></span> <span class='ocrx_word' id='word_1_717' title='bbox 1635 2102 1826 2148; x_wconf 88' lang='lat' dir='ltr'>aliquantum</span> 
     </span>
     <span class='ocr_line' id='line_1_123' title="bbox 1063 2150 1826 2199; baseline -0.003 -14"><span class='ocrx_word' id='word_1_718' title='bbox 1063 2152 1189 2185; x_wconf 91' lang='lat' dir='ltr'>turbato</span> <span class='ocrx_word' id='word_1_719' title='bbox 1202 2152 1289 2199; x_wconf 90' lang='lat' dir='ltr'>quod</span> <span class='ocrx_word' id='word_1_720' title='bbox 1304 2152 1378 2185; x_wconf 87' lang='lat' dir='ltr'>nihil</span> <span class='ocrx_word' id='word_1_721' title='bbox 1392 2154 1428 2187; x_wconf 90' lang='lat' dir='ltr'>ad</span> <span class='ocrx_word' id='word_1_722' title='bbox 1452 2151 1480 2185; x_wconf 90' lang='lat' dir='ltr'>se</span> <span class='ocrx_word' id='word_1_723' title='bbox 1493 2151 1512 2185; x_wconf 72' lang='lat' dir='ltr'>:i</span> <span class='ocrx_word' id='word_1_724' title='bbox 1518 2150 1654 2185; x_wconf 90' lang='lat' dir='ltr'>Tiberio</span> <span class='ocrx_word' id='word_1_725' title='bbox 1668 2150 1826 2184; x_wconf 89' lang='lat' dir='ltr'>literarum</span> 
     </span>
     <span class='ocr_line' id='line_1_124' title="bbox 1063 2198 1827 2238; baseline 0.001 -6"><span class='ocrx_word' id='word_1_726' title='bbox 1063 2199 1236 2238; x_wconf 81' lang='lat' dir='ltr'>afferretur,</span> <span class='ocrx_word' id='word_1_727' title='bbox 1257 2201 1402 2234; x_wconf 61' lang='lat' dir='ltr'>Macro</span> <span class='ocrx_word' id='word_1_728' title='bbox 1415 2198 1574 2233; x_wconf 86' lang='lat' dir='ltr'>susurravit</span> <span class='ocrx_word' id='word_1_729' title='bbox 1584 2200 1616 2233; x_wconf 92' lang='lat' dir='ltr'>in</span> <span class='ocrx_word' id='word_1_730' title='bbox 1629 2211 1748 2236; x_wconf 83' lang='lat' dir='ltr'>aurem,</span> <span class='ocrx_word' id='word_1_731' title='bbox 1771 2199 1827 2233; x_wconf 90' lang='lat' dir='ltr'>ha-</span> 
     </span>
     <span class='ocr_line' id='line_1_125' title="bbox 1063 2247 1826 2296; baseline 0.005 -18"><span class='ocrx_word' id='word_1_732' title='bbox 1063 2247 1135 2279; x_wconf 83' lang='lat' dir='ltr'>bere</span> <span class='ocrx_word' id='word_1_733' title='bbox 1150 2247 1178 2279; x_wconf 87' lang='lat' dir='ltr'>se</span> <span class='ocrx_word' id='word_1_734' title='bbox 1196 2248 1233 2280; x_wconf 88' lang='lat' dir='ltr'>ad</span> <span class='ocrx_word' id='word_1_735' title='bbox 1241 2250 1385 2282; x_wconf 88' lang='lat' dir='ltr'>Senatum</span> <span class='ocrx_word' id='word_1_736' title='bbox 1393 2248 1533 2283; x_wconf 84' lang='lat' dir='ltr'>mandata</span> <span class='ocrx_word' id='word_1_737' title='bbox 1549 2249 1586 2284; x_wconf 88' lang='lat' dir='ltr'>de</span> <span class='ocrx_word' id='word_1_738' title='bbox 1600 2249 1758 2283; x_wconf 87' lang='lat' dir='ltr'>tribunitia</span> <span class='ocrx_word' id='word_1_739' title='bbox 1771 2247 1826 2296; x_wconf 83' lang='lat' dir='ltr'>ipfi</span> 
     </span>
     <span class='ocr_line' id='line_1_126' title="bbox 1063 2294 1825 2341; baseline 0.005 -13"><span class='ocrx_word' id='word_1_740' title='bbox 1063 2294 1214 2341; x_wconf 86' lang='lat' dir='ltr'>potestate</span> <span class='ocrx_word' id='word_1_741' title='bbox 1229 2297 1415 2331; x_wconf 87' lang='lat' dir='ltr'>conferenda</span> <span class='ocrx_word' id='word_1_742' title='bbox 1430 2312 1439 2331; x_wconf 73' lang='grc' dir='ltr'><strong>ε</strong></span> <span class='ocrx_word' id='word_1_743' title='bbox 1463 2298 1526 2331; x_wconf 89' lang='lat' dir='ltr'>hoc</span> <span class='ocrx_word' id='word_1_744' title='bbox 1539 2299 1657 2332; x_wconf 89' lang='lat' dir='ltr'>nuncio</span> <span class='ocrx_word' id='word_1_745' title='bbox 1671 2299 1755 2332; x_wconf 81' lang='lat' dir='ltr'>laetus</span> <span class='ocrx_word' id='word_1_746' title='bbox 1771 2301 1825 2332; x_wconf 90' lang='lat' dir='ltr'>Se-</span> 
     </span>
     <span class='ocr_line' id='line_1_127' title="bbox 1063 2344 1825 2394; baseline 0.005 -18"><span class='ocrx_word' id='word_1_747' title='bbox 1063 2355 1169 2378; x_wconf 79' lang='lat' dir='ltr'>natum</span> <span class='ocrx_word' id='word_1_748' title='bbox 1177 2345 1425 2394; x_wconf 78' lang='lat' dir='ltr'>alaceringressus</span> <span class='ocrx_word' id='word_1_749' title='bbox 1434 2344 1591 2382; x_wconf 89' lang='lat' dir='ltr'>confodit.</span> <span class='ocrx_word' id='word_1_750' title='bbox 1617 2350 1735 2382; x_wconf 87' lang='lat' dir='ltr'>Interea</span> <span class='ocrx_word' id='word_1_751' title='bbox 1742 2349 1825 2380; x_wconf 74' lang='lat' dir='ltr'>Ma-</span> 
     </span>
     <span class='ocr_line' id='line_1_128' title="bbox 1062 2395 1824 2437; baseline 0.008 -12"><span class='ocrx_word' id='word_1_752' title='bbox 1062 2405 1110 2427; x_wconf 86' lang='lat' dir='ltr'>cro</span> <span class='ocrx_word' id='word_1_753' title='bbox 1119 2396 1324 2430; x_wconf 78' lang='lat' dir='ltr'>Praetorianos</span> <span class='ocrx_word' id='word_1_754' title='bbox 1338 2396 1353 2431; x_wconf 67' lang='lat' dir='ltr'>a</span> <span class='ocrx_word' id='word_1_755' title='bbox 1369 2395 1443 2431; x_wconf 84' lang='lat' dir='ltr'>foro</span> <span class='ocrx_word' id='word_1_756' title='bbox 1451 2396 1552 2431; x_wconf 87' lang='lat' dir='ltr'>secum</span> <span class='ocrx_word' id='word_1_757' title='bbox 1566 2397 1602 2430; x_wconf 87' lang='lat' dir='ltr'>ad</span> <span class='ocrx_word' id='word_1_758' title='bbox 1615 2396 1708 2432; x_wconf 87' lang='lat' dir='ltr'>castra</span> <span class='ocrx_word' id='word_1_759' title='bbox 1721 2396 1824 2437; x_wconf 83' lang='lat' dir='ltr'>duxit,</span> 
     </span>
     <span class='ocr_line' id='line_1_129' title="bbox 1063 2445 1826 2492; baseline 0.005 -16"><span class='ocrx_word' id='word_1_760' title='bbox 1063 2454 1096 2477; x_wconf 89' lang='lat' dir='ltr'>ut</span> <span class='ocrx_word' id='word_1_761' title='bbox 1121 2445 1298 2492; x_wconf 88' lang='lat' dir='ltr'>acciperent</span> <span class='ocrx_word' id='word_1_762' title='bbox 1324 2447 1448 2481; x_wconf 87' lang='lat' dir='ltr'>Tiberii</span> <span class='ocrx_word' id='word_1_763' title='bbox 1473 2447 1614 2482; x_wconf 83' lang='lat' dir='ltr'>mandata</span> <span class='ocrx_word' id='word_1_764' title='bbox 1639 2451 1671 2482; x_wconf 89' lang='lat'>&amp;</span> <span class='ocrx_word' id='word_1_765' title='bbox 1702 2447 1826 2482; x_wconf 89' lang='lat' dir='ltr'>donati-</span> 
     </span>
     <span class='ocr_line' id='line_1_130' title="bbox 1062 2496 1825 2544; baseline 0.004 -17"><span class='ocrx_word' id='word_1_766' title='bbox 1062 2505 1136 2527; x_wconf 89' lang='lat' dir='ltr'>vum</span> <span class='ocrx_word' id='word_1_767' title='bbox 1153 2517 1161 2530; x_wconf 83' lang='lat'><strong><em>‚</em></strong></span> <span class='ocrx_word' id='word_1_768' title='bbox 1188 2507 1360 2544; x_wconf 88' lang='lat' dir='ltr'>eorumque</span> <span class='ocrx_word' id='word_1_769' title='bbox 1373 2496 1449 2531; x_wconf 90' lang='lat' dir='ltr'>loco</span> <span class='ocrx_word' id='word_1_770' title='bbox 1467 2497 1505 2531; x_wconf 86' lang='lat' dir='ltr'>ad</span> <span class='ocrx_word' id='word_1_771' title='bbox 1518 2497 1646 2531; x_wconf 82' lang='lat' dir='ltr'>Senatfis</span> <span class='ocrx_word' id='word_1_772' title='bbox 1660 2496 1825 2530; x_wconf 88' lang='lat' dir='ltr'>introitum</span> 
     </span>
     <span class='ocr_line' id='line_1_131' title="bbox 1062 2544 1824 2593; baseline 0.008 -19"><span class='ocrx_word' id='word_1_773' title='bbox 1062 2545 1212 2577; x_wconf 75' lang='lat' dir='ltr'>Laconem</span> <span class='ocrx_word' id='word_1_774' title='bbox 1231 2558 1302 2580; x_wconf 90' lang='lat' dir='ltr'>cum</span> <span class='ocrx_word' id='word_1_775' title='bbox 1322 2544 1379 2580; x_wconf 88' lang='lat' dir='ltr'>suis</span> <span class='ocrx_word' id='word_1_776' title='bbox 1401 2544 1509 2593; x_wconf 80' lang='lat' dir='ltr'>posuit.</span> <span class='ocrx_word' id='word_1_777' title='bbox 1555 2546 1649 2580; x_wconf 92' lang='lat' dir='ltr'>Initio</span> <span class='ocrx_word' id='word_1_778' title='bbox 1667 2545 1824 2580; x_wconf 89' lang='lat' dir='ltr'>literarum</span> 
     </span>
     <span class='ocr_line' id='line_1_132' title="bbox 1063 2592 1825 2630; baseline 0.004 -4"><span class='ocrx_word' id='word_1_779' title='bbox 1063 2592 1187 2627; x_wconf 87' lang='lat' dir='ltr'>Tiberii</span> <span class='ocrx_word' id='word_1_780' title='bbox 1207 2594 1238 2627; x_wconf 94' lang='lat' dir='ltr'>in</span> <span class='ocrx_word' id='word_1_781' title='bbox 1257 2597 1370 2629; x_wconf 87' lang='lat' dir='ltr'>Senatu</span> <span class='ocrx_word' id='word_1_782' title='bbox 1383 2595 1531 2630; x_wconf 63' lang='lat' dir='ltr'>lectarum</span> <span class='ocrx_word' id='word_1_783' title='bbox 1546 2607 1612 2629; x_wconf 89' lang='lat' dir='ltr'>non</span> <span class='ocrx_word' id='word_1_784' title='bbox 1624 2594 1670 2630; x_wconf 87' lang='lat' dir='ltr'>est</span> <span class='ocrx_word' id='word_1_785' title='bbox 1684 2595 1825 2630; x_wconf 87' lang='lat' dir='ltr'>turbatus</span> 
     </span>
     <span class='ocr_line' id='line_1_133' title="bbox 1063 2643 1824 2694; baseline 0.004 -19"><span class='ocrx_word' id='word_1_786' title='bbox 1063 2643 1188 2686; x_wconf 86' lang='lat' dir='ltr'>Sejanus</span> <span class='ocrx_word' id='word_1_787' title='bbox 1200 2667 1210 2682; x_wconf 91' lang='lat'>,</span> <span class='ocrx_word' id='word_1_788' title='bbox 1235 2656 1306 2679; x_wconf 84' lang='lat' dir='ltr'>nam</span> <span class='ocrx_word' id='word_1_789' title='bbox 1319 2657 1416 2691; x_wconf 84' lang='lat' dir='ltr'>pauca</span> <span class='ocrx_word' id='word_1_790' title='bbox 1427 2644 1545 2679; x_wconf 75' lang='lat' dir='ltr'>tantum</span> <span class='ocrx_word' id='word_1_791' title='bbox 1566 2649 1598 2680; x_wconf 89' lang='lat'><strong>&amp;</strong></span> <span class='ocrx_word' id='word_1_792' title='bbox 1611 2645 1684 2681; x_wconf 82' lang='lat' dir='ltr'>levia</span> <span class='ocrx_word' id='word_1_793' title='bbox 1697 2645 1751 2694; x_wconf 80' lang='lat' dir='ltr'>ipsi</span> <span class='ocrx_word' id='word_1_794' title='bbox 1764 2646 1824 2679; x_wconf 87' lang='lat' dir='ltr'>im-</span> 
     </span>
     <span class='ocr_line' id='line_1_134' title="bbox 1062 2691 1821 2743; baseline 0.004 -19"><span class='ocrx_word' id='word_1_795' title='bbox 1062 2691 1245 2737; x_wconf 85' lang='lat' dir='ltr'>putabantur</span> <span class='ocrx_word' id='word_1_796' title='bbox 1265 2707 1274 2727; x_wconf 91' lang='lat'><strong>:</strong></span> <span class='ocrx_word' id='word_1_797' title='bbox 1294 2691 1344 2728; x_wconf 91' lang='lat' dir='ltr'>sed</span> <span class='ocrx_word' id='word_1_798' title='bbox 1357 2706 1390 2728; x_wconf 93' lang='lat' dir='ltr'>ut</span> <span class='ocrx_word' id='word_1_799' title='bbox 1404 2695 1541 2743; x_wconf 81' lang='lat' dir='ltr'>graviora</span> <span class='ocrx_word' id='word_1_800' title='bbox 1560 2696 1714 2743; x_wconf 86' lang='lat' dir='ltr'>impingi,</span> <span class='ocrx_word' id='word_1_801' title='bbox 1739 2698 1771 2729; x_wconf 89' lang='lat'>&amp;</span> <span class='ocrx_word' id='word_1_802' title='bbox 1784 2704 1821 2727; x_wconf 83' lang='lat' dir='ltr'>ex</span> 
     </span>
     <span class='ocr_line' id='line_1_135' title="bbox 1062 2741 1821 2790; baseline 0.004 -17"><span class='ocrx_word' id='word_1_803' title='bbox 1062 2741 1166 2775; x_wconf 85' lang='lat' dir='ltr'>amicis</span> <span class='ocrx_word' id='word_1_804' title='bbox 1189 2743 1338 2789; x_wconf 84' lang='lat' dir='ltr'>primariis</span> <span class='ocrx_word' id='word_1_805' title='bbox 1358 2744 1437 2779; x_wconf 86' lang='lat' dir='ltr'>duos</span> <span class='ocrx_word' id='word_1_806' title='bbox 1450 2744 1587 2780; x_wconf 82' lang='lat' dir='ltr'>damnari</span> <span class='ocrx_word' id='word_1_807' title='bbox 1606 2754 1821 2790; x_wconf 87' lang='lat' dir='ltr'>carceremque</span> 
     </span>
     <span class='ocr_line' id='line_1_136' title="bbox 1061 2788 1822 2834; baseline 0.003 -11"><span class='ocrx_word' id='word_1_808' title='bbox 1061 2788 1117 2823; x_wconf 80' lang='lat' dir='ltr'>fibi</span> <span class='ocrx_word' id='word_1_809' title='bbox 1135 2790 1259 2826; x_wconf 88' lang='lat' dir='ltr'>decerni</span> <span class='ocrx_word' id='word_1_810' title='bbox 1274 2794 1387 2829; x_wconf 87' lang='lat' dir='ltr'>audivit</span> <span class='ocrx_word' id='word_1_811' title='bbox 1399 2819 1409 2834; x_wconf 90' lang='lat'><em>,</em></span> <span class='ocrx_word' id='word_1_812' title='bbox 1435 2795 1583 2829; x_wconf 88' lang='lat' dir='ltr'>attonitus</span> <span class='ocrx_word' id='word_1_813' title='bbox 1596 2794 1700 2827; x_wconf 85' lang='lat' dir='ltr'>animo</span> <span class='ocrx_word' id='word_1_814' title='bbox 1713 2792 1822 2826; x_wconf 91' lang='lat' dir='ltr'>conci-</span> 
     </span>
     <span class='ocr_line' id='line_1_137' title="bbox 1061 2839 1820 2891; baseline 0.005 -19"><span class='ocrx_word' id='word_1_815' title='bbox 1061 2839 1106 2873; x_wconf 88' lang='lat' dir='ltr'>dit</span> <span class='ocrx_word' id='word_1_816' title='bbox 1124 2854 1131 2874; x_wconf 94' lang='lat'><strong>:</strong></span> <span class='ocrx_word' id='word_1_817' title='bbox 1158 2843 1293 2888; x_wconf 81' lang='lat' dir='ltr'>proximi</span> <span class='ocrx_word' id='word_1_818' title='bbox 1312 2843 1350 2877; x_wconf 90' lang='lat' dir='ltr'>ab</span> <span class='ocrx_word' id='word_1_819' title='bbox 1368 2857 1408 2878; x_wconf 84' lang='lat' dir='ltr'>eo</span> <span class='ocrx_word' id='word_1_820' title='bbox 1427 2843 1534 2891; x_wconf 85' lang='lat' dir='ltr'>fugere</span> <span class='ocrx_word' id='word_1_821' title='bbox 1558 2866 1567 2879; x_wconf 86' lang='lat'>‚</span> <span class='ocrx_word' id='word_1_822' title='bbox 1601 2844 1726 2876; x_wconf 82' lang='lat' dir='ltr'>Senatus</span> <span class='ocrx_word' id='word_1_823' title='bbox 1754 2843 1820 2886; x_wconf 85' lang='lat' dir='ltr'>ejus</span> 
     </span>
     <span class='ocr_line' id='line_1_138' title="bbox 1061 2890 1818 2931; baseline 0.007 -9"><span class='ocrx_word' id='word_1_824' title='bbox 1061 2890 1157 2923; x_wconf 84' lang='lat' dir='ltr'>exitio</span> <span class='ocrx_word' id='word_1_825' title='bbox 1169 2891 1278 2931; x_wconf 71' lang='lat' dir='ltr'>laetari,</span> <span class='ocrx_word' id='word_1_826' title='bbox 1298 2891 1416 2927; x_wconf 88' lang='lat' dir='ltr'>Consul</span> <span class='ocrx_word' id='word_1_827' title='bbox 1425 2898 1454 2928; x_wconf 73' lang='grc' dir='ltr'>δε</span> <span class='ocrx_word' id='word_1_828' title='bbox 1465 2897 1580 2927; x_wconf 84' lang='lat' dir='ltr'>Praetor</span> <span class='ocrx_word' id='word_1_829' title='bbox 1587 2891 1818 2931; x_wconf 84' lang='lat' dir='ltr'>circumsistere,</span> 
     </span>
     <span class='ocr_line' id='line_1_139' title="bbox 1060 2940 1819 2988; baseline 0.007 -16"><span class='ocrx_word' id='word_1_830' title='bbox 1060 2943 1092 2973; x_wconf 88' lang='lat'><strong>&amp;</strong></span> <span class='ocrx_word' id='word_1_831' title='bbox 1116 2951 1196 2972; x_wconf 86' lang='lat' dir='ltr'>mox</span> <span class='ocrx_word' id='word_1_832' title='bbox 1219 2940 1330 2974; x_wconf 88' lang='lat' dir='ltr'>ducere</span> <span class='ocrx_word' id='word_1_833' title='bbox 1361 2945 1394 2976; x_wconf 85' lang='lat' dir='ltr'>in</span> <span class='ocrx_word' id='word_1_834' title='bbox 1422 2953 1574 2976; x_wconf 86' lang='lat' dir='ltr'>carcerem</span> <span class='ocrx_word' id='word_1_835' title='bbox 1596 2956 1605 2976; x_wconf 71' lang='grc' dir='ltr'>ε</span> <span class='ocrx_word' id='word_1_836' title='bbox 1642 2942 1728 2988; x_wconf 75' lang='lat' dir='ltr'>plebs</span> <span class='ocrx_word' id='word_1_837' title='bbox 1751 2953 1819 2977; x_wconf 87' lang='lat' dir='ltr'>tota</span> 
     </span>
     <span class='ocr_line' id='line_1_140' title="bbox 1059 2992 1820 3041; baseline 0.007 -20"><span class='ocrx_word' id='word_1_838' title='bbox 1059 3000 1246 3024; x_wconf 89' lang='lat' dir='ltr'>concurrere</span> <span class='ocrx_word' id='word_1_839' title='bbox 1257 3014 1267 3029; x_wconf 85' lang='lat'>,</span> <span class='ocrx_word' id='word_1_840' title='bbox 1300 2994 1332 3025; x_wconf 71' lang='grc' dir='ltr'>δε</span> <span class='ocrx_word' id='word_1_841' title='bbox 1346 2993 1410 3035; x_wconf 89' lang='lat' dir='ltr'>ejus</span> <span class='ocrx_word' id='word_1_842' title='bbox 1428 2992 1576 3038; x_wconf 78' lang='lat' dir='ltr'>imagines</span> <span class='ocrx_word' id='word_1_843' title='bbox 1591 2992 1698 3027; x_wconf 90' lang='lat' dir='ltr'>divino</span> <span class='ocrx_word' id='word_1_844' title='bbox 1712 2993 1820 3041; x_wconf 85' lang='lat' dir='ltr'>quoti-</span> 
     </span>
     <span class='ocr_line' id='line_1_141' title="bbox 1059 3038 1820 3091; baseline 0.009 -20"><span class='ocrx_word' id='word_1_845' title='bbox 1059 3038 1108 3072; x_wconf 89' lang='lat' dir='ltr'>die</span> <span class='ocrx_word' id='word_1_846' title='bbox 1121 3038 1205 3073; x_wconf 87' lang='lat' dir='ltr'>cultu</span> <span class='ocrx_word' id='word_1_847' title='bbox 1220 3040 1358 3074; x_wconf 87' lang='lat' dir='ltr'>adoratas</span> <span class='ocrx_word' id='word_1_848' title='bbox 1377 3040 1572 3089; x_wconf 85' lang='lat' dir='ltr'>confringere</span> <span class='ocrx_word' id='word_1_849' title='bbox 1586 3056 1594 3076; x_wconf 72' lang='grc' dir='ltr'><strong>ε</strong></span> <span class='ocrx_word' id='word_1_850' title='bbox 1621 3056 1695 3077; x_wconf 88' lang='lat' dir='ltr'>mox</span> <span class='ocrx_word' id='word_1_851' title='bbox 1708 3042 1768 3091; x_wconf 88' lang='lat' dir='ltr'>ipse</span> <span class='ocrx_word' id='word_1_852' title='bbox 1782 3043 1820 3077; x_wconf 89' lang='lat' dir='ltr'>ad</span> 
     </span>
     <span class='ocr_line' id='line_1_142' title="bbox 1060 3087 1820 3141; baseline 0.007 -20"><span class='ocrx_word' id='word_1_853' title='bbox 1060 3087 1147 3122; x_wconf 85' lang='lat' dir='ltr'>scalas</span> <span class='ocrx_word' id='word_1_854' title='bbox 1156 3088 1311 3123; x_wconf 80' lang='lat' dir='ltr'>damnatus</span> <span class='ocrx_word' id='word_1_855' title='bbox 1324 3090 1421 3125; x_wconf 86' lang='lat' dir='ltr'>tribus</span> <span class='ocrx_word' id='word_1_856' title='bbox 1435 3091 1542 3126; x_wconf 82' lang='lat' dir='ltr'>diebus</span> <span class='ocrx_word' id='word_1_857' title='bbox 1558 3090 1574 3125; x_wconf 72' lang='lat' dir='ltr'>a</span> <span class='ocrx_word' id='word_1_858' title='bbox 1591 3090 1711 3128; x_wconf 88' lang='lat' dir='ltr'>furente</span> <span class='ocrx_word' id='word_1_859' title='bbox 1719 3105 1820 3141; x_wconf 90' lang='lat' dir='ltr'>popu-</span> 
     </span>
    </p>
   </div>
   <div class='ocr_carea' id='block_1_24' title="bbox 1060 3139 1819 3222">
    <p class='ocr_par' dir='ltr' id='par_1_28' title="bbox 1060 3139 1819 3222">
     <span class='ocr_line' id='line_1_143' title="bbox 1060 3139 1819 3196; baseline 0.007 -25"><span class='ocrx_word' id='word_1_860' title='bbox 1060 3139 1092 3172; x_wconf 88' lang='lat' dir='ltr'>lo</span> <span class='ocrx_word' id='word_1_861' title='bbox 1106 3150 1160 3187; x_wconf 86' lang='lat' dir='ltr'>per</span> <span class='ocrx_word' id='word_1_862' title='bbox 1183 3139 1272 3175; x_wconf 83' lang='lat' dir='ltr'>strata</span> <span class='ocrx_word' id='word_1_863' title='bbox 1285 3151 1416 3188; x_wconf 85' lang='lat' dir='ltr'>raptatur</span> <span class='ocrx_word' id='word_1_864' title='bbox 1432 3166 1444 3182; x_wconf 88' lang='lat'><em>,</em></span> <span class='ocrx_word' id='word_1_865' title='bbox 1469 3146 1500 3177; x_wconf 62' lang='grc' dir='ltr'>ὃς</span> <span class='ocrx_word' id='word_1_866' title='bbox 1513 3140 1681 3190; x_wconf 86' lang='lat' dir='ltr'>discerptus</span> <span class='ocrx_word' id='word_1_867' title='bbox 1696 3143 1819 3196; x_wconf 70' lang='lat' dir='ltr'>tandem</span> 
     </span>
     <span class='ocr_line' id='line_1_144' title="bbox 1784 3201 1818 3222; baseline 0 0"><span class='ocrx_word' id='word_1_868' title='bbox 1784 3201 1818 3222; x_wconf 86' lang='lat' dir='ltr'>m</span> 
     </span>
    </p>
   </div>
   <div class='ocr_carea' id='block_1_25' title="bbox 1997 0 2048 2740">
    <p class='ocr_par' dir='ltr' id='par_1_29' title="bbox 1997 0 2048 2740">
     <span class='ocr_line' id='line_1_145' title="bbox 1997 0 2048 2740; baseline 0 0"><span class='ocrx_word' id='word_1_869' title='bbox 1997 0 2048 2740; x_wconf 95' lang='lat' dir='ltr'> </span> 
     </span>
    </p>
   </div>
  </div>
 </body>
</html>
