2048 3343
465 119 531 148 Ετ
592 98 1242 173 Cnaouozocr'ct
1298 104 1478 146 L113.I.

31 205 124 245 Lym,-
229 186 310 222 Non
322 184 426 233 magis
437 184 614 232 probamus
626 183 735 229 Lyrani
753 179 933 228 postillato-

30 249 141 278 demrie.
181 237 223 273 ris
236 259 247 277 ‚
259 237 409 284 Burgenfis
420 234 578 268 additoris
587 258 597 273 ‚
614 237 646 266 &
657 231 827 277 Anonymi
839 229 933 275 repli-

181 286 282 321 cantis
295 285 414 331 placita
424 307 434 321 ‚
459 285 515 330 qui
526 282 598 316 satis
611 279 662 314 hic
674 281 841 314 unanimes
852 277 932 311 heb-

179 334 392 370 domadarum
408 332 527 379 septem
545 330 675 364 initium
692 331 725 364 in
737 330 855 375 quinto
869 329 935 360 Ze-

182 384 271 428 dekiae
296 387 328 417 &
349 381 449 416 finem
475 381 506 413 in
534 380 695 426 principio
721 383 783 420 Cyn
798 386 935 424 ponunt.

181 435 274 469 Tetri
289 431 321 465 hi
332 426 576 465 anachronismi
591 442 599 460 ε
624 427 675 463 sed
689 426 831 475 ipsorum
855 424 934 460 alle-

181 483 287 532 gorias
307 479 426 526 quibus
453 474 935 520 NebuchadneaaremChristity-

181 543 261 581 pum
274 527 439 566 efficiunt,
450 532 481 562 δε
495 528 538 561 ob
550 526 618 561 suas
634 528 671 561 ad
685 524 826 575 Christum
836 527 935 560 varias

180 581 354 617 relationes
366 577 486 626 septem
505 578 574 612 istas
584 577 803 612 hebdomadas
815 574 832 609 Ξι
841 586 937 609 crete-

182 633 225 666 ris
237 629 388 677 separatas
407 628 523 665 volunt
534 652 543 665 ,
568 625 695 662 summe.
708 624 938 661 incommodas

181 691 346 729 putamus.

233 727 329 776 Quid
344 731 449 776 ergo?
478 728 567 761 Cum
588 725 764 772 superiores
786 735 937 758 remove-

181 781 281 815 rimus
293 803 302 818 ,
330 790 369 811 an
381 777 468 812 nulla
486 777 546 809 alia
559 775 620 808 dici
633 774 736 820 potest
748 773 838 808 causa
851 799 858 810 ,
884 783 940 805 cur

180 829 305 876 septem
328 826 375 861 hae
405 825 617 860 hebdomadae
644 823 660 857 a
686 825 816 870 reliquis
836 822 940 857 diviiae

181 877 266 914 sint?
293 880 359 921 Ajo
373 877 452 909 nihil
473 876 531 908 esse
547 874 756 907 incommodi
782 871 837 906 etsi
864 881 938 904 cum

183 927 330 976 &aligero
343 928 375 959 in
395 925 521 958 ultimis
536 922 596 955 suis
614 923 747 967 φςοντίστ
759 921 938 954 diceremus

185 978 311 1011 nullam
332 975 470 1010 inveniri
488 996 498 1010 ‚
523 972 631 1006 saltem
657 971 779 1005 nullam
805 967 822 1002 a
842 966 940 1001 nobis

186 1023 354 1074 cognosci.

238 1073 366 1109 Deinde
377 1084 443 1107 non
456 1079 675 1116 repugnamus
690 1079 751 1102 nos
764 1065 849 1100 urbis
861 1065 938 1100 stru-

189 1126 309 1160 &uram
324 1122 386 1156 istis
401 1120 520 1167 septem
533 1116 794 1151 hebdomadibus
803 1113 914 1148 ascribi
928 1137 937 1153 ‚

189 1171 290 1208 mode>
304 1182 344 1204 ne
355 1168 416 1204 istae
427 1181 458 1201 in
470 1166 504 1202 ea
514 1167 679 1201 terminari
689 1165 852 1200 dicantur.
867 1166 919 1197 Da
929 1184 936 1189 -

185 1221 245 1256 niel
258 1218 389 1267 quidem
411 1229 486 1259 9.v.
500 1226 556 1261 25.
583 1215 671 1250 urbis
697 1215 938 1249 extructionem

183 1270 312 1315 subjicit
331 1268 461 1314 utrique
473 1266 621 1312 portioni
637 1289 646 1304 ‚
674 1262 796 1311 septem
808 1263 939 1298 hebdo-

181 1319 286 1355 madis
301 1322 332 1352 &
345 1328 388 1357 72
404 1314 676 1354 hebdomadis‚ut
690 1314 772 1348 nihil
783 1312 941 1359 impediat

180 1368 284 1418 priori
321 1365 443 1414 septem
481 1363 759 1399 hebdomadarum
790 1362 941 1397 membro

181 1431 252 1454 eam
273 1417 436 1451 actionem
461 1414 583 1448 ascribi.
608 1412 760 1456 Tantum
782 1413 889 1447 nolim
908 1413 941 1445 in

28 1154 109 1181 cruci-⁸
114 1151 148 1188 fie

28 1193 145 1230 infipeem

29 1232 159 1261 bebdoma-

28 1272 75 1302 dis.

1652 117 1667 145 1
1677 118 1729 153 77

979 181 1014 215 sit
1028 181 1129 215 totius
1140 178 1271 214 summae
1282 181 1395 215 oetam
1406 206 1415 221 ,
1441 185 1473 216 &
1495 191 1602 216 earum
1617 181 1732 214 ultima

979 228 1161 264 fitsummae
1181 228 1369 275 sexagesima
1391 242 1488 265 nona.
1516 233 1579 264 Pro
1592 228 1733 264 hz'iclen—

980 278 1079 312 tentia
1096 290 1165 313 non
1181 277 1224 312 est
1235 289 1317 325 opus
1331 278 1401 310 aliis
1418 281 1615 325 argumentis
1634 277 1732 325 quam

979 327 1076 374 ipsius
1091 327 1261 373 Prophetae
1281 325 1481 361 testimonio.
1517 331 1553 362 In
1574 326 1734 363 divifionc

980 378 1083 410 totius
1102 376 1234 410 summae
1246 378 1304 410 hac
1322 375 1374 409 ille
1387 376 1491 409 utitur
1506 377 1666 411 methodo
1676 389 1734 411 cx·-

982 423 1076 473 presse
1091 438 1100 464 3
1115 438 1189 459 nam
1203 423 1324 471 septem
1335 423 1522 472 septimanis
1531 427 1669 471 primum
1679 424 1736 459 lo-

981 488 1053 510 cum
1066 500 1075 514 ‚
1096 473 1261 522 sexaginta
1271 473 1395 508 duabus
1412 473 1585 508 secundum
1599 499 1609 514 ,
1635 478 1665 508 &
1676 475 1733 509 uni

981 526 1114 559 tertium
1127 524 1273 558 ascribit:
1302 536 1371 570 quae
1383 525 1585 571 particulares
1600 524 1733 558 summae

982 574 1118 609 totalem
1131 573 1254 608 faciunt
1272 572 1335 607 fine
1345 574 1438 607 omni
1458 572 1735 608 discontinuatio-

983 637 1041 662 ne,
1055 625 1147 658 omni
1162 622 1262 656 hiatu.
1288 625 1400 669 Itaque
1415 621 1601 670 quiseptem
1617 624 1736 656 volunt

984 671 1054 720 post
1065 672 1229 720 sexaginta
1241 672 1315 706 duas
1326 676 1356 706 δι
1368 685 1467 706 unam
1477 673 1583 707 locare
1595 696 1604 710 ‚
1621 683 1674 706 aut
1690 672 1737 705 se-

984 734 1074 770 ptem
1091 724 1254 765 conjicere
1273 721 1306 754 in
1320 722 1461 756 medium
1479 720 1643 769 sexaginta
1657 720 1737 754 dua-

985 783 1056 806 rum
1070 794 1080 810 ,
1105 770 1242 806 Danielts
1261 770 1458 806 methodum
1478 771 1586 819 aperte
1604 782 1739 806 contur-

987 821 1074 855 bane

1032 869 1193 906 Secundo,
1204 881 1275 902 non
1285 867 1414 903 tantum
1429 867 1616 904 manifestus
1629 868 1682 903 hic
1694 867 1740 903 est

985 918 1066 951 ordo
1076 917 1249 951 verborum
1263 918 1417 956 Danielis3
1431 918 1479 952 sed
1493 921 1591 953 etiarn
1602 919 1739 953 historiae

985 980 1054 1014 quae
1066 967 1212 1012 partibus
1230 965 1464 1013 septuagesimae
1484 967 1524 1000 ab
1543 981 1581 1001 eo
1599 966 1741 1016 affigun-

984 1028 1036 1050 tur
1047 1016 1132 1051 idem
1148 1015 1300 1062 probant.
1326 1013 1513 1049 AEdificatio
1525 1028 1693 1050 murorum
1706 1021 1740 1050 &

986 1065 1170 1113 plateae,ets1
1181 1077 1251 1099 non
1262 1065 1459 1099 discriminet
1469 1066 1604 1111 primam
1617 1076 1740 1111 partem

984 1112 1150 1150 &secunda
1161 1140 1171 1154 ‚
1188 1112 1308 1161 septem
1324 1113 1545 1147 hebdomadas
1557 1113 1572 1148 a
1583 1112 1742 1161 sexaginta

984 1164 1107 1199 duabus
1127 1164 1241 1211 (quod
1257 1163 1390 1212 quidem
1407 1160 1425 1196 ὲ
1443 1163 1554 1197 multis
1574 1163 1741 1205 creditur)

984 1225 1094 1248 tamen
1111 1224 1236 1248 certum
1250 1213 1294 1247 est
1309 1222 1450 1246 mortem
1466 1209 1746 1259 Christidiscrimi-

985 1276 1059 1298 nare
1078 1262 1245 1298 secundam
1265 1261 1283 1296 a
1298 1260 1413 1302 terti35
1441 1265 1561 1296 namin
1577 1261 1628 1296 illei
1641 1262 1745 1297 unzi&

987 1311 1100 1348 ultima
1117 1312 1326 1347 hebdomade
1340 1311 1409 1358 post
1425 1309 1589 1359 sexaginta
1602 1311 1684 1348 duas
1695 1312 1746 1347 di-

986 1365 1030 1398 cit
1044 1362 1205 1409 Propheta
1216 1360 1361 1396 occisum
1374 1360 1519 1404 Meffiam.

1031 1410 1163 1451 Tertio,
1180 1412 1299 1447 veritas
1313 1411 1380 1446 haec
1393 1411 1555 1446 evincitur
1563 1409 1746 1445 abincom-
1766 1420 1905 1459 Magnam

181 1468 219 1502 efi
231 1468 357 1501 afflone
368 1463 692 1511 septenariumillum
705 1462 809 1497 claudi
822 1460 942 1497 ‚cuma
988 1461 1098 1496 modis
1120 1473 1190 1509 quae
1209 1460 1470 1496 dissentientium
1496 1462 1649 1495 omnium
1676 1460 1747 1494 sen·
1765 1461 1884 1490 ordinan-

186 1517 325 1564 septimo
340 1515 520 1549 Artaxerxis
533 1538 543 1553 ,
558 1512 642 1546 unde
653 1512 802 1547 'diximus
814 1510 942 1545 hebdo-
987 1513 1123 1546 tentiam
1147 1509 1334 1559 sequuntur.
1363 1511 1523 1550 Quatuor
1541 1508 1681 1544 observo
1697 1509 1745 1543 di-
1766 1501 1906 1550 dislvgbda-

186 1566 296 1601 madas
307 1575 420 1598 omnes
430 1564 575 1610 adeoque
589 1561 706 1609 septem
721 1575 782 1610 prae
795 1561 944 1596 manibus
988 1561 1142 1596 verricula
1163 1561 1197 1594 in
1216 1573 1287 1608 quae
1312 1569 1402 1593 extra
1427 1561 1547 1608 regiam
1574 1560 1661 1594 viam
1687 1559 1745 1594 viti
1765 1543 1872 1622 2ΞὲΞο

187 1615 351 1652 inchoari5
379 1613 416 1646 ad
429 1614 607 1647 Artaxerxis
624 1611 672 1646 seu
685 1611 881 1647 tricesimum
892 1610 943 1645 seu
989 1610 1119 1660 quidam
1131 1612 1241 1658 magni
1251 1608 1453 1644 aben-:irunt-

1767 1635 1803 1657 ω’
1815 1628 1900 1654 incon-

1041 1661 1189 1695 Primum
1208 1659 1252 1694 est
1275 1655 1385 1706 lose-phi
1405 1656 1568 1707 Scaligni,
1593 1658 1649 1706 qui
1660 1656 1746 1693 sexa-
1761 1669 1859 1705 stantia

991 1712 1085 1760 ginta
1104 1708 1181 1744 duas
1202 1708 1422 1744 hebdomadas
1443 1707 1528 1743 reite
1543 1708 1612 1743 satis
1630 1707 1749 1742 claudit
1770 1708 1901 1747 scahgerig

188 1663 387 1699 tricesimum
402 1659 587 1701 secundum,
598 1674 665 1708 quo
676 1663 785 1697 omnis
796 1658 945 1696 Nehemiae

188 1724 288 1761 opera
311 1713 343 1746 in
361 1710 464 1760 Judaefi
484 1710 576 1745 finita
595 1711 639 1744 est
653 1736 663 1751 ‚
691 1710 852 1745 fluxerunt
871 1712 945 1745 anni

190 1774 319 1798 tantum
336 1762 450 1808 viginti
463 1762 606 1808 quinque
619 1787 626 1799 ‚
641 1762 695 1809 qui
709 1758 945 1795 faciuntanno·

190 1825 262 1848 rum
276 1810 494 1845 hebdomadas
508 1821 636 1845 tantum
648 1822 709 1844 tres
721 1823 796 1844 cum
812 1808 927 1845 semisse
940 1834 948 1846 ‚

191 1864 227 1896 δί
248 1859 528 1894 hebdomadarum
565 1858 683 1904 septem
718 1859 819 1894 solum
852 1860 948 1894 dimi-

190 1911 296 1945 dium.
324 1911 414 1943 Dato
425 1908 505 1957 ergo
517 1911 549 1943 in
562 1908 712 1943 Nehemiae
723 1923 818 1957 opere
829 1908 948 1958 septem

193 1959 417 1995 hebdomadas
429 1972 499 1993 non
510 1959 636 2000 claudi,
657 1961 866 1994 concedimus
878 1961 949 1993 satis

192 2009 344 2043 lubentes
359 2009 442 2042 intra
453 2008 617 2056 septenarii
629 2011 783 2044 terminos
795 2009 883 2044 urbis
896 2022 952 2043 ex-

191 2059 391 2093 trufflonem
409 2060 654 2099 contineris&
677 2060 721 2093 ob
742 2059 806 2093 hoc
827 2058 953 2107 insigne

193 2120 276 2154 opus
289 2106 382 2141 unice
392 2104 409 2140 εὶ
420 2106 549 2140 Daniele
561 2109 594 2141 in
604 2107 663 2142 suis
674 2108 820 2156 precibus
834 2110 955 2154 expeti·

194 2168 279 2196 tum,
295 2156 414 2203 septem
428 2156 499 2190 istas
511 2155 734 2192 hebdomadas
745 2157 889 2194 acaeteris
899 2171 957 2204 po—

192 2203 282 2241 tuisse
301 2204 452 2253 separari.
477 2206 579 2253 Qod
600 2218 706 2241 autem
728 2208 835 2242 minor
853 2220 957 2241 anno-

194 2268 267 2291 rum
282 2257 410 2300 portio,
432 2259 462 2289 &
473 2255 510 2289 ad
522 2268 604 2304 opus
624 2257 838 2292 extrufiionis
856 2257 956 2304 magis

197 2302 382 2339 conformis
394 2317 462 2338 non
474 2303 510 2338 sit
521 2317 651 2352 accepta
662 2332 671 2347 ‚
696 2308 779 2341 inter
797 2305 872 2341 alias
890 2306 956 2340 haec

199 2354 283 2387 ratio
297 2351 433 2387 fortassis
451 2351 513 2387 fuit
543 2355 647 2398 (quid
660 2355 691 2388 ni
704 2357 790 2389 enim
813 2359 846 2388 δέ
862 2356 957 2389 nobis

201 2400 310 2436 nostra
327 2403 508 2443 conjeetura
533 2402 570 2436 fit
591 2403 739 2447 libera?)
767 2404 859 2450 quod
879 2408 958 2439 Pro-

204 2449 298 2497 pheta
313 2450 344 2483 in
359 2449 570 2484 hebdomadis
585 2450 808 2498 &septenariis
822 2452 962 2493 versans,

202 2499 362 2534 nimirum
378 2498 583 2547 septuaginta
593 2503 683 2535 annis
695 2503 905 2548 captivitatis,
927 2506 959 2536 &

202 2546 406 2595 septuaginta
417 2561 576 2583 annorum
588 2549 774 2597 septimanis
788 2576 797 2588 ,
824 2551 959 2596 primam

202 2596 290 2631 istius
313 2597 550 2646 septuagesimae
578 2611 703 2646 partem
726 2601 759 2633 in
777 2599 960 2646 septenario

203 2659 273 2682 non
283 2646 347 2680 alio
360 2660 495 2683 numero
510 2649 649 2683 voluerit
661 2662 793 2696 ponere.

361 2737 665 2776 QUAESTio
707 2740 795 2768 xiv.

247 2809 376 2855 Qifint
387 2809 504 2844 termini
520 2808 917 2861 Hebdomadarumfixagin-

494 2871 526 2894 ta
537 2860 654 2893 duarum
665 2864 678 2893 ?

55 2946 156 2977 Hebdo-
213 2937 354 2995 REsp.
382 2941 583 2975 Communis
620 2938 781 2975 sententia
807 2940 962 2988 antiquo-

56 2987 194 3035 nia-tissex·
285 2999 353 3021 rum
381 2994 413 3023 &
444 3004 620 3025 recentium
655 2989 904 3025 Pontificiorum
932 2994 963 3024 δε

55 3038 159 3098 ἱέωἷ.
216 3035 458 3080 protestantium
487 3040 583 3074 nobis
612 3040 795 3087 probatur3
822 3042 964 3086 incipere

55 3081 177 3149 ’.πῖῖέἷῷ
215 3096 267 3117 eas
281 3085 349 3130 post
361 3085 457 3120 finem
472 3089 748 3125 hebdomadarum
769 3089 888 3138 septem
910 3089 965 3133 (de

58 3151 160 3187 odefi-
217 3134 334 3180 quibus
348 3136 520 3182 quaestione
533 3138 688 3185 superiori
708 3143 720 3180 )
748 3143 781 3174 8<
802 3141 966 3174 terminari

59 3201 131 3221 naun

218 3194 293 3220 ante
306 3183 418 3221 chusia
430 3198 570 3224 mortem
590 3200 599 3223 ε
626 3191 671 3225 ita
684 3201 717 3226 ut
738 3202 848 3226 earum
866 3192 968 3238 prima

992 1764 1026 1796 in
1039 1770 1147 1795 morte
1157 1755 1282 1806 christi,
1298 1758 1350 1793 sed
1363 1757 1445 1792 male
1458 1757 1600 1792 inchoat.
1621 1758 1751 1791 Editio-

993 1824 1035 1846 ne
1055 1811 1144 1845 enim
1161 1807 1213 1841 sua
1232 1810 1331 1856 priori
1349 1809 1551 1856 septuaginta
1569 1806 1756 1842 hebdoma-

995 1860 1048 1894 das
1063 1883 1071 1897 ,
1099 1862 1131 1892 &
1144 1859 1279 1905 primam
1293 1869 1405 1893 earum
1422 1858 1609 1903 portionem
1630 1856 1756 1891 hebdo-

997 1907 1106 1943 madas
1123 1905 1245 1956 septem
1268 1907 1284 1942 a
1305 1906 1444 1942 secundo
1467 1905 1554 1941 Darii
1581 1903 1680 1941 Nothi
1700 1908 1756 1940 in-

997 1957 1139 1993 choabat
1153 1980 1162 1994 ‚
1193 1962 1224 1992 &
1247 1955 1381 1991 finiebat
1399 1955 1519 2002 septem
1535 1956 1568 1989 in
1589 1955 1756 2002 trigesimo

1001 2008 1140 2043 secundo
1160 2006 1361 2041 eArtaxerxis
1374 2003 1569 2039 Mnemonis:
1594 2002 1759 2053 sexaginta

999 2056 1078 2094 vero
1098 2055 1174 2090 duas
1197 2055 1376 2104 incipiebat
1395 2053 1412 2088 a
1428 2052 1594 2101 trigesimo
1614 2051 1760 2088 secundo

999 2105 1196 2143 Artaxerxis,
1207 2110 1238 2141 δι
1251 2104 1419 2140 claudebat
1433 2103 1604 2150 septennio
1616 2115 1690 2137 ante
1702 2103 1762 2137 de-

1001 2157 1152 2193 structam
1164 2154 1444 2202 Hierosolymam.
1470 2152 1530 2186 Sed
1542 2152 1685 2186 editione
1697 2165 1762 2199 pe·-

1003 2206 1129 2241 stetiori
1139 2205 1288 2239 claudens
1304 2204 1470 2250 sexaginta
1489 2201 1565 2235 duas
1576 2200 1761 2237 hebdoma-

1002 2255 1056 2289 das
1065 2265 1141 2289 ante
1153 2251 1259 2299 Christi
1271 2264 1409 2288 mortem
1422 2276 1432 2291 ,
1442 2264 1492 2286 eas
1505 2250 1658 2286 inchoare
1669 2253 1762 2299 cogi-

1004 2316 1056 2340 tur
1070 2303 1086 2338 a
1102 2305 1223 2352 quinto
1239 2307 1423 2338 Artaxerxts
1435 2302 1618 2335 Maemonir.

1052 2355 1182 2388 Contra
1194 2353 1276 2387 hanc
1287 2352 1477 2387 sententiam
1492 2354 1634 2383 Petamm
1646 2352 1676 2382 8(
1686 2349 1763 2395 Nes-

1003 2401 1084 2436 betus
1097 2403 1209 2436 multis
1222 2412 1359 2450 arguunt
1371 2426 1380 2441 ‚
1410 2398 1464 2433 sed
1485 2397 1562 2444 saepe
1583 2397 1762 2432 secundum

1005 2450 1057 2485 sua
1070 2450 1145 2485 falsa
1157 2453 1312 2499 principia
1322 2463 1390 2498 quae
1401 2449 1498 2483 nobis
1510 2446 1754 2493 improbantur:

1006 2511 1175 2546 utcunque
1192 2525 1202 2540 ‚
1227 2501 1333 2533 haecce
1352 2499 1511 2532 sententia
1537 2495 1607 2529 satis
1632 2494 1765 2542 seipsam

1007 2547 1167 2583 confutat.
1203 2549 1290 2581 Nam
1324 2547 1401 2580 dum
1434 2545 1595 2592 sexaginta
1629 2546 1763 2580 duarum

1008 2598 1201 2645 principium
1215 2598 1247 2630 in
1267 2596 1447 2632 Artaxerxis
1465 2596 1583 2642 quinto
1604 2595 1766 2635 collocat,

1008 2651 1042 2681 &
1057 2645 1157 2680 finem
1171 2647 1203 2679 in
1218 2645 1421 2680 hebdomade
1434 2656 1507 2678 ante
1521 2655 1660 2678 mortem
1673 2641 1765 2678 Chri-

1005 2696 1037 2739 sti
1049 2721 1056 2732 ‚
1075 2696 1184 2742 primis
1201 2694 1320 2743 septem
1333 2693 1547 2728 hebdomadis
1567 2694 1614 2727 vel
1632 2695 1763 2728 nullum

1008 2746 1056 2779 vel
1069 2743 1244 2779 confusum
1259 2747 1370 2779 locum
1387 2745 1562 2791 relinquit:
1589 2741 1606 2776 a
1618 2741 1761 2777 secundo

1007 2796 1093 2827 enim
1108 2794 1194 2828 Darii
1204 2792 1301 2828 Nothi
1312 2795 1490 2840 (principio
1501 2794 1614 2838 prioris
1627 2791 1761 2840 septenae

1007 2842 1184 2877 secundum
1204 2844 1405 2891 Scalzgerum)
1426 2842 1463 2876 ad
1486 2843 1638 2888 quintum
1660 2846 1764 2877 Arta-

1009 2891 1105 2926 xerxis
1126 2904 1194 2926 non
1208 2892 1364 2927 fluxerunt
1384 2894 1458 2926 anni
1478 2891 1692 2938 quadraginta
1705 2904 1764 2925 no-

1011 2954 1082 2975 vem
1106 2940 1158 2976 seu
1170 2941 1389 2977 hebdomades
1410 2946 1550 2987 septem,
1571 2939 1764 2976 stdtmtum

1012 2993 1126 3039 viginti
1146 3003 1209 3025 tres
1226 3019 1234 3032 ,
1264 2991 1313 3025 seu
1336 2991 1431 3026 hebd1
1449 2991 1545 3025 madae
1564 3001 1627 3023 tres
1648 2996 1680 3025 δε
1698 2991 1764 3025 duo

1013 3042 1108 3074 anni:
1136 3040 1204 3075 imo
1218 3039 1372 3076 veroliaec
1393 3039 1522 3083 α’ζλεψίιι
1541 3039 1766 3092 Scaligerumco

1013 3090 1157 3137 redegit,
1180 3103 1216 3124 ut
1239 3090 1424 3137 profiteatur
1443 3089 1559 3124 nescire
1584 3088 1612 3123 se
1636 3089 1705 3138 quo
1722 3087 1769 3123 se-

1015 3152 1103 3188 ptem
1124 3139 1335 3174 hebdomadae
1361 3138 1530 3173 referendae
1547 3139 1627 3178 sint,
1657 3151 1766 3174 uirum

1016 3188 1202 3227 antecedere
1211 3203 1252 3226 an
1263 3189 1352 3240 sequi
1361 3189 1497 3226 debeant
1505 3187 1671 3237 sexaginta
1680 3189 1773 3227 duas,

1410 3240 1437 3275 Z
1726 3249 1769 3270 an
