2048 3343
296 124 373 159 244
641 96 1505 143 OPERiersronrer

295 181 427 228 quidem
449 190 573 214 annum
586 176 747 225 significet
762 202 772 218 ,
796 173 871 210 cum
891 185 1000 209 tamen
1021 174 1041 207 [i

296 242 450 278 tempora
467 229 504 263 de
518 225 704 262 millenariis
724 225 912 273 exponenda
930 221 1047 263 effent,

300 277 424 314 neccsse
445 276 530 311 foret
555 287 683 323 tempus
705 276 747 310 de
770 286 843 309 toto
863 272 1047 308 millenario

300 329 525 376 interpretari,
544 328 589 360 ita
604 339 638 360 ut
659 328 752 371 Messm
765 324 927 359 adventus
937 333 1050 356 contra
1074 349 1077 369 1

303 381 453 412 omniurn
474 375 676 424 -Judaeorum
712 375 854 408 tationes
879 375 913 405 in
938 370 1052 419 septies
1075 374 1077 391 ²

303 425 511 461 miilefimum
540 422 714 460 necessario
730 421 821 458 *ess'et
842 420 1053 456 differendus.
1077 396 1081 462 i

304 474 370 510 Etsi
381 487 490 509 autem
503 475 634 509 Daniel.
648 487 734 508 12.V.
745 486 779 518 7.
793 473 986 519 copulativa
995 471 1053 503 eli·
1079 465 1081 486 ¹

305 526 413 566 datur,
424 535 574 559 accentus
591 535 703 558 tamen
714 522 877 557 distinetiv
884 532 919 553 us
932 519 1053 568 Paschtfz

303 576 430 622 primus
450 575 580 620 Regum
609 574 715 608 valens
732 582 862 604 comma
875 593 885 606 ,
914 564 1053 613 expresse

302 623 452 658 scribitur
464 618 518 670 qui
537 624 730 671 copulativa:
743 615 932 663 aequivalet,
948 618 982 649 δε
997 614 1052 649 de-

303 684 400 707 notat
437 673 612 707 dimidium
658 670 802 703 duorum
840 676 1031 713 temporum
1044 688 1053 700 ‚
1076 698 1079 709 1

303 722 528 769 quodcunque
541 720 673 754 tandem
691 713 900 752 intervallum
914 716 984 754 *duo
999 715 1053 747 iila

305 771 629 818 temporaindicent.

353 819 520 853 Secundo.
546 819 619 851 Sive
640 825 771 863 tempus
793 818 825 848 &
840 823 992 859 tempora
1011 811 1054 846 ad

304 881 426 903 annum
441 873 469 901 ὃ(
483 867 570 901 duos
580 877 685 899 annos
699 889 708 904 ,
727 864 790 898 hoc
802 863 845 896 est
859 864 1050 901 triennium,

303 930 377 952 cum
397 918 508 951 multis
526 915 705 954 extendas,
732 913 796 947 sive
824 924 900 945 cum
919 910 988 944 aliis
1015 912 1054 945 :td

301 977 434 1001 centum
448 971 481 1001 Sc
493 963 742 1004 ducentos,hoc
754 962 809 1000 est,
820 973 985 996 trecentos
996 973 1053 993 an-

300 1029 388 1060 nos3
416 1028 518 1050 nemo
532 1012 780 1049 tamensobrius
800 1011 841 1045 ad
855 1011 1053 1044 millenarios

301 1077 454 1112 tempora
473 1066 540 1099 haec
553 1075 695 1110 unquam
709 1060 864 1096 exrcndir.
895 1060 985 1099 Esto,
995 1071 1054 1092 an-

300 1117 334 1148 ni
359 1117 447 1151 mille
463 1138 471 1150 ‚
490 1113 541 1148 vel
561 1114 684 1146 centies
701 1111 788 1144 mille
808 1110 994 1156 comparati
1015 1108 1054 1142 ad

298 1165 366 1198 Dei
380 1165 593 1198 aeternitatem
606 1160 667 1195 sint
683 1161 823 1194 omnino
838 1157 928 1195 nihil,
940 1162 973 1192 &
987 1159 1048 1192 vel.

299 1224 334 1247 ur
347 1214 417 1247 dies
429 1213 595 1247 hesternus
607 1211 780 1259 postquam
793 1209 928 1257 evnmrit
940 1233 948 1248 ‚
978 1207 1052 1240 nus-

301 1276 402 1310 quam
423 1275 531 1295 tamen
547 1264 710 1308 Scriptura
731 1258 819 1292 sacra
841 1259 992 1290 meminit
1004 1259 1051 1291 ul-

299 1314 362 1346 lius
372 1313 435 1346 diei
446 1312 499 1357 qui
513 1324 549 1345 cx
561 1312 653 1343 annis
663 1309 751 1342 mille
763 1308 1055 1346 constatet‚exem-

303 1364 358 1409 pla
370 1361 420 1395 seu
440 1361 473 1392 in
487 1357 603 1393 Genesi
617 1356 670 1392 scu
683 1359 713 1390 in
729 1354 856 1390 Psalmo
868 1354 883 1389 ἂ
895 1356 968 1401 Mose
980 1352 1053 1388 scri-

304 1422 383 1458 pta,
410 1409 490 1442 nihil
510 1409 552 1442 ad
571 1408 636 1441 hoc
653 1408 737 1440 maie
765 1405 830 1439 sani
852 1404 975 1439 cerebri
1002 1403 1054 1437 so-

304 1462 433 1493 mnium
446 1457 589 1497 faciunt,
610 1460 644 1491 δε
657 1454 734 1490 veto
749 1454 770 1488 sl
785 1453 989 1489 Danieluloci
1000 1466 1052 1487 ex-

304 1505 560 1556 ponendiessent
577 1506 617 1541 de
637 1505 755 1540 diebus
776 1516 919 1551 quorum
939 1501 1055 1550 singuli

304 1556 542 1603 responderent
553 1556 646 1589 annis
659 1554 759 1595 mille,
770 1550 895 1587 necesse
906 1552 981 1586 ess'et
993 1557 1055 1586 tres

304 1606 379 1640 illos
391 1618 498 1640 annos
510 1609 544 1639 &
562 1605 737 1639 dimidium
755 1602 970 1649 multiplicare
982 1626 991 1641 ‚
1017 1601 1055 1635 ad

304 1667 354 1690 tot
368 1655 455 1690 mille
465 1666 571 1688 annos
582 1665 662 1700 quot
673 1650 748 1686 sunt
758 1653 826 1687 dies
837 1653 868 1684 in
879 1651 940 1686 illis
952 1649 1057 1685 tribus

303 1707 396 1739 annis
425 1709 459 1740 δε
486 1703 628 1738 dimidio
644 1728 654 1741 ‚
677 1700 798 1736 scilicet
821 1700 866 1735 ad
891 1711 941 1734 tet
968 1699 1055 1734 mille

306 1756 521 1801 offingentos
540 1752 743 1801 septuaginta
754 1777 763 1793 ,
781 1752 872 1785 itaut
882 1752 990 1793 Messzas
1001 1761 1052 1783 ex-

306 1804 482 1850 pedkandus
501 1815 569 1837 non
589 1799 665 1838 effer
693 1799 797 1844 (sicut
809 1812 873 1847 ego
892 1801 1054 1834 calculum

304 1852 413 1887 subito
425 1854 567 1899 conjicio
581 1854 594 1894 >
620 1861 696 1884 ante
707 1861 832 1884 annum
851 1849 965 1896 septies
983 1847 1056 1881 mil-

306 1900 455 1936 lesrmum
500 1900 761 1935 ducentesimum
805 1895 1054 1945 sexagesimum,

307 1950 402 1998 quod
414 1961 524 1985 tamen
541 1962 643 1984 nemo
656 1948 828 1995 quisquam
841 1959 988 1994 unquam
1010 1945 1056 1981 af—

308 2000 462 2034 firmavit.
907 2037 910 2039 Α

357 2048 485 2083 Tertio.
513 2049 623 2095 Qiod
635 2058 759 2096 partem
773 2044 936 2093 temporis
953 2057 1058 2094 expo-

305 2100 353 2133 nit
366 2101 407 2134 de
419 2099 511 2132 annis
524 2100 697 2137 trecentis,
715 2097 803 2131 hunc
814 2107 986 2129 numerum
999 2095 1058 2130 de-

305 2148 402 2182 sumit
412 2160 449 2181 ex
461 2147 593 2182 Daniel.
605 2149 634 2181 8.
646 2159 672 2180 v.
683 2159 697 2180 x
706 2160 739 2192 4.
753 2148 796 2179 At
809 2144 886 2179 vero
899 2146 992 2178 iocus
1002 2143 1056 2180 ille

306 2208 382 2230 cum
402 2195 449 2228 his
469 2207 532 2242 prce
552 2194 705 2229 manibus
721 2207 786 2228 non
804 2194 849 2227 est
861 2194 1033 2239 parallelus
1046 2219 1056 2234 ,

303 2245 469 2293 posterior
481 2246 588 2284 enim,
614 2243 792 2276 secundum
814 2254 932 2275 omnes
952 2245 1054 2275 Inter—

307 2305 414 2341 pretes
433 2318 442 2330 ,
459 2293 502 2327 est
513 2292 552 2327 de
566 2291 663 2326 bestiti
675 2289 767 2325 terti&
786 2293 819 2323 &
836 2291 971 2323 Antiocho
994 2291 1040 2334 Epi

302 2346 409 2390 phane,
423 2342 474 2376 sed
486 2344 572 2388 prior
584 2366 592 2378 ‚
611 2340 792 2375 secundum
811 2336 873 2372 nos
886 2341 919 2372 &
932 2336 1052 2384 pleros·

306 2404 370 2439 que
382 2393 575 2437 interpretes
593 2391 638 2423 est
652 2390 692 2423 de
704 2389 814 2435 quart&
827 2391 859 2422 &
872 2390 939 2429 ejus
954 2399 1055 2432 parvo

304 2453 429 2476 cornu:
445 2440 603 2486 posterior
613 2438 657 2473 est
671 2438 711 2473 de
723 2436 836 2472 diebus
850 2434 1055 2470 naturalibus

303 2491 353 2525 bis
367 2489 454 2525 mille
467 2490 634 2529 trecentis,
644 2485 699 2523 seu
712 2488 804 2521 annis
821 2485 870 2520 sex
882 2489 917 2520 &
929 2485 1054 2531 aliquot

302 2538 468 2575 mensibus
477 2563 486 2578 ‚
507 2536 572 2572 fere
583 2536 687 2585 duplo
700 2537 859 2583 temporis
868 2536 908 2569 ad
920 2545 984 2568 tres
994 2547 1052 2568 an-

302 2602 364 2624 nos
378 2592 411 2624 &
424 2588 613 2622 dimidium.
641 2585 869 2633 Qodautem
879 2584 946 2618 dies
956 2583 1001 2618 illi
1013 2584 1050 2618 de

304 2637 503 2673 naturalibus
525 2635 732 2683 intelligendi
758 2634 819 2668 (int
842 2626 1054 2667 manifestum*

305 2690 367 2724 est,
393 2700 464 2722 tum
477 2686 567 2733 quod
579 2696 713 2719 eventus
728 2685 761 2716 in
774 2680 904 2716 historia
923 2683 1055 2716 Antiochi

305 2736 376 2771 satis
389 2736 469 2772 clare
484 2733 696 2786 respondeat,
715 2744 786 2766 tum
798 2730 891 2777 quod
904 2729 986 2764 vers.
999 2737 1054 2766 26.

306 2788 373 2821 dies
394 2787 425 2820 hi
445 2785 462 2819 εὶ
478 2781 641 2831 Prophetfi
668 2779 811 2830 expresse
830 2777 1055 2814 describantur

306 2848 468 2881 permane
480 2838 512 2869 &
526 2832 686 2880 vesperam
699 2856 708 2870 ,
723 2829 819 2876 quod
828 2830 925 2863 nullis
938 2828 1055 2863 diebus

305 2895 516 2932 praetcrquam
537 2879 743 2916 naturalibus
762 2881 796 2912 in
813 2877 1054 2926 totRScripturfi

304 2934 502 2968 attribuitur.

351 2983 451 3029 Quod
464 2992 572 3016 autem
585 2993 622 3015 ex
633 2979 747 3014 eodem
759 2976 850 3014 versu
864 2975 979 3021 objicit
992 2983 1051 3011 lac-

305 3031 579 3066 chiadesvisronem
592 3029 680 3063 illam
692 3029 807 3076 capitis
820 3029 850 3061 8.
864 3027 904 3060 de
916 3028 1051 3061 Antiocho

305 3090 372 3112 non
383 3078 470 3124 polle
483 3079 633 3126 intelligi,
648 3077 689 3112 eo
702 3077 798 3124 quod
811 3077 991 3110 multorum
1004 3075 1050 3109 di-

307 3138 396 3160 catur
407 3126 542 3162 dierum.
571 3127 667 3175 Resp.
700 3130 728 3161 A
748 3127 868 3162 Daniele
887 3125 930 3159 ad
950 3128 1051 3159 Antio-

305 3178 388 3210 timm
399 3175 525 3221 plurimi
536 3175 624 3212 suere
637 3179 723 3215 dies,
737 3174 807 3225 imo
822 3187 985 3210 annorum
997 3175 1050 3210 ali-

1102 177 1371 222 quotcenturiae‚
1387 177 1604 222 quotscilicet
1624 190 1692 217 tota
1712 184 1851 218 Monar-

1101 225 1173 258 chia
1188 225 1351 259 Persarum
1366 249 1375 265 ,
1398 230 1431 261 ὃς
1456 224 1524 262 fere
1546 231 1643 263 etiarn
1665 243 1736 266 rota
1755 234 1854 268 Grae-

1102 286 1218 308 corum
1229 275 1440 312 duraverunt.

1149 323 1375 358 observamus
1408 326 1550 373 denique
1584 327 1704 374 quarto
1717 354 1726 366 ,
1758 331 1853 377 quod

1103 375 1230 406 cautior
1250 373 1303 406 hic
1319 373 1417 408 suerit
1440 376 1551 410 Rabbi
1573 380 1733 413 iacchiades
1752 380 1852 426 quem

1105 434 1141 454 ex
1160 424 1277 469 Anglis
1299 421 1460 458 Chiliastis
1472 425 1617 472 aliquot,
1631 428 1661 460 hi
1674 430 1760 462 enim
1772 441 1854 462 con-

1105 467 1286 504 versionem
1305 470 1498 516 Judaeorum
1514 498 1522 509 ‚
1546 475 1751 511 eversionem
1779 479 1858 512 Ro-

1107 521 1194 551 mani
1205 521 1350 566 Imperii,
1364 525 1461 562 etiam
1475 524 1670 564 Turenum,
1686 531 1718 561 ὃ(
1729 527 1859 561 adven-

1108 578 1178 623 tum
1189 566 1240 601 vel
1251 567 1346 615 ipsius
1357 572 1664 620 CIJrssi,velglorios1
1677 579 1743 619 ejus
1753 579 1785 609 in
1797 588 1860 611 ter-

1106 629 1146 672 ris
1166 618 1286 664 Regni,
1300 618 1476 655 statuerunt
1486 622 1518 654 in
1532 632 1681 669 tempore
1696 637 1761 657 tarn
1775 639 1859 674 pro-

1107 678 1235 713 pinquo
1247 678 1282 700 ut
1299 671 1366 712 jam
1379 671 1540 718 redarguti
1562 671 1644 712 sint,
1664 676 1716 709 vel
1735 675 1775 707 ab
1795 675 1861 709 ad-

1107 717 1168 749 huc
1190 717 1376 751 viventibus
1402 720 1555 766 redargui
1577 719 1701 768 poffint
1722 723 1858 760 temeri-

1106 766 1202 800 tatis:
1231 765 1281 799 hic
1299 766 1378 801 vero
1400 769 1575 803 adventum
1596 773 1692 817 Messtae
1711 774 1857 819 primum

1106 815 1231 848 tamdiu
1247 814 1357 849 differt
1368 840 1378 855 ‚
1406 830 1441 851 ut
1460 829 1568 853 certus
1583 818 1680 854 fuerit
1695 819 1712 855 5.
1725 824 1857 857 nemine

1106 860 1212 896 secum
1226 863 1406 898 viventium
1418 891 1426 905 ,
1448 879 1508 902 nec
1526 867 1567 901 ab
1588 869 1652 902 aiio
1665 883 1781 916 quows
1792 872 1860 906 ho-

1105 912 1155 945 die
1176 913 1208 944 in
1221 913 1312 945 terris
1324 938 1333 950 ,
1360 913 1388 946 se
1403 917 1669 952 convincendum
1687 922 1835 956 vanitatis
1850 934 1859 954 .-

1106 960 1175 994 imo
1199 960 1219 994 si
1237 959 1429 1008 longiffimo
1446 963 1505 997 suo
1525 964 1651 1000 calculo
1662 970 1741 1003 alius
1753 970 1856 1005 adhuc

1107 1012 1303 1045 millenarius
1320 1010 1508 1050 adderetur,
1527 1011 1623 1049 facile
1646 1015 1675 1050 se
1696 1020 1856 1054 excusaret

1104 1072 1141 1094 ex
1152 1059 1282 1093 incautfi
1301 1060 1474 1097 omiffione
1487 1065 1581 1098 unius
1593 1063 1720 1099 tantum
1735 1069 1856 1103 voculae

1107 1112 1143 1148 ὄν
1158 1133 1168 1148 ‚
1189 1112 1241 1144 vel
1256 1111 1354 1143 etiam
1367 1110 1622 1147 semicommatis
1636 1138 1644 1150 ‚
1673 1117 1766 1162 quod
1779 1128 1859 1151 runc

1106 1161 1266 1205 temporis
1286 1160 1325 1193 ad
1339 1172 1463 1194 novum
1479 1162 1566 1199 mille
1579 1162 1791 1211 supplendum
1806 1166 1860 1200 fa-

1107 1206 1167 1246 cil&
1180 1207 1281 1254 pollet
1296 1211 1405 1254 adjici.

1154 1258 1304 1313 §ecunda
1325 1262 1481 1293 sententia
1507 1260 1551 1294 cst
1583 1263 1835 1300 pontificiorum
1849 1289 1858 1304 ‚
1879 1276 2008 1303 sententia

1106 1318 1161 1360 qui
1175 1318 1240 1340 tam
1264 1319 1297 1339 in
1318 1308 1399 1342 locis
1415 1311 1562 1356 Danielis
1576 1312 1674 1357 qua‘m
1689 1317 1857 1363 Apocaly-
1876 1315 1985 1348 Pontifi-

1105 1357 1213 1403 pticis,
1226 1368 1395 1403 exponunt
1406 1359 1615 1395 intervallum
1630 1375 1694 1408 prae
1707 1363 1860 1399 manibus
1877 1366 1965 1383 ssorum

1106 1405 1147 1439 de
1166 1403 1395 1452 persecutione
1420 1411 1585 1456 Antichristi
1613 1424 1680 1445 non
1702 1398 1949 1454 Antiochi,f“lfi³'

1106 1454 1233 1501 praecise
1252 1467 1418 1490 annorum
1448 1460 1547 1491 trium
1560 1458 1725 1495 &semiffis
1746 1477 1754 1495 :
1782 1464 1856 1498 Iino

1105 1504 1170 1537 hoc
1204 1505 1354 1550 inprimis
1380 1504 1600 1541 fundamento
1628 1510 1862 1547 demonstrant

1106 1551 1286 1586 secundum
1297 1555 1475 1592 Bellarminz',
1491 1558 1625 1598 Sandari,
1643 1558 1720 1604 Lessu'
1731 1563 1766 1595 δε
1779 1562 1861 1596 alio-

1106 1613 1177 1635 rum
1187 1600 1381 1648 jesuitarum
1395 1602 1544 1649 phrasin,
1562 1607 1757 1642 Romanum
1771 1610 1863 1644 Pon-

1107 1649 1230 1686 tificem
1241 1650 1303 1687 effe
1316 1664 1383 1686 non
1396 1653 1486 1700 posse
1499 1657 1716 1704 antichristum,
1728 1671 1788 1692 nec
1800 1669 1860 1695 An-

1105 1701 1262 1748 tichrissum
1274 1701 1377 1736 adhuc
1390 1701 1547 1738 venissein
1561 1707 1734 1742 mundum.
1747 1711 1784 1742 In
1795 1709 1858 1744 hac

1104 1751 1161 1790 lite
1176 1752 1278 1785 multa
1297 1750 1314 1785 a
1327 1751 1514 1786 nostrorum
1537 1756 1648 1789 multis
1670 1769 1785 1792 contra
1805 1760 1859 1806 Je-

1106 1798 1204 1834 suitas
1215 1799 1331 1848 scripta
1343 1799 1427 1836 sunt.
1452 1804 1528 1837 Nos
1536 1816 1599 1852 pro
1610 1805 1757 1852 praesen‘ti
1768 1809 1861 1842 insti-

1108 1860 1181 1883 tuto
1195 1849 1263 1884 haec
1274 1863 1375 1897 pauca
1386 1849 1514 1886 tautum
1527 1865 1692 1892 notamus.

1156 1898 1282 1933 Primo.
1311 1902 1384 1947 Qi
1399 1903 1568 1937 Antiochum
1583 1906 1752 1950 Epiphanem
1763 1904 1779 1940 ἒι
1790 1913 1859 1940 Da-
1929 1907 1953 1933 ¹·‘

1108 1950 1177 1983 niele
1188 1950 1273 1983 locis
1283 1951 1443 1995 praedich-is
1455 1950 1615 1999 designari
1625 1954 1740 1988 volunt
1750 1956 1860 2002 (quod

1109 2000 1246 2046 Scaliger,
1257 2002 1505 2041 InmunRollocus,
1523 2005 1557 2035 &
1569 2000 1621 2035 alii
1639 2005 1734 2038 multi
1747 2015 1784 2038 ex
1798 2017 1862 2038 no-

1109 2046 1197 2099 stris,
1216 2049 1320 2086 ¹variis
1341 2051 1541 2096 argumentis
1559 2054 1797 2101 contendunt)
1827 2053 1861 2087 hi

1108 2098 1270 2131 iententiae
1289 2097 1541 2134 Pontificiorurn
1566 2102 1709 2147 primum
1735 2101 1861 2135 funda-

1109 2158 1260 2181 mentum
1274 2158 1437 2183 evertunt.
1465 2150 1559 2182 Dato
1577 2151 1664 2182 enim
1679 2151 1860 2194 tyrannidis

1107 2198 1238 2230 Antiochi
1260 2195 1383 2229 rabiem
1403 2195 1612 2241 perseverfifl'e
1632 2207 1696 2231 tres
1712 2204 1860 2236 annos&

1107 2243 1280 2276 dimidium
1294 2270 1304 2283 ‚
1328 2244 1537 2288 quidhocad
1547 2247 1762 2293 Antichristum.

1153 2291 1291 2324 Deinde.
1327 2300 1444 2327 Ioannes
1460 2294 1492 2326 in
1510 2295 1701 2343 Apocalypfi
1721 2299 1753 2330 in
1779 2301 1861 2333 Pro-

1109 2337 1236 2384 plieticfi
1254 2338 1304 2373 sufi
1329 2342 1494 2388 antichristi
1515 2342 1647 2377 historiss
1676 2344 1800 2380 alludat
1819 2348 1860 2383 ad

1108 2399 1262 2435 tempora
1279 2392 1430 2431 Antiochi,
1450 2403 1487 2424 an
1500 2391 1575 2426 ideo
1590 2391 1751 2429 necessum
1767 2396 1810 2430 est
1823 2406 1859 2430 ut

1109 2448 1259 2484 tempora
1273 2440 1339 2485 typi
1357 2441 1402 2473 ita
1414 2443 1710 2478 accommodentur
1722 2445 1762 2480 ad
1775 2456 1861 2479 tem-

1106 2489 1358 2534 poraantitypi,
1382 2500 1417 2523 ut
1432 2490 1495 2524 haec
1507 2493 1716 2528 extendinon
1740 2493 1860 2541 poffint

1108 2537 1190 2570 ultra
1203 2537 1346 2582 praeciios
1358 2537 1486 2573 illorum
1501 2543 1685 2575 terminos?
1711 2545 1862 2577 Turnat-

1108 2587 1158 2619 &a
1177 2586 1332 2620 identitas
1348 2589 1433 2622 inter
1451 2590 1807 2640 durationestyporuin
1824 2597 1860 2628 δε

1108 2637 1332 2682 antityporum
1352 2648 1418 2670 non
1430 2637 1512 2673 solet
1525 2641 1656 2685 requiri.

1156 2682 1282 2718 Tertio.
1310 2685 1404 2731 Qud
1421 2686 1442 2720 s1
1455 2687 1641 2723 pontificiis
1660 2688 1860 2724 concedere-

1109 2735 1251 2786 mnqs(in
1272 2746 1340 2780 quo
1352 2736 1485 2781 quidem
1507 2737 1690 2773 orthodoxi
1704 2750 1771 2771 non
1788 2736 1861 2772 sunt

1107 2782 1277 2825 difficiles)
1294 2794 1327 2817 ut
1340 2785 1372 2816 in
1385 2785 1486 2833 long&
1498 2788 1776 2822 Antichristorum
1784 2787 1861 2819 Ro-

1109 2843 1286 2865 manorum
1308 2832 1386 2867 serie
1401 2833 1516 2879 aliquis
1538 2837 1570 2869 in
1585 2835 1681 2869 seculi
1705 2833 1788 2875 fine,
1808 2836 1862 2870 so-

1106 2880 1234 2915 dalibus
1251 2882 1311 2915 suis
1330 2884 1404 2917 licet
1426 2883 1691 2930 improbiffimis,
1716 2885 1859 2930 quiidam

1106 2940 1215 2963 tamen
1227 2931 1452 2976 improbitatis
1465 2930 1554 2976 ἑξοχῇ
1566 2935 1706 2978 nequior
1725 2936 1857 2968 exoria-

1105 2989 1166 3014 tur,
1182 2979 1238 3023 qui
1250 2981 1382 3013 Antiochi
1393 2978 1459 3013 dics
1471 2983 1639 3027 proximus
1650 2978 1770 3017 referat
1782 3007 1792 3023 ,
1804 2985 1855 3016 ni-

1103 3025 1145 3059 hil
1161 3039 1197 3060 ex
1209 3026 1268 3060 hac
1280 3027 1486 3063 conceffione
1500 3029 1556 3075 ipfi
1570 3032 1779 3065 lucrarentur.

1150 3074 1369 3109 Observaznus
1379 3073 1536 3119 secundo,
1548 3083 1703 3114 calvinum
1715 3106 1723 3120 ,
1737 3084 1850 3116 Bullin-
1913 3086 1938 3107 ²³

1097 3136 1195 3171 gerum
1209 3149 1219 3165 ‚
1233 3128 1263 3158 &
1276 3125 1357 3159 alios
1370 3138 1455 3171 quos
1466 3139 1528 3163 nos
1538 3130 1569 3162 in
1583 3129 1759 3175 quaestione
1771 3143 1851 3177 pra--

1102 3173 1233 3207 cedenti
1250 3175 1375 3219 lequuri
1397 3173 1528 3220 sumus,-
1562 3179 1639 3214 dum
1656 3190 1778 3227 negant
1795 3190 1850 3224 per

1747 3238 1851 3260 cornu
