2048 3343
150 157 197 186 Ad
208 167 229 184 x.

114 1454 202 1481 Etiam
215 1451 251 1478 ad

113 1491 264 1530 spanhemii.

277 82 327 125 46
651 68 949 107 OPERIS
1025 67 1473 106 Hxs’ron1c1

273 148 384 194 primas
398 141 587 177 ministrandi
601 142 681 176 vices
695 140 802 175 debuit
816 140 960 188 assignare
972 152 1032 187 po-

272 198 333 230 tius
347 194 438 241 quam
458 194 485 226 ei
506 193 555 226 cui
577 190 688 225 David
712 189 815 225 divina
834 191 1033 238 inspiratione

275 258 323 279 eas
337 246 415 278 vices
429 242 636 289 assignaverat,
665 245 695 275 &
711 241 759 273 cui
773 240 820 272 illa
836 240 1034 288 praerogativa

275 295 311 328 ad
325 294 408 327 illum
423 289 515 337 usque
529 291 612 325 diem
622 291 732 337 absque
741 288 948 324 controversia
957 301 1032 322 con-

276 345 426 379 venerat?
452 341 600 376 Praetcrea
619 342 651 374 in
671 338 794 373 defecfhl
808 336 1034 372 Endelechismi

276 391 534 438 Ephemeriarum
553 392 634 423 ordo
655 389 691 423 ad
705 387 823 422 claffcm
839 389 976 422 ultimam
991 388 1033 420 vi-

278 441 420 476 cesimam
434 452 570 486 quartam
589 451 654 474 tum
671 437 865 473 deficientem
886 448 1035 483 pervene-

277 502 322 525 rat
336 491 458 524 decimo
478 489 609 536 septimo
630 490 784 521 Tammuz
805 486 853 520 seu
864 487 938 532 Julii
954 485 1036 517 deci-

276 552 332 575 mo
346 542 456 586 quinto
469 563 478 577 ,
505 540 522 573 a
540 552 604 586 quo
624 537 707 572 retro
722 536 913 570 numerando
927 533 1035 579 Ephe7

278 591 387 624 merias
402 613 410 628 ‚
436 588 473 622 ad
486 588 662 622 vicesimum
677 588 818 632 quintum
835 582 945 617 Casseu
957 607 966 621 ,
986 581 1035 616 seu

278 638 456 673 vicesimum
479 636 641 671 secundum
657 633 849 668 Novembris
870 633 1036 665 Encaenio-
1053 656 1055 684 ἒ

1054 685 1056 709 ἒ
1073 681 1124 715 hic
1138 682 1187 715 dat
1200 682 1401 728 Spanhemius
1412 683 1517 718 6κᾶἃέ
1527 684 1611 719 suum
1628 685 1754 734 scopum
1765 692 1838 722 Sca-

278 702 346 723 rum
363 688 435 721 luda
449 687 616 719 stlaccabaei
630 710 638 723 ,
663 683 818 716 invenitur
832 683 867 716 ad
889 680 1036 714 familiam

279 736 389 772 Ioarrbi
403 736 618 780 Ephemeriam
633 731 786 779 spestsasse.

327 786 482 830 Objcetio
497 783 625 817 secunda
645 782 756 817 Petavii
775 780 819 815 est
837 777 970 825 ejusdem
986 792 1036 814 va-

278 837 368 874 loris,
391 836 452 868 vult
466 834 513 867 iile
527 846 562 866 ex
576 833 715 880 l<eplero;
734 831 829 864 stante
843 831 934 863 etiam
945 830 1039 863 Scali-

273 889 339 936 geri
351 896 403 930 per
417 883 510 917 orbes
523 882 687 916 hieraticos
697 881 812 916 calculo
819 879 973 913 Zacharia
981 880 1039 912 mi-

281 933 438 969 nisterium
452 932 585 966 incidisse
599 933 629 965 in
643 930 830 978 Septembris
841 931 994 963 decimum
1005 941 1038 962 0-

283 986 422 1023 ἃεινυιῃ,
436 983 576 1029 adeoque
589 980 842 1015 Christinatalem
857 980 888 1012 in
902 980 1040 1013 Decem-

283 1034 346 1067 bris
359 1032 537 1079 vigesimum
552 1032 708 1078 quintum.
733 1027 826 1075 Resp.
841 1029 983 1062 Gratuita
998 1027 1041 1062 est

283 1083 348 1117 haec
365 1082 476 1117 Petavii
490 1085 520 1116 δι
540 1083 656 1129 Kepleri
669 1078 788 1113 assertio
801 1078 861 1112 sine
875 1079 1038 1126 probatio-

284 1145 339 1166 ne:
352 1131 416 1165 imo
431 1130 450 1164 si
464 1130 520 1165 stet
533 1132 673 1178 Scahgeri
685 1129 816 1163 calculus
826 1152 835 1168 ‚
849 1141 941 1174 quem
956 1131 1039 1162 Peta-

284 1182 348 1215 vius
361 1182 484 1228 largitur
496 1181 631 1218 redium,
653 1182 684 1213 ὃ(
700 1180 731 1212 in
745 1191 810 1225 quo
825 1178 898 1211 nibil
912 1188 1042 1211 conatur

285 1232 457 1277 corrigere,
478 1229 663 1276 impoffibile
677 1228 721 1261 est
739 1238 771 1261 ut
784 1227 937 1260 Zachariae
951 1228 1041 1260 mini-

285 1280 411 1313 sterium
424 1278 572 1326 vigesimo
585 1277 783 1323 oftavoJulii
798 1274 968 1309 absolutum
977 1289 1039 1309 non

285 1340 354 1364 ante
380 1329 572 1376 Septembris
596 1328 751 1362 decimum
786 1326 930 1361 oetavum
955 1326 1039 1360 ince-

285 1380 372 1426 perit.

333 1429 383 1462 Ad
396 1427 450 1462 ista
464 1431 595 1462 ‘Petavit‘
612 1427 746 1474 objee‘ka.
773 1428 977 1475 spanhemius
991 1426 1041 1461 ad-

286 1478 330 1511 dit
342 1477 396 1510 alia
410 1489 556 1524 quatuor:
572 1480 720 1523 primum,
736 1475 904 1524 supponere
917 1479 1042 1525 Scalige-

284 1540 354 1561 rum
372 1537 475 1560 natum
497 1526 656 1562 Christum
677 1539 759 1560 anno
774 1528 893 1572 periodi
915 1528 1043 1574 Julianae

283 1588 389 1624 quater
397 1576 568 1613 millesimo,
583 1575 851 1624 septingentesimo
862 1578 1039 1616 undecimo,

282 1631 314 1662 &
327 1626 513 1671 baptizatum
536 1627 629 1661 aetatis
651 1625 806 1661 tricesimo
824 1627 925 1673 primo
940 1651 949 1665 ‚
976 1639 1043 1674 quae

280 1689 346 1710 non
358 1674 424 1710 sunt
441 1687 532 1711 certa.
555 1674 647 1723 Resp.
667 1674 971 1723 Suppositionesistae
980 1687 1042 1710 tan·

253 1733 257 1745 l
280 1725 347 1760 tum
363 1726 465 1760 obiter
480 1726 634 1765 incidunt,
650 1725 789 1772 procedit
797 1726 871 1759 vero
879 1739 1043 1772 argumen-

280 1785 347 1809 tum
362 1776 378 1810 εὶ
392 1776 498 1810 diebus
509 1774 671 1816 mensium,
681 1777 734 1824 qui
748 1776 779 1809 in
794 1775 1041 1824 quibussibetan-

281 1837 328 1858 ms
342 1836 457 1860 tenent.

329 1874 452 1919 Objicit
469 1888 494 1909 z.
509 1876 709 1923 Spanhemius
723 1875 895 1923 supponere
914 1878 1042 1926 Scalzge-

281 1936 351 1957 rum
364 1922 508 1958 familiam
526 1925 608 1958 Abiae
622 1927 742 1961 ostavas
757 1925 873 1974 semper
887 1928 968 1961 vices
982 1927 1042 1960 ob-

280 1973 416 2008 tinuisse:
436 1975 518 2020 atqui
533 1975 616 2008 Neh.
632 1988 673 2009 12.
691 1989 722 2021 4.
740 1988 785 2022 17.
802 1977 966 2024 aliquando
986 1989 1043 2010 un-

281 2023 431 2062 decimas,
457 2025 621 2071 aliquando
636 2025 834 2060 duodecimas
854 2027 1043 2060 ministrandi

282 2073 363 2107 vices
383 2073 553 2107 obtinebat.
577 2072 669 2120 Resp.
684 2076 800 2109 temere
822 2075 1042 2122 Spanhemium

284 2134 320 2154 ex
333 2122 395 2155 hoc
416 2122 577 2168 themiae
595 2124 737 2171 catalogo
754 2125 897 2159 ordinem
912 2123 1043 2159 familia-

281 2182 351 2203 rum
370 2168 599 2205 sacerdotalium
620 2172 824 2207 confundere.
862 2177 944 2208 Itane
965 2175 1042 2208 vero

282 2218 394 2252 Ioaribi
406 2216 518 2251 familia
532 2219 548 2253 a
561 2221 660 2266 prima
669 2222 733 2254 vice
747 2222 776 2253 in
791 2222 941 2253 decimam
951 2219 1039 2266 septi-

282 2280 364 2302 mam
378 2268 547 2301 collabetur
557 2293 566 2307 ,
599 2267 669 2316 quia
684 2267 767 2302 istius
780 2281 845 2316 cap.
858 2281 925 2303 vers
940 2275 969 2303 6.
993 2270 1041 2302 lo-

282 2330 322 2351 co
335 2316 458 2350 decimo
472 2315 603 2362 septimo
614 2341 623 2355 ‚
639 2317 737 2350 loartb
751 2321 948 2351 numeratur?
962 2319 1041 2351 Cer-

283 2365 314 2399 ῐὲ
327 2366 407 2410 apud
426 2367 608 2398 Nehemiam
620 2365 718 2399 Joarzb
740 2372 771 2401 &
785 2367 868 2400 Abia
888 2368 983 2414 longe
996 2367 1042 2400 di-

283 2414 355 2450 versi
370 2412 464 2448 sunta
477 2414 576 2448 loam‘b
589 2419 620 2450 δι
635 2415 719 2449 Alata
734 2416 891 2456 Damalis,
906 2429 1042 2463 quorum

287 2462 408 2498 familiis
422 2464 471 2498 ille
486 2465 597 2511 primas
612 2470 642 2499 δέ
657 2467 779 2499 οέὶανῑις
792 2468 872 2501 vices
891 2467 922 2499 in
935 2467 1043 2511 templi

287 2514 468 2559 ephemeriis
489 2514 617 2549 tribuit:
643 2515 685 2548 illi
701 2515 782 2548 enim
804 2515 912 2549 diebus
931 2516 1043 2565 Kehe-

287 2567 347 2596 mt‘ae
359 2587 367 2602 ‚
391 2562 464 2596 ficut
477 2562 525 2596 isti
542 2564 682 2597 ‘Davidis
701 2564 809 2598 diebus
824 2567 984 2599 vixerunt:
1008 2566 1043 2599 ad

287 2625 378 2658 quam
391 2623 490 2646 autem
510 2610 656 2647 familiam
674 2614 772 2646 loarz'la
785 2618 817 2648 δε
828 2614 913 2647 Abia
930 2615 1043 2662 whe-

287 2664 348 2693 mix
378 2660 552 2707 specstabant
570 2675 632 2695 non
651 2662 787 2701 constat,
819 2663 857 2696 de
877 2662 939 2697 hoc
960 2666 1042 2697 enim

289 2710 462 2758 Qlacmms
475 2722 564 2745 tacet.
589 2712 629 2745 Et
638 2711 710 2745 vero
720 2712 827 2758 viginti
842 2712 967 2746 dunum
977 2724 1042 2746 tan-

287 2758 352 2791 tum
369 2758 594 2794 sacerdotalium
608 2759 791 2794 familiarum
801 2763 895 2808 capita
903 2775 1042 2797 numerat

287 2810 446 2842 Nesacmms
456 2835 464 2849 ‚
479 2811 569 2857 idque
577 2811 607 2843 in
616 2811 697 2844 nulla
705 2810 741 2843 ad
750 2811 953 2845 ministerium
963 2808 1041 2846 tem·

287 2858 327 2902 pli
343 2858 489 2891 relatione
500 2884 510 2898 ‚
536 2858 584 2893 sed
596 2859 713 2894 tantum
727 2860 763 2894 ad
778 2862 1039 2908 Hierosolymita-

288 2906 317 2937 ni
332 2909 408 2939 muri
422 2908 656 2943 dedicationem.

336 2956 456 2998 Objicit
472 2970 495 3002 ς.
522 2957 740 3004 Spanhemius‚
754 2958 823 2992 licet
840 2959 989 3006 vigesimo
1004 2972 1041 2993 o-

290 3003 454 3049 &avojulii
467 3007 634 3040 Zacharias
647 3006 806 3042 discesserit
815 3009 943 3043 domum
953 3034 962 3048 ,
976 3021 1041 3043 non

289 3062 390 3084 tamen
410 3051 540 3100 sequitur
560 3056 659 3091 statim
680 3068 865 3105 conceptum
890 3063 1037 3093 loannem.

289 3098 382 3147 Resp.
396 3101 471 3134 Non
480 3106 588 3147 premit
598 3108 724 3154 Scaliger
737 3107 892 3153 praecisum
903 3109 985 3143 diem
995 3109 1040 3142 vel

289 3151 554 3197 conceptiloasmss
569 3154 614 3188 vel
623 3152 751 3196 Christi,
763 3156 829 3191 imo
844 3158 904 3193 diei
918 3157 1041 3193 certissi-

1069 152 1152 173 mam
1169 139 1420 173 incertitudinem
1435 139 1616 185 profitetur‚
1635 146 1758 180 tantum
1768 147 1832 183 vult

1071 188 1210 223 absoluta
1235 189 1393 223 Zacharia
1419 189 1595 235 ephemeri&
1619 206 1692 227 mox
1718 209 1834 231 conce-

1069 250 1156 286 ptum
1174 241 1331 278 Ioannem,
1358 244 1387 273 ὅ(
1403 238 1478 272 vero
1494 239 1659 274 latitudinis
1672 242 1722 277 hic
1736 258 1768 278 ac
1787 247 1835 279 di-

1070 290 1195 323 lationis
1204 301 1321 336 magnae
1335 287 1419 322 causa
1431 289 1512 322 nulla
1520 289 1634 324 merito
1647 292 1749 339 potest
1764 292 1835 342 sup-

1071 349 1160 384 poni.
1382 350 1385 352 ’

1120 385 1270 432 Denique
1283 386 1713 434 objicitSpanhernius.Dato
1728 392 1758 425 in
1771 391 1834 426 fine

1068 435 1145 482 Julii
1171 446 1359 481 conceptum
1387 441 1540 473 loannem,
1567 440 1638 473 inde
1660 439 1836 488 sequeretur

1072 495 1178 517 natum
1200 482 1363 518 Christum
1389 498 1454 519 non
1476 488 1507 519 in
1531 486 1593 521 fine
1625 492 1836 537 Septembris,

1072 533 1158 579 quod
1166 533 1363 582 vultScaltger
1373 559 1383 574 ,
1396 533 1482 568 sedin
1492 535 1553 570 fine
1562 538 1727 575 oetobris.
1741 539 1833 588 Resp.

1074 583 1105 616 Si
1125 581 1267 616 Christus
1284 583 1423 618 oetobri
1440 584 1475 618 fit
1492 596 1577 620 natus
1591 611 1601 626 ‚
1622 601 1686 622 non
1706 591 1838 624 multum

1074 632 1171 665 aberit
1183 632 1396 681 Scaligerasuo
1412 632 1569 676 institut0;
1592 634 1640 670 sed
1655 650 1691 671 ex
1704 652 1744 673 eo
1752 640 1839 687 quod

1075 732 1145 778 lzger
1161 732 1298 779 attingit,
1319 745 1388 766 nam
1402 731 1423 765 fi
1436 736 1705 782 IoamzesJuliifine
1714 739 1761 772 vel
1772 741 1840 772 Au-

1076 779 1154 827 gusti
1167 781 1257 814 initio
1271 793 1438 827 conceptus
1453 783 1503 824 sit3
1525 788 1555 819 &
1570 784 1653 820 sexto
1666 787 1736 834 post
1750 801 1839 822 men-

1076 828 1104 863 s:-
1124 829 1248 863 ineunte
1273 829 1418 864 Christus
1443 830 1476 865 sit
1501 845 1666 881 conceptus
1683 862 1691 875 ,
1727 835 1838 872 scilicet

1077 880 1203 912 ineunte
1224 880 1389 926 januario,
1432 882 1629 917 necessarium
1658 885 1700 919 est
1726 899 1758 921 ut
1782 890 1839 921 Se-

1079 928 1229 976 ptembris
1244 928 1305 963 fine
1318 953 1328 970 ,
1355 930 1403 965 vel
1415 931 1569 966 octobris
1584 934 1675 968 initio
1694 935 1837 971 Christus

1076 990 1163 1013 natus
1177 977 1220 1012 sit.
1920 1006 1923 1007 γ

1122 1028 1230 1062 Tertia
1244 1028 1389 1064 sententia
1397 1029 1440 1064 est
1448 1030 1592 1073 Nisbeti,
1608 1033 1661 1081 qui
1677 1033 1836 1068 Christum
1853 1039 1952 1069 Nisben'

1077 1088 1181 1112 natum
1198 1081 1260 1113 vult
1273 1078 1338 1126 ipso
1351 1079 1499 1115 Paschatis
1515 1083 1579 1122 die,
1613 1083 1708 1130 idque
1722 1084 1756 1117 ea
1772 1083 1836 1131 ipsa
1844 1082 1971 1128 ftjm'm'a

1076 1127 1157 1162 hora
1170 1130 1230 1174 qua
1241 1128 1346 1163 Pascha
1356 1130 1399 1164 est
1407 1131 1590 1172 maotatum,
1612 1132 1706 1168 libelli
1716 1133 1755 1167 sui
1765 1146 1834 1181 pag.
1852 1129 1886 1155 Θ
1910 1131 1986 1158 argu-

1079 1191 1154 1223 274.
1192 1181 1253 1212 Pro
1274 1178 1336 1213 hoc
1361 1180 1518 1227 paradoxo
1531 1182 1649 1217 nullum
1663 1185 1708 1218 vir
1723 1183 1836 1217 ἀοὲὶιιε
1845 1170 1987 1240 ZZZ?

1080 1227 1220 1261 nominat
1234 1230 1406 1264 merorem.
1438 1231 1591 1266 Rationes
1610 1235 1674 1277 ejus
1687 1234 1836 1280 primariae

1078 1276 1124 1310 hae
1139 1274 1213 1311 sunt.
1232 1280 1350 1318 Prima,
1366 1281 1450 1325 quod
1458 1282 1550 1315 Lucae
1566 1294 1593 1316 2³.
1608 1295 1720 1329 41·42·
1742 1282 1837 1318 Chri-

1080 1325 1140 1360 stus
1162 1327 1193 1360 in
1209 1325 1288 1362 festo
1305 1327 1450 1363 Paschatis
1463 1330 1574 1364 dicitur
1588 1344 1740 1366 annorum
1759 1334 1839 1366 duo-

1079 1376 1189 1411 decim.
1223 1379 1311 1425 Ergo
1329 1376 1407 1412 nasei
1420 1380 1561 1425 oportuit
1576 1381 1606 1413 in
1619 1378 1700 1415 festo
1713 1381 1839 1416 Pascha-

1077 1428 1123 1460 tis.
1133 1427 1229 1473 Resp.
1240 1440 1340 1474 neque
1351 1427 1532 1461 antecedens
1540 1441 1642 1474 neque
1650 1429 1839 1476 consequen-

1077 1477 1118 1510 tia
1131 1475 1173 1508 est
1187 1477 1402 1516 concedenda3
1423 1488 1488 1509 non
1501 1479 1682 1513 antecedens
1696 1480 1841 1526 quianon

1079 1526 1122 1559 ibi
1135 1524 1232 1559 asserit
1246 1528 1344 1559 Lucas
1364 1525 1396 1559 in
1416 1523 1495 1559 festo
1513 1525 1661 1562 Paschatis
1677 1528 1839 1565 Christum

1079 1575 1194 1609 fiftum
1208 1574 1375 1609 duodecim
1389 1587 1539 1610 annorum
1552 1590 1561 1617 ς
1591 1577 1640 1612 sed
1655 1591 1726 1613 cum
1741 1575 1841 1614 fuiffet

1077 1624 1176 1660 faetus
1186 1625 1350 1660 duodecim
1367 1638 1531 1666 annorum,
1546 1623 1704 1662 ascendisse
1721 1629 1842 1663 Hiero-

1081 1674 1228 1723 solymam
1243 1676 1274 1709 in
1284 1675 1433 1710 Paschate.
1446 1676 1572 1710 Deinde
1586 1677 1665 1712 nulla
1678 1677 1722 1712 est
1737 1676 1844 1714 conse-

1079 1726 1221 1774 quentia,
1240 1736 1309 1760 nam
1323 1727 1393 1761 licet
1406 1726 1524 1760 dictum
1539 1723 1637 1762 fuisset
1652 1727 1683 1762 in
1699 1726 1841 1763 Paschate

1080 1777 1195 1810 faffiim
1217 1776 1382 1811 duodecim
1413 1788 1564 1810 annorum
1579 1801 1588 1817 ,
1620 1790 1686 1811 nou
1705 1778 1777 1812 inde
1797 1775 1843 1812 se-

1081 1838 1192 1875 quetur
1204 1827 1250 1861 vel
1264 1828 1329 1870 ejus
1346 1825 1566 1861 duodecimum
1582 1839 1705 1867 annum,
1722 1827 1766 1862 vel
1781 1827 1845 1872 pri-

1083 1890 1168 1911 mum
1183 1874 1326 1923 incepisse
1340 1877 1370 1909 in
1385 1873 1543 1915 paschate,
1570 1889 1639 1910 narn
1653 1889 1734 1910 anno
1747 1875 1845 1910 Chri-

1082 1926 1119 1960 sti
1136 1927 1325 1961 duodecimo
1346 1925 1556 1960 celebrabatur
1574 1925 1612 1959 ab
1629 1928 1693 1971 ejus
1714 1925 1847 1972 parenti-

1079 1977 1136 2011 bus
1166 1975 1275 2011 Pascha
1288 1999 1296 2012 ,
1328 1975 1394 2009 imo
1412 1975 1504 2008 etiam
1524 1978 1555 2010 δι
1574 1974 1757 2009 Pentecoste
1770 1999 1779 2014 ,
1813 1978 1845 2010 &

1083 2025 1195 2061 festum
1222 2026 1490 2060 tabernaculorum
1506 2048 1515 2064 ‚
1554 2028 1585 2060 &
1610 2036 1715 2064 caetera
1740 2024 1844 2057 omnia
1862 2021 1872 2038 ²

1079 2075 1154 2111 festa
1174 2074 1308 2110 solennia
1327 2089 1334 2109 :
1366 2074 1437 2108 inde
1456 2082 1557 2107 tamen
1578 2086 1642 2106 non
1664 2072 1798 2119 sequitur
1811 2084 1845 2105 c-

1079 2129 1125 2171 jus
1151 2125 1374 2160 duodecimum
1403 2122 1545 2167 incepisse
1560 2122 1605 2156 vel
1627 2121 1643 2155 a
1664 2120 1845 2155 Pentecoste

1080 2175 1125 2208 vel
1138 2174 1154 2207 a
1168 2176 1332 2212 znlwmmx'qa
1343 2172 1388 2205 vel
1401 2171 1416 2203 a
1430 2182 1589 2216 quoquam
1599 2171 1659 2203 alio
1667 2168 1748 2204 festo
1757 2171 1844 2218 quod

1081 2223 1111 2253 in
1122 2233 1162 2254 eo
1171 2221 1360 2254 duodecimo
1373 2219 1418 2255 vel
1433 2216 1494 2265 ipse
1502 2220 1550 2254 vel
1564 2221 1627 2262 ejus
1636 2231 1774 2266 parentes
1784 2219 1842 2253 ob-

1080 2267 1239 2303 servarunt.

1127 2318 1304 2352 Secundum
1315 2318 1439 2352 Nisbeti
1454 2328 1679 2366 argumentum.
1707 2319 1845 2353 Danielis

1082 2365 1270 2414 septuaginta
1292 2367 1562 2402 hebdomadarum
1581 2367 1650 2402 finis
1666 2393 1675 2408 ,
1702 2369 1844 2416 adeoque

1081 2416 1198 2451 Christi
1211 2430 1296 2451 mors
1311 2418 1444 2465 annique
1464 2419 1543 2452 illius
1557 2419 1655 2452 ultimi
1673 2429 1844 2452 extremum

1081 2464 1138 2500 fuit
1153 2468 1184 2502 in
1206 2466 1346 2501 paschate
1359 2492 1369 2507 ,
1397 2470 1485 2515 Ergo
1503 2468 1624 2501 initium
1645 2468 1723 2500 illius
1742 2467 1845 2501 ultimi

1081 2517 1149 2550 anni
1163 2516 1299 2556 Christi,
1314 2529 1526 2565 annorumque
1542 2517 1684 2550 omnium
1696 2530 1750 2562 70.
1766 2516 1845 2551 heb-

1081 2567 1283 2601 domadarum
1291 2568 1426 2599 Danielis
1440 2567 1541 2601 eratin
1551 2564 1630 2600 festo
1639 2565 1785 2600 paschatis
1793 2561 1848 2601 vel*

1080 2616 1178 2649 dieilli
1192 2616 1348 2662 proximo.
1372 2617 1416 2650 R.
1435 2616 1553 2649 Subtile
1571 2617 1660 2650 nimis
1675 2615 1738 2650 hoc
1751 2628 1841 2664 argu-

1079 2676 1221 2698 mentum
1235 2677 1298 2698 non
1312 2664 1355 2698 est
1375 2663 1505 2699 solidum
1520 2689 1530 2704 ‚
1556 2678 1626 2700 nam
1640 2676 1838 2713 praeterquam

1078 2714 1165 2760 quod
1180 2712 1262 2760 supra
1279 2714 1575 2754 demonstravimus,
1597 2715 1738 2750 Christus
1752 2725 1839 2747 mor-

1077 2774 1145 2796 tuus
1160 2776 1223 2797 non
1237 2763 1280 2797 est
1296 2764 1326 2797 in
1335 2763 1599 2798 hebdomadarum
1613 2764 1748 2798 Danielb's
1763 2762 1836 2801 fine,

1078 2811 1127 2846 sed
1140 2814 1254 2847 ultimae
1267 2813 1469 2847 hebdomadis
1489 2814 1593 2846 medio
1606 2836 1614 2848 ,
1643 2813 1715 2845 dato
1736 2823 1838 2846 tamen

1078 2873 1237 2895 mortuum
1253 2864 1284 2894 in
1293 2862 1367 2901 fine,
1384 2873 1616 2906 extremumque
1630 2874 1742 2895 annum
1758 2861 1839 2895 heb-

1078 2910 1282 2944 domadarum
1297 2911 1428 2945 clausum
1444 2912 1474 2943 in
1491 2908 1648 2950 Paschate,
1662 2923 1837 2945 nontamen

1077 2960 1148 2993 inde
1162 2958 1296 3006 sequitur
1315 2960 1410 2993 ullum
1426 2972 1577 2993 annorum
1593 2960 1638 2994 vel
1652 2961 1769 2995 Christi
1790 2959 1838 2994 vel

1077 3008 1310 3043 hebdomadum
1332 3010 1474 3042 ‘Danielis
1493 3009 1509 3043 a
1529 3007 1668 3044 Paschate
1683 3009 1835 3058 incepisse.

1081 3062 1160 3108 Qo
1181 3059 1230 3092 die
1247 3069 1297 3092 aut
1316 3057 1418 3092 mense
1438 3057 1670 3094 hebdomadum
1692 3061 1836 3096 revelatio

1077 3109 1201 3142 Danieli
1217 3106 1297 3141 faeta
1309 3107 1354 3148 fit,
1370 3108 1524 3155 Scriptura
1539 3108 1613 3147 silet,
1628 3123 1728 3157 neque
1745 3110 1835 3143 etiam

1077 3157 1260 3206 principium
1273 3157 1541 3196 hebdomadarum
1555 3157 1742 3195 desumitura
1755 3170 1834 3192 tem-

1758 3218 1834 3255 pore
