2048 3343
0 879 1 896 ³
41 899 150 936 Babylon

39 941 143 972 rebellat.

35 1629 156 1658 Mulieres

31 1671 91 1706 suas
98 1670 152 1707 ple-

35 1711 118 1749 rafilue

27 1753 151 1790 strangu-

36 1792 100 1821 lane.

38 2227 131 2266 Zopyri

39 2272 131 2297 artibus

42 2313 137 2348 capitur

41 2351 156 2389 Babylon.

492 125 564 153 ET
619 116 1216 154 CnitoNotootct

190 190 289 225 vellet
315 189 463 237 expedire
487 189 508 224 fi
534 201 632 237 quam
655 188 790 224 haberet
810 199 936 221 artem:

189 241 298 275 statim
309 240 437 286 equiso,
447 240 515 273 haec
524 239 545 273 fi
555 249 720 273 conventa
732 236 936 283 sunt,inquir,

1277 112 1455 155 L1B.1.
1667 126 1738 155 111

993 185 1140 234 pendere
1159 194 1296 232 putatur
1313 188 1453 222 civitatis
1473 186 1554 223 salus
1575 211 1584 228 ,
1608 188 1639 222 in
1652 190 1745 224 unius

995 244 1240 276 manus,arces‚
1252 237 1350 275 muri,
1361 237 1480 271 milites
1491 236 1684 272 traduntur:
1698 240 1744 273 ita

191 289 339 323 Domine
348 291 388 324 de
401 291 518 337 Regno
537 287 576 322 sis
587 289 723 326 securus,
734 296 849 320 caetera
862 284 943 319 mihi
996 284 1059 331 spei
1072 286 1210 331 votique
1227 292 1371 330 compos
1381 285 1420 317 ad
1433 286 1646 332 praestitutum
1658 298 1745 321 tcm-

190 349 289 373 erunt
301 350 394 373 curat.
429 338 503 373 Post
517 338 647 383 aliquot
662 335 761 369 horas
774 336 816 370 ad
831 337 943 370 locum
991 345 1053 380 pus
1064 335 1173 368 Belidas
1183 344 1293 380 portas
1306 331 1408 367 Pctfis
1421 335 1664 382 aperit‚quibus
1676 349 1744 383 po-

192 400 293 434 quem
313 387 496 422 condixere
505 397 654 431 proceres
668 410 678 425 ,
700 384 834 419 adducit
844 396 946 431 cqua-

193 449 266 472 rum
278 433 741 484 pulcherrimam,equumque
751 436 802 468 cui
815 433 946 468 insessu-

194 496 326 521 ruserat
336 487 440 520 Darius
455 485 665 532 ,aliquandiu
678 483 946 518 circumducit&

194 536 339 570 admittit
352 534 503 575 tandem,-
514 533 592 567 hinc
604 534 728 569 faustum
741 545 776 567 ut
788 530 948 581 postridie

194 597 293 630 qnam
306 586 449 632 primum
471 596 512 618 eo
526 585 592 618 loci
604 582 820 630 pervenissent
832 593 950 629 proce-

195 638 285 668 resin
297 635 492 668 memoriam
502 632 655 667 hesternae
666 632 809 666 libidinis
819 631 949 665 rediens

196 686 284 718 Darii
295 696 420 731 equus,
433 680 639 717 horrendum
653 682 796 715 hinniret
812 699 822 721 ς
850 680 946 713 audi-

197 743 294 780 taque
306 745 390 768 voce
406 757 416 773 ,
437 730 623 766 desilientes
634 730 721 764 illico
732 730 836 764 caeteri
850 755 859 770 ,
884 735 948 764 Da-

196 785 273 818 rium
292 782 382 830 quasi
405 783 494 817 coelo
519 778 687 828 delapsum
708 782 839 828 Regem
865 779 946 813 ado·

196 831 323 866 sariunt.

244 884 280 915 In
293 879 424 915 historici
436 879 536 920 Darii,
547 879 718 913 mittentes
730 888 844 911 caetera
861 901 870 914 ‚
887 877 948 909 tria

197 930 439 978 explicabimus
456 931 488 962 in
500 928 613 976 primis
625 928 722 975 digna
733 937 804 973 qnae
817 937 947 959 memo-

197 991 322 1019 rentur,
335 981 620 1026 expugnationem
638 977 784 1026 Babylonis
802 997 811 1010 5
837 971 948 1006 infelix

197 1028 240 1062 ad
255 1032 368 1073 Scytha-s
389 1031 449 1061 iter
473 1051 481 1063 ‚
507 1027 769 1061 &Marathoniam
789 1034 947 1070 pugnam.

199 1078 375 1113 Babvlonii
390 1076 519 1110 Persica:
531 1073 694 1107 servitutis
704 1071 840 1120 pcrtaesi,
853 1084 947 1105 com-

196 1116 319 1162 modas
333 1125 391 1160 fibi
404 1118 444 1157 ed
458 1122 676 1158 rebellionem
690 1121 872 1156 existimant
884 1118 944 1154 fre-

194 1186 333 1224 quentes
344 1185 416 1220 quae
429 1174 539 1220 paucis
550 1171 642 1205 annis
654 1170 837 1205 acciderant
846 1195 856 1212 ‚
873 1182 946 1203 mu—

194 1227 339 1259 tationes
350 1224 505 1266 Imperii:
523 1223 578 1268 qui
587 1223 655 1265 jam
669 1231 796 1254 teneret
807 1232 944 1268 regnum

186 1277 344 1318 juvenem
359 1270 435 1311 else,
446 1271 564 1305 tudem
577 1269 777 1317 imperandi,
788 1281 857 1303 non
871 1282 944 1302 am-

190 1323 276 1370 plius
285 1320 460 1355 ferendum
472 1319 529 1353 fibi
542 1323 657 1368 jugum
673 1345 682 1360 ,
699 1319 756 1366 qni
774 1321 843 1353 aliis
862 1317 944 1352 olim

189 1373 378 1419 imperitare
391 1371 550 1404 solerent:
566 1380 717 1404 creantur
727 1366 945 1410 duces,fabri-

191 1431 307 1456 cantur
318 1432 421 1460 arma,
432 1429 566 1467 paratur
580 1419 620 1453 ad
632 1417 842 1452 oblidionem
855 1416 945 1457 urbs,

191 1472 464 1505 convocanttirin
475 1481 578 1503 unum
592 1478 763 1514 quotquot
777 1469 861 1501 intra
873 1479 946 1500 mu—

193 1532 247 1554 ros
260 1520 359 1554 effent
375 1518 542 1552 foeminini
561 1519 709 1565 generis,
732 1516 899 1564 pelluntur
912 1518 945 1549 in

196 1580 293 1616 agros
314 1579 434 1602 matres
459 1593 467 1607 ‚
497 1580 533 1602 cx
553 1568 676 1601 caeteris
696 1565 833 1612 quisque
853 1564 947 1600 miles

196 1630 296 1652 unam
312 1615 371 1650 sibi
382 1616 459 1663 legit
472 1618 505 1650 in
516 1617 638 1651 servam
653 1641 662 1656 ,
680 1627 795 1650 czrtera
807 1615 947 1650 turbant

197 1666 320 1701 inutilis
341 1666 430 1701 bello
449 1669 483 1700 δε
502 1668 547 1700 rei
565 1665 786 1700 frumentariae
803 1665 947 1700 damno-

196 1716 227 1751 sa
238 1714 468 1763 strangulatur.

249 1765 302 1800 Ad
315 1765 502 1799 rebellionis
514 1760 638 1798 famam
653 1762 742 1797 adest
755 1774 828 1798 cum
839 1764 946 1812 copiis

196 1814 238 1849 ad
253 1826 365 1862 portas
375 1814 495 1849 Barim,
505 1811 619 1846 suadet
627 1814 667 1847 ad
678 1812 836 1859 obsequia
845 1813 945 1860 pristi-

194 1876 236 1897 na
249 1863 374 1901 redire,
390 1873 586 1896 monentem
600 1862 712 1897 rident
722 1861 860 1897 rebelles
873 1887 882 1900 ‚
898 1874 945 1897 rc-

195 1912 325 1946 dituros
337 1911 365 1945 se
375 1911 416 1946 ad
428 1910 586 1957 obsequia
602 1911 751 1946 dicentes
763 1910 842 1946 cnm
853 1924 944 1960 pate-

192 1972 243 1995 ret
266 1962 353 1995 mula
364 1986 373 1998 ‚
391 1961 422 1996 id
434 1960 479 1996 est
491 1986 501 2002 ,
518 1960 610 1994 nullo
623 1973 770 2008 unquam
783 1972 946 2008 tempore.

194 2010 251 2044 Ab
279 2011 486 2058 undeviginti
509 2009 674 2044 mensibus
696 2010 815 2055 quibus
834 2010 947 2045 frustra

196 2059 363 2094 moenibus
373 2059 772 2100 aflidebatoarius,accidit
785 2061 817 2093 in
829 2060 948 2102 castris,

193 2119 232 2143 ut
243 2112 326 2143 inter
336 2112 438 2156 Zopyri
447 2112 597 2154 jumenta
607 2108 695 2143 mula
705 2108 856 2156 quaedam
877 2122 948 2156 pat-

196 2169 268 2192 tum
281 2159 392 2193 reverit
404 2161 599 2197 eniteretur,
618 2157 767 2193 hoccum
780 2156 948 2206 spectasset

196 2209 300 2243 oculis
310 2216 430 2256 Zopyrus
441 2218 651 2255 portentum,
665 2209 699 2240 in
713 2207 797 2241 urbis
809 2210 948 2256 potiun-

197 2257 244 2291 dae
264 2256 352 2303 spem
372 2259 499 2291 ereftus
516 2256 560 2290 est
579 2270 588 2291 ε
616 2257 651 2291 id
664 2267 700 2291 ut
714 2256 807 2301 perse
819 2257 950 2292 daretur

199 2305 372 2347 effatum,
390 2307 446 2340 ista
459 2317 669 2341 commentus
687 2306 731 2340 est
755 2330 764 2346 ,
785 2317 877 2341 aui-es
890 2306 948 2340 fibi

199 2354 377 2400 praescindit
406 2359 440 2390 δε
469 2359 562 2389 na‘tes
589 2381 598 2393 ,
631 2354 818 2403 infligitque
845 2358 949 2391 multa

200 2414 333 2436 cruenta
345 2406 481 2438 vulnera
493 2428 502 2441 ,
517 2406 549 2437 in
560 2402 626 2437 hoc
636 2403 749 2438 habitu
763 2403 791 2437 se
804 2404 949 2438 ostentat

198 2452 297 2497 Regi,
311 2451 434 2485 edocet
446 2464 512 2485 non
524 2454 588 2485 alio
598 2453 697 2498 qu‘arn
710 2452 794 2487 hisce
804 2454 949 2488 vulneri-

198 2498 261 2533 bus
282 2499 483 2545 Babylonem
504 2498 594 2545 poffe
615 2503 693 2546 capi.
734 2501 823 2534 Cum
845 2503 950 2548 expli-

199 2546 296 2584 casset
313 2547 484 2583 consilium
506 2573 516 2589 ‚
545 2550 703 2596 praecipiti
715 2547 791 2596 fugit
811 2549 840 2583 sc
852 2550 950 2583 datin

199 2598 299 2645 pedes
310 2599 350 2634 ad
361 2598 450 2632 urbis
462 2610 588 2634 muros,
600 2599 683 2632 intra
696 2599 874 2633 admittunt
887 2598 950 2632 ob-

200 2646 279 2688 seffi,
292 2650 361 2692 quis
375 2646 411 2681 sit
424 2658 533 2681 narrat
545 2671 552 2683 ‚
566 2660 706 2694 quaeqne
725 2646 824 2694 passus
836 2649 852 2681 ἐι
863 2650 951 2682 Darii

200 2696 317 2731 saevnifi
330 2722 338 2737 ‚
357 2694 445 2743 quoi
460 2695 596 2731 suasisset
607 2695 790 2731 oblidionis
809 2697 950 2731 solutio-

200 2758 278 2781 nem
303 2760 311 2780 :
337 2745 558 2780 rev<laturum
584 2745 648 2780 sese
676 2745 852 2793 pollicetur
878 2758 950 2794 quae

201 2796 308 2842 probe
328 2794 422 2830 sciret
443 2796 562 2829 cunels.
581 2797 665 2841 regis
685 2794 829 2829 consilia.
865 2797 951 2829 Cre-

205 2845 288 2878 dunt
304 2844 492 2889 Babylonii,
503 2849 533 2879 &
546 2845 650 2877 virum
663 2856 747 2877 nota:
760 2844 884 2877 virtutis
896 2843 952 2876 ali-

206 2895 258 2926 cui
269 2897 436 2941 copiarum
451 2896 533 2941 parti
549 2892 750 2940 praeficium,
764 2891 884 2940 quibus
896 2905 952 2925 co-

205 2943 337 2977 mitatus
369 2942 510 2992 septimo
538 2942 579 2977 ab
607 2943 755 2977 adventu
781 2943 835 2976 dic
863 2941 953 2977 mille

204 2989 322 3030 Persas,
332 3004 428 3039 prout
442 3005 516 3027 cum
530 2994 622 3027 Dario
634 2991 953 3032 convenerat,intei·-

206 3041 343 3074 necione
367 3041 450 3076 delet
473 3057 481 3076 ε
508 3043 581 3090 post
595 3043 707 3076 decem
721 3043 789 3077 dies
805 3041 953 3076 bismille

206 3098 304 3121 necat
322 3113 331 3128 ,
358 3093 391 3123 &
410 3091 517 3137 aliquo
545 3090 617 3138 post
638 3103 789 3139 tempore
821 3091 954 3126 millena

206 3148 366 3184 quatuor.
400 3147 516 3188 Zopyriv:
537 3152 600 3174 tres
618 3140 781 3176 continuo
802 3142 954 3176 vidiorias

208 3187 360 3235 adeptus,
374 3199 455 3222 unus
465 3188 556 3223 volat
565 3202 623 3237 pet·
635 3203 692 3225 ota
704 3189 813 3240 vulgi,
831 3190 872 3226 ab
887 3203 953 3226 uno

994 384 1042 416 titi
1057 383 1261 416 statimvicftss.
1271 382 1526 417 dominanturin
1540 386 1744 431 iirbe.Baby-

993 430 1079 466 lonis
1093 432 1217 466 moenia
1236 435 1363 474 (unum
1377 444 1415 465 ex
1428 433 1542 467 mundi
1560 434 1744 477 miraculis)

996 483 1102 516 Darius
1120 482 1227 514 victor
1248 483 1402 527 adaequat
1423 481 1493 516 solo
1511 507 1520 522 ,
1553 482 1742 529 civiumque
1760 525 1762 527 q

997 528 1280 564 illusttissiinorum
1299 533 1359 563 tria
1382 531 1485 565 millia
1503 529 1656 566 crucibus
1674 531 1746 566 affi-

997 581 1044 627 git
1057 604 1066 620 ‚
1087 581 1209 614 caeteris
1220 581 1253 613 in
1263 589 1380 614 uxores
1392 579 1564 614 mulierum
1577 583 1745 629 quinqua—

997 629 1087 676 ginta
1105 630 1208 663 millia
1228 629 1441 664 contribuere
1459 631 1744 677 vicinosimpeia-

998 677 1265 725 vir,'Babylonem
1275 687 1382 712 totam
1392 679 1608 726 vectigalibus
1620 681 1663 713 im
1670 688 1745 714 mu-

998 739 1073 760 nem
1091 734 1196 774 Zopyro
1208 729 1239 760 in
1253 727 1415 762 ditionem
1429 728 1471 763 ad
1485 731 1585 763 vitam
1597 729 1746 765 tradidit,

997 775 1074 823 saepe
1086 776 1240 810 dictitans
1260 777 1358 812 malle
1375 777 1405 812 se
1425 786 1526 812 unuin
1541 784 1682 828 Zopyrum
1694 775 1747 811 sa·

995 835 1074 859 num
1087 829 1120 859 ὃς
1133 827 1307 874 integrum,
1316 824 1412 873 quim
1423 827 1510 861 mille
1523 826 1717 874 Babylonas.

1043 876 1081 907 In
1101 874 1234 918 Scythas
1255 879 1387 911 Daritim
1415 877 1520 911 movit
1540 888 1603 912 una
1620 879 1745 912 vanitas

995 923 1121 962 animi,
1141 924 1278 956 vanitati
1302 934 1416 958 tamen
1435 923 1558 960 hancce
1578 927 1745 974 praetexuit

993 971 1121 1016 justitiae
1155 971 1317 1017 speciem.
1364 977 1453 1007 Ante
1490 976 1617 1020 aliquot
1642 973 1747 1012 secula

996 1017 1183 1054 transcenso
1205 1019 1357 1054 Caucaso
1380 1020 1660 1057 descendentcsin
1673 1025 1748 1059 Me-

995 1071 1082 1104 diam
1096 1066 1219 1120 Scythia,
1246 1070 1346 1104 instar
1367 1068 1559 1118 rapidiffimi
1574 1075 1746 1114 torrentis,

995 1116 1102 1153 secum
1122 1121 1236 1152 omnia
1263 1130 1321 1167 per
1338 1119 1448 1154 totam
1473 1118 1581 1154 Afiam
1599 1131 1748 1167 rapuere,

994 1179 1101 1214 nequ-e
1119 1169 1300 1215 quicquam
1324 1169 1469 1216 ipsorum
1491 1172 1654 1219 impetum
1680 1171 1750 1206 suf-

993 1216 1165 1250 flaminare
1180 1217 1295 1252 vvaluit
1321 1229 1437 1264 praeter
1469 1230 1532 1254 una
1561 1221 1750 1265 Pfizmmeniti

995 1267 1098 1316 Regis
1110 1277 1258 1307 munera,
1273 1266 1347 1314 ipsis
1359 1268 1401 1302 ad
1413 1269 1546 1316 AEgypti
1557 1269 1679 1303 limites
1689 1283 1750 1304 oc-

995 1317 1155 1350 currentis
1167 1316 1283 1354 amice.
1314 1319 1412 1352 Hanc
1426 1317 1509 1352 Afiae
1521 1345 1530 1358 ,
1549 1320 1748 1367 &inprimis

995 1366 1120 1400 Mediae
1138 1366 1262 1399 illatam
1281 1367 1524 1402 contumeliam
1546 1369 1748 1403 vindicatam

995 1415 1099 1449 voluit
1115 1414 1232 1453 Darim,
1242 1427 1436 1463 quanquam
1448 1418 1493 1451 nil
1507 1429 1593 1465 opus
1603 1416 1667 1452 fuit
1677 1420 1750 1450 vin-

995 1464 1119 1498 distam
1138 1463 1263 1500 sumere
1285 1463 1326 1499 dc
1348 1465 1397 1500 his
1418 1471 1476 1514 qui
1493 1464 1749 1514 domipersnos

996 1513 1155 1548 scelerum
1167 1517 1319 1548 omnium
1331 1528 1447 1562 poenas
1457 1515 1592 1551 abunde
1603 1516 1749 1551 luerunt.

995 1563 1085 1596 Nam
1098 1563 1165 1597 haec
1178 1562 1376 1598 vastatorum
1387 1565 1479 1599 orbis
1491 1564 1748 1602 colluvies‚ct‘1n1

993 1624 1051 1658 pet
1085 1624 1193 1646 annos
1226 1613 1425 1660 vigintiotfto
1462 1610 1545 1650 Afice
1574 1613 1655 1663 pene
1682 1616 1749 1648 toti

993 1659 1098 1697 fuiffet
1110 1661 1300 1700 dominata,
1309 1675 1366 1710 per
1378 1662 1504 1698 Medos
1514 1663 1638 1712 sepulta
1650 1665 1745 1705 vino,

995 1712 1171 1744 maximam
1183 1722 1311 1760 partem
1323 1711 1410 1747 ferro
1422 1712 1531 1747 deleta
1547 1715 1626 1761 :qui
1635 1712 1748 1761 supcr-

994 1771 1084 1803 erant
1095 1761 1238 1795 domum
1250 1759 1356 1795 versus
1368 1763 1554 1810 corripiunt
1566 1765 1652 1798 viam
1667 1786 1675 1802 ,
1694 1761 1746 1797 scd

995 1808 1171 1844 transmissit
1188 1806 1326 1844 Armenii
1339 1815 1374 1846 &
1388 1814 1501 1848 Colchis
1516 1821 1692 1858 antequam
1706 1811 1748 1846 ad

995 1859 1205 1893 Moeotldem
1218 1857 1394 1897 venissent,
1404 1861 1572 1908 reperiunt
1581 1860 1639 1895 fibi
1650 1859 1750 1907 obje-

994 1909 1082 1941 &cam
1095 1910 1128 1941 in
1148 1920 1185 1942 os
1205 1909 1375 1954 ingentem
1395 1907 1506 1944 fossam
1527 1934 1537 1948 ‚
1564 1912 1617 1946 cui
1631 1909 1750 1945 affide-

995 1968 1044 1991 tet
1063 1955 1196 1991 infinita
1221 1958 1516 1995 robustissimorum
1534 1963 1692 2005 juvenum
1711 1972 1750 1993 a-

996 2019 1074 2041 cies.

1043 2058 1161 2090 Domo
1172 2054 1374 2091 discedentes
1385 2055 1418 2089 in
1433 2054 1538 2091 Afiam
1551 2059 1670 2107 Scythae‚
1684 2053 1746 2092 scr-

996 2117 1055 2140 vos
1066 2118 1180 2140 omnes
1192 2107 1297 2140 oculis
1308 2104 1484 2146 orbfirunt,
1501 2118 1541 2140 ne
1551 2107 1585 2139 in
1594 2107 1746 2141 diuturna

998 2155 1225 2189 Dominornm
1249 2153 1392 2194 absenti&
1418 2155 1459 2189 ad
1479 2153 1569 2203 ipsos
1585 2168 1702 2190 uxores
1719 2155 1746 2190 se

997 2203 1058 2238 suae
1086 2215 1346 2245 converterent3
1374 2216 1443 2238 non
1472 2215 1581 2239 tamen
1603 2217 1654 2239 ars
1679 2205 1747 2239 haec

998 2253 1138 2287 crudelis
1156 2252 1318 2300 superavit
1338 2251 1512 2288 libidinem
1533 2267 1540 2287 ε
1568 2267 1646 2289 nam
1668 2253 1746 2289 cuin

998 2304 1205 2350 perexiguam
1220 2304 1415 2336 maritorum
1427 2301 1547 2337 reditfis
1561 2303 1648 2351 spem
1662 2316 1750 2338 con—

997 2350 1156 2398 spicerent
1166 2355 1338 2402 Scytharum
1352 2353 1513 2390 muliereS,
1525 2351 1634 2399 ponus
1646 2352 1747 2399 quin-n

998 2402 1146 2435 interiret
1165 2413 1269 2449 genus
1287 2427 1296 2439 ‚
1324 2403 1416 2436 caecis
1440 2400 1468 2434 se
1491 2399 1588 2435 servis
1611 2403 1748 2436 dabant.

1001 2450 1088 2484 Hinc
1101 2461 1177 2484 nata
1189 2462 1275 2484 nova
1287 2448 1425 2490 soboles,
1435 2462 1506 2496 quae
1518 2460 1553 2483 ut
1563 2450 1669 2485 redire
1681 2451 1747 2483 do—

1000 2511 1091 2532 mum
1112 2501 1240 2545 accepit
1262 2511 1403 2533 matrum
1424 2501 1561 2531 maritos
1579 2524 1589 2538 ‚
1615 2509 1747 2545 patrum

1000 2547 1160 2580 dominos
1171 2571 1180 2583 ‚
1192 2557 1281 2580 metu
1294 2560 1335 2580 ne
1346 2547 1429 2579 male
1442 2547 1681 2580 mulctarentur
1690 2560 1749 2594 pa-

1001 2605 1063 2628 tres
1076 2594 1167 2634 servi,
1180 2605 1298 2628 matres
1310 2595 1467 2629 adultera:
1478 2620 1486 2634 ‚
1501 2599 1534 2628 ἐκ
1547 2594 1602 2641 ipsi
1614 2608 1748 2643 qnoque

999 2642 1104 2691 spuria
1116 2644 1220 2690 proles
1235 2669 1245 2684 ‚
1273 2645 1452 2690 corripiunt
1465 2656 1554 2677 arma
1575 2671 1584 2685 ‚
1614 2656 1749 2679 currunt

1000 2691 1308 2739 obviam,repulsuri
1320 2705 1382 2740 pro
1396 2693 1518 2727 viribus
1529 2693 1749 2741 §patrifistnes

1001 2745 1112 2784 Scythas
1133 2758 1143 2777 .·
1170 2741 1206 2776 fit
1223 2754 1396 2776 cruentum
1417 2745 1559 2790 praelium
1580 2768 1589 2784 ,
1615 2742 1702 2778 nullfi
1715 2745 1747 2778 vi

999 2790 1113 2824 foliam
1123 2792 1233 2826 valent
1246 2793 1392 2836 trajicere
1404 2793 1503 2833 senes,
1514 2792 1619 2828 donec
1629 2805 1747 2838 eorum

1000 2841 1174 2886 aliquisita
1187 2852 1321 2875 caeteros
1330 2841 1553 2888 compellaret.
1573 2843 1665 2889 Qid
1676 2845 1748 2892 agi·

1002 2901 1075 2923 mus
1094 2890 1231 2935 (inquit)
1253 2891 1311 2924 viri
1324 2904 1399 2925 cum
1412 2893 1509 2926 armis
1522 2902 1636 2926 contra
1648 2891 1747 2927 servi-

1002 2939 1066 2973 lem
1079 2940 1266 2985 sanguinem
1278 2945 1290 2974 ?
1301 2939 1493 2985 abjiciamus
1504 2939 1748 2988 enses,artipia-

1004 3001 1076 3023 mus
1089 2987 1211 3036 flagra·‚
1229 3001 1302 3023 cum
1317 3002 1386 3024 non
1398 2990 1502 3023 hostes
1515 3003 1552 3023 ex
1563 3003 1656 3037 aequo
1671 3016 1679 3031 ‚
1693 2990 1748 3025 sed

1003 3039 1161 3072 dominos
1172 3041 1259 3072 anim
1267 3039 1457 3077 advertent,
1476 3039 1565 3074 illico
1576 3039 1749 3088 diffugient

1003 3100 1103 3122 metu.
1131 3088 1297 3123 Laudatur
1307 3091 1562 3129 01·atio‚exunnt
1578 3089 1665 3124 senes
1681 3089 1749 3123 ho-

1002 3138 1094 3171 stium
1106 3134 1223 3172 faciem
1237 3162 1245 3177 ,
1264 3138 1408 3172 induunt
1417 3139 1632 3173 dominorum
1645 3165 1654 3181 ,
1671 3141 1749 3174 dcx-

1002 3198 1064 3223 tras
1082 3198 1210 3223 armant
1224 3186 1364 3224 fustibus
1382 3191 1418 3224 ὃς
1441 3188 1549 3238 flagris
1568 3203 1578 3230 3
1605 3190 1660 3271 ill?
1678 3200 1748 3220 non

1654 3247 1749 3271 crunt

1765 871 1894 909 „Afiaeflaff¹

1757 916 1845 954 gellam

1764 956 1868 994 Scytha,

1769 2049 1864 2086 Srytbae

1731 2105 1740 2116 r
1765 2091 1884 2121 reduces&

1762 2132 1898 2172 suisscrvis

1766 2188 1898 2211 vexantur.
