2048 3343
129 391 245 417 Periodm

129 431 234 458 mlum.

135 816 224 860 cyclus
238 819 279 844 So-

129 1722 218 1761 Cyclus
226 1726 277 1752 Lu-

129 1966 220 2005 Cyclm
239 1968 276 1993 in-

127 2007 267 2034 dtfflonum.

293 126 335 166 30
649 94 1051 144 Op'mmsH

293 192 358 224 quo
372 177 623 225 periodiJulianae
641 177 782 212 Christus
802 176 836 211 fit
854 187 939 210 natus
955 179 967 208 ?
994 176 1046 208 De

293 229 401 262 harum
414 239 538 261 aerarum
554 227 632 261 inter
646 226 672 261 sc
685 228 879 261 connexione
892 225 991 259 multo
1000 225 1046 258 in-

293 279 429 311 volutior
447 275 490 309 est
505 273 664 323 disputatio
677 301 687 316 ‚
713 277 805 324 quam
819 276 856 310 de
871 287 973 309 earum
989 273 1047 307 sin-

296 328 373 374 gulis
387 327 417 358 in
431 322 470 360 se.

343 375 394 409 Ad
406 375 568 408 maximam
581 375 658 408 hanc
678 374 906 421 Chronologiae
927 373 964 407 de
977 385 1044 406 aera-

295 437 363 458 rum
377 437 455 458 nexu
471 422 678 457 difficultatem
693 424 924 470 expediendam,
947 422 1047 455 maxi-

295 486 363 506 mus
375 485 552 520 temporum
567 472 745 506 emendator
757 472 892 521 Jost’phus
904 473 1047 517 Scaliger,

295 536 365 557 cum
380 521 488 569 magnai
501 521 550 557 sua
562 523 654 556 ctiam
662 522 699 556 ab
708 522 896 556 adversariis,
910 521 1000 552 etiam
1008 518 1047 550 ab

294 570 359 618 ipso
367 575 491 604 petavio
505 572 589 605 laude
597 596 606 610 ‚
621 572 736 604 invenit
745 570 905 615 periodum
915 569 1045 614 Juliana-

295 634 376 655 nam.
402 621 550 655 Periodus
562 621 626 654 haec
634 633 728 653 anuos
741 619 837 651 habet
849 616 955 663 septies
965 616 1047 650 mille

294 683 472 718 nongentos
497 670 657 716 octoginta
683 667 794 701 scilicet
817 665 1047 713 multiplicatio-

295 732 366 753 nem
381 720 472 753 trium
489 721 517 751 in
531 729 655 752 morum
668 716 842 763 Cyclorum
851 741 861 756 ‚
875 717 970 751 Solis,
985 718 1046 749 Lu-

296 781 358 807 nae,
371 773 402 802 &
418 768 633 801 indictionum.

343 817 456 862 Cyclus
468 816 546 849 Solis
559 814 652 848 habet
665 826 763 848 annos
772 815 821 848 28.
830 813 862 847 in
877 813 988 860 quibus
996 825 1049 859 per

296 865 557 899 intercalationem
570 863 692 911 siugulis
706 863 790 896 annis
804 874 937 910 quatuor
949 887 957 899 ,
977 861 1048 896 sexti

297 914 447 948 Calendas
459 914 585 948 Martias
597 910 646 947 seu
659 913 846 958 repetitione
859 912 905 946 vel
913 913 1048 959 gemina-

296 964 385 998 tione
397 963 623 1010 vigesimitertii
632 961 854 996 dieiFebruarii
864 987 872 1001 ‚
886 974 980 994 annus
989 958 1050 995 Bis-

297 1010 411 1047 sextilis
418 1024 541 1046 notatur
548 1024 600 1059 per
609 1024 699 1045 unam
707 1024 741 1045 ex
752 1010 864 1056 septem
873 1011 966 1044 literis
978 1012 1051 1044 Do-

298 1063 491 1096 minicalibus
513 1063 557 1095 G.
571 1063 605 1095 F.
618 1062 654 1095 E.
667 1062 714 1095 D.
729 1063 771 1095 C.
784 1061 819 1094 B.
834 1062 871 1097 Α.
893 1059 956 1094 hoc
968 1058 1049 1096 versu

299 1112 444 1146 technico
457 1111 614 1145 indicatus.

347 1161 464 1195 Gaudet
476 1165 607 1194 francus
619 1163 705 1207 Equo
713 1183 722 1199 ‚
745 1162 852 1194 Dacus
865 1163 959 1198 Cane,
973 1161 1048 1192 Bar-

443 1210 532 1244 barm
544 1222 627 1244 arcu.

296 1260 511 1306 Multiplicatis
523 1257 637 1306 septem
650 1270 704 1304 per
716 1268 849 1303 quatuor
867 1255 932 1290 sunt
949 1256 1048 1303 vigin-

296 1310 319 1343 ti
333 1310 427 1347 οξὶο,
441 1321 505 1356 quo
520 1309 619 1355 Cyclo
632 1308 758 1354 peracto
772 1317 875 1340 motus
890 1306 1002 1339 Solaris
1015 1304 1050 1338 fit

295 1359 417 1406 aequalis
436 1364 466 1393 &
486 1358 539 1391 Sol
555 1357 591 1391 ad
604 1357 730 1391 eandem
745 1355 822 1389 redit
835 1353 943 1389 faciem
957 1367 1048 1402 quam

294 1408 384 1454 Cycli
397 1408 549 1454 principio
567 1406 706 1440 habebat.
745 1405 799 1438 Sol
813 1406 895 1439 enim
914 1416 1048 1438 annuum

294 1456 379 1491 suum
394 1455 511 1490 cursum
526 1456 641 1503 peragit
653 1455 909 1488 diebustrecentis
917 1453 1048 1501 sexagin-

292 1517 322 1540 ta
335 1507 471 1553 quinque
485 1510 515 1539 δε
526 1507 610 1539 horis
619 1505 818 1551 quatuor,qui
832 1516 913 1537 anno
921 1516 1047 1551 quoque

292 1566 403 1601 quarto
411 1555 447 1589 ad
457 1556 538 1589 diem
551 1565 711 1588 excurrunt
719 1577 729 1592 ,
743 1557 772 1587 δε
782 1552 955 1588 inseriturin
963 1562 1047 1588 m‘en-

291 1605 368 1638 smm
381 1604 553 1639 brevisiimo
566 1603 750 1642 Februario,
763 1601 958 1638 scilicetinter
965 1604 1046 1638 diem

291 1653 470 1701 vigesimum
484 1654 645 1689 tertium&
659 1651 838 1700 vigesimum
846 1664 999 1701 quartum.

339 1704 454 1750 Cyclus
467 1704 543 1738 lunae
555 1703 599 1737 est
613 1707 811 1743 ἐμνεαὴιφιετηῳῖς
824 1716 974 1737 annorum
988 1715 1046 1736 no-

291 1754 488 1788 vemdecimfi
507 1755 663 1789 &wolone
674 1755 812 1789 inventus
828 1776 837 1788 ,
857 1765 922 1800 quo
935 1753 1044 1787 exasto

292 1803 397 1837 eadem
410 1803 640 1838 noviluniorum
652 1805 729 1838 ratio
737 1829 746 1844 ,
771 1802 1000 1850 idemquelunae
1008 1803 1044 1837 ad

293 1853 398 1886 Solem
417 1851 551 1898 aspectus
569 1855 648 1888 redit
667 1854 796 1902 signatus
808 1852 840 1885 in
859 1850 1043 1886 Calendario

292 1914 346 1949 per
359 1914 520 1936 numerum
534 1915 667 1936 aureum.

350 1951 463 1997 Cyclus
484 1952 663 1998 indictionis
683 1963 746 1986 erat
769 1957 973 1993 πνπδὶηᾳεηρχὶς
990 1965 1042 1986 an-

292 2011 405 2033 norum
420 1998 531 2035 scilicet
546 2002 739 2048 quindecim,
753 2004 865 2050 quibus
878 2004 985 2038 eadem
998 2015 1043 2036 ra-

291 2049 338 2081 tio
347 2049 536 2089 vtributorum
551 2051 743 2085 &Provinciis
756 2053 886 2093 redibat,
898 2055 1001 2100 primo
1013 2065 1044 2086 e-

292 2098 356 2131 nim
370 2099 549 2133 indiC'donis
562 2101 776 2148 quinquennio
789 2115 827 2136 a>s
841 2107 872 2137 ἄ
886 2101 999 2137 ferrum
1008 2103 1043 2135 ad

292 2159 375 2179 arma
387 2161 394 2180 :
415 2146 548 2182 seeundo
561 2160 719 2196 argentum
733 2151 769 2184 ad
782 2153 914 2185 militum
928 2151 1043 2199 stipen-

292 2195 354 2228 dia:
367 2197 521 2242 tertioque
535 2210 639 2231 aurum
653 2199 688 2231 ad
701 2200 875 2233 aerariumin
883 2201 1042 2246 certaipro-

291 2244 437 2290 portione
448 2247 626 2291 Imperatori
639 2248 788 2279 Romano
795 2249 960 2280 Provinciae
967 2260 1041 2292 pen-

291 2292 413 2327 debant.
433 2295 524 2339 Cycli
538 2295 617 2328 Solis
631 2298 661 2328 &
677 2295 752 2328 lunae
766 2295 796 2328 in
811 2293 838 2328 se
846 2295 1042 2341 duffiiiperio-

290 2341 364 2374 dum
378 2342 551 2388 producunt
563 2343 784 2388 Dionysianam
795 2344 809 2377 a
819 2345 951 2393 Dionjfio
964 2347 1042 2377 [xi-

284 2403 343 2439 guo
355 2390 506 2425 inventam
522 2416 531 2431 ,
555 2404 706 2425 annorum
728 2394 969 2440 quingentorum
988 2394 1042 2426 tri-

289 2440 373 2486 ginta
389 2441 539 2480 duorum,
554 2440 585 2473 hi
599 2441 674 2474 vero
687 2443 876 2488 multiplicati
886 2443 1041 2489 perquisi-

289 2489 388 2522 decim
404 2491 419 2534 (
427 2490 543 2535 cyclum
557 2490 780 2536 indictionum)
795 2490 932 2525 efficiunt
939 2492 1041 2538 perio-

289 2538 361 2571 dum
370 2539 519 2585 Julianam
532 2541 673 2587 Scaltgeri
684 2552 741 2573 ann
747 2553 836 2573 orum
845 2538 950 2588 septies
958 2541 1040 2574 mille

289 2599 521 2635 nongentorum
535 2590 696 2635 oftoginta
709 2614 718 2629 ,
738 2589 778 2623 fic
790 2590 902 2624 dictam
916 2591 960 2624 ob
974 2588 1039 2624 for-

289 2649 370 2670 mam
383 2639 452 2670 anni
466 2638 482 2671 a
501 2637 579 2685 Julio
593 2636 695 2682 (Zcfizre
712 2638 866 2684 insigniter
880 2637 1038 2673 reformati

289 2687 320 2718 in
339 2688 374 2720 ea
394 2685 569 2733 usurpatam.
601 2687 724 2720 Periodi
743 2687 832 2730 hujus
853 2689 1038 2733 principium

291 2734 395 2781 figitur
410 2737 441 2769 in
467 2749 548 2769 anno
567 2733 835 2782 septingentesimo
855 2734 1037 2784 sexagesimo

291 2795 399 2830 quarto
412 2796 480 2818 ante
493 2784 641 2818 mundum
654 2785 829 2824 conditum,
849 2786 880 2818 in
889 2799 953 2833 quo
960 2799 1038 2819 con-

291 2845 413 2867 currunt
426 2835 540 2880 primus
554 2834 643 2880 Cycli
658 2832 758 2867 solaris
772 2847 840 2868 cum
850 2835 951 2881 primo
960 2835 1037 2880 cycli

291 2882 416 2921 lunaris,
430 2889 460 2917 &
474 2885 576 2929 primo
590 2884 665 2929 cycli
678 2883 900 2918 indiffionum:
915 2885 1036 2930 quitres

291 2930 490 2966 Charaetcres
504 2945 568 2965 non
584 2933 695 2966 iterum
714 2944 900 2967 concurrunt
917 2944 985 2966 ante
997 2933 1036 2966 fi-

289 2991 360 3012 nem
373 2982 459 3026 Cycli
472 2981 559 3025 hujus
573 2982 675 3029 magni
687 2994 838 3015 annorum
852 2980 959 3028 septies
969 2982 1036 3015 mil-

289 3028 318 3060 le
329 3039 556 3075 nongentorum
570 3031 743 3078 octoginta.
770 3034 804 3064 In
823 3031 912 3075 hujus
930 3031 1033 3078 perio-

289 3075 320 3109 di
338 3075 437 3110 tabula
454 3077 661 3113 describuntur
678 3092 787 3113 omnes
806 3080 1036 3127 Chronologici

289 3124 491 3158 Charaeteres
505 3151 514 3165 ,
539 3128 578 3160 ita
596 3140 629 3162 ut
648 3142 712 3162 uno
729 3129 801 3163 dato
814 3130 914 3164 caeteri
926 3142 1035 3163 omnes

289 3172 390 3208 statim
403 3174 499 3207 oculis
508 3172 714 3219 subjiciantur:
727 3179 856 3226 cognito
866 3179 947 3214 enim
955 3191 1033 3226 quo-

1080 111 1453 138 ISTORICI

1080 185 1114 207 to
1123 186 1203 207 anno
1212 173 1363 212 Domini,
1377 185 1424 207 res
1432 172 1543 220 quaevis
1551 173 1674 214 accidit,
1687 174 1776 220 hujus
1784 188 1839 222 pe-

1082 223 1161 256 riodi
1173 236 1234 270 ope
1248 220 1335 256 facile
1348 223 1501 256 invenitur
1514 232 1614 269 quoto
1623 235 1704 257 anno
1717 225 1836 264 mundi,

1082 283 1183 319 quoto
1198 273 1328 306 conditae
1343 272 1427 305 urbis
1443 295 1451 308 ‚
1470 283 1571 319 quoto
1591 272 1811 319 Olympiadico
1827 298 1836 312 ‚

1082 333 1182 368 quoto
1197 320 1397 356 Nibonass'ari
1407 346 1415 361 ,
1434 332 1536 368 quoto
1543 322 1668 368 Juliano
1678 346 1687 359 ,
1701 325 1732 356 δι
1746 321 1784 356 sic
1799 323 1838 356 de

1081 372 1195 404 caeteris
1204 396 1212 410 ,
1226 384 1260 403 ea
1273 384 1319 404 res
1326 372 1501 418 contigerit.
1515 374 1549 403 In
1557 369 1695 414 confesso
1708 369 1751 404 est
1758 372 1838 404 mul-

1082 420 1115 452 ῐὸ
1131 421 1297 453 maximum
1310 418 1432 464 hujusce
1446 420 1626 467 Scaligerani
1646 419 1839 454 instrumenti

1082 469 1112 501 in
1122 467 1339 516 Chronologifi
1352 467 1437 503 usum
1452 468 1525 503 esse:
1540 470 1632 503 nccid
1641 468 1705 504 satis
1715 482 1774 516 pro
1784 467 1837 503 suo

1082 517 1194 550 merito
1210 517 1324 551 laudari
1338 517 1438 565 posse,
1452 529 1485 552 ut
1497 518 1615 565 plenius
1627 519 1761 553 suoloco
1772 518 1838 552 for-

1082 565 1152 600 tasse
1167 566 1419 601 monstrabimus.

1138 619 1171 649 In
1185 613 1404 662 praesentiarum
1417 615 1604 662 inquiramus
1617 616 1720 663 primo
1732 617 1769 651 de
1782 629 1837 651 ne-
1854 631 1881 654 In
1898 636 1966 656 mxu

1614 667 1769 700 Sententia
1787 667 1838 701 hic
1854 669 1960 696 Natalo's

1082 678 1120 699 xu
1133 666 1249 698 Natalis
1268 678 1339 699 cum
1353 678 1435 700 anno
1453 666 1578 700 Mundi.

1082 714 1213 748 maxime
1227 714 1312 748 devia
1325 714 1369 749 est
1378 714 1518 749 Ecclefiae
1532 718 1695 756 Romanae,
1705 729 1771 763 quae
1784 729 1838 751 ne-

1083 775 1131 810 gat
1145 777 1241 797 errare
1254 762 1282 798 se
1296 764 1390 810 poffe.
1428 767 1461 797 In
1476 766 1705 813 Martyrologio
1718 767 1839 800 Roma-

1084 910 1232 958 gesimum
1245 912 1387 958 quintum
1396 911 1584 945 Decembris
1593 936 1603 951 ,
1622 914 1653 946 in
1665 912 1759 948 Missa
1773 928 1838 948 ma-

1083 962 1179 996 tutin&
1186 961 1249 994 alto
1262 960 1357 994 boatu
1371 961 1402 993 in
1415 961 1560 994 omnibus
1574 962 1704 996 Ecclefis
1717 964 1839 1011 praelegi

1084 1011 1240 1044 mandatur
1253 1035 1263 1050 ‚
1290 1021 1394 1044 natum
1414 1009 1472 1044 effe
1489 1009 1650 1044 Christum
1669 1023 1751 1045 anno
1769 1014 1838 1059 post

1083 1060 1239 1094 Mundum
1251 1060 1412 1094 conditum
1420 1060 1582 1107 quinquies
1590 1060 1751 1094 millefimo
1760 1067 1839 1096 non'-

1084 1109 1252 1157 geutefimo
1265 1108 1521 1156 quinquagefimo
1535 1107 1682 1156 septimo,
1703 1110 1773 1157 post
1785 1123 1838 1145 na-

1083 1170 1148 1192 tum
1163 1159 1376 1192 Abmlmmum
1388 1158 1435 1192 bis
1449 1158 1610 1193 millefimo
1619 1159 1743 1194 decimo
1751 1161 1839 1208 quin-

1085 1219 1129 1243 to.
1166 1211 1307 1243 Fatentur
1321 1208 1373 1256 ipfi
1386 1206 1509 1255 Jesuitae
1526 1208 1713 1244 craffiffimos
1726 1209 1777 1244 hic
1790 1222 1838 1244 er-

1084 1271 1169 1292 rores
1189 1263 1219 1293 δι
1238 1260 1448 1299 παραχςονιζμὲς
1467 1270 1532 1292 non
1552 1271 1721 1305 paucorum
1739 1272 1838 1293 anno-

1084 1321 1151 1341 rum
1165 1306 1213 1342 sed
1225 1308 1342 1355 aliquot
1355 1319 1558 1342 centenorum
1571 1306 1656 1354 super
1668 1309 1762 1343 mille.
1788 1312 1838 1342 Sa·-

1082 1368 1154 1390 xtus
1174 1357 1312 1392 Sene-ulis
1326 1356 1528 1391 Bibliothecae
1540 1355 1646 1391 sanstae
1664 1357 1716 1392 lib.
1725 1371 1750 1404 5.
1769 1360 1838 1392 An-

1083 1418 1146 1441 not.
1162 1410 1214 1442 68.
1228 1411 1258 1442 &
1273 1410 1323 1442 88.
1337 1407 1429 1453 pleno
1443 1419 1498 1440 ore
1511 1406 1620 1445 docet,
1639 1411 1670 1441 δε
1682 1408 1713 1440 in
1725 1420 1837 1454 expan-

1082 1457 1224 1491 satabulz‘i
1237 1457 1425 1491 demonstrat
1438 1456 1529 1488 etiam
1541 1458 1684 1489 Petamus
1696 1456 1749 1489 lib.
1755 1471 1789 1498 9.
1804 1461 1837 1492 &

1080 1508 1229 1540 Henrz'cns
1243 1506 1382 1553 ‘Phihppi
1400 1502 1620 1551 quaestionibus
1640 1504 1672 1537 in
1684 1504 1784 1538 Exod.
1794 1518 1837 1540 12.

1083 1557 1231 1589 Tornellus
1243 1567 1381 1602 quoque,
1395 1555 1532 1586 Salianus
1546 1552 1634 1588 &alii
1647 1565 1713 1587 non
1722 1554 1763 1588 ita
1770 1566 1838 1600 per-

1080 1603 1248 1639 fricuerunt
1260 1602 1396 1638 frontem
1405 1627 1415 1643 ‚
1429 1603 1504 1651 quin
1516 1602 1576 1637 hos
1587 1602 1689 1637 multo
1704 1601 1837 1638 craffiffi-

1081 1667 1150 1688 mos
1170 1666 1289 1689 errores
1312 1652 1524 1701 profiteantur.
1564 1652 1778 1687 Nihilominus
1798 1653 1836 1688 ad

1080 1704 1161 1738 hunc
1179 1703 1262 1738 diem
1274 1716 1340 1737 non
1358 1703 1422 1738 vult
1444 1699 1588 1737 Pontifex
1603 1702 1766 1737 Romanus
1778 1714 1835 1737 eos

1080 1753 1251 1793 emendare,
1265 1766 1304 1788 ne
1317 1754 1348 1787 in
1361 1753 1466 1800 aliquo
1478 1751 1615 1787 videatur
1629 1764 1727 1787 errare
1739 1751 1834 1799 posse.

1079 1806 1160 1839 Mira
1176 1802 1349 1851 perversitas
1367 1806 1399 1837 &
1418 1801 1574 1849 palpabilis
1591 1802 1744 1836 dementia
1756 1814 1833 1835 con-

1077 1853 1168 1889 feffos
1199 1865 1319 1888 errores
1341 1850 1438 1900 specie
1467 1851 1689 1885 inerrabilitatis
1712 1850 1832 1897 populo

1078 1902 1257 1940 Christiano
1275 1903 1306 1936 in
1319 1900 1386 1949 ipso
1401 1901 1484 1935 cultu
1496 1900 1601 1934 divino
1620 1899 1786 1934 obtrudere
1799 1904 1832 1935 &

1078 1953 1241 2002 quotannis
1257 1951 1380 2000 publice
1394 1951 1567 1998 praelegere.

1126 2007 1206 2052 Qae
1218 2014 1276 2050 pro
1289 1999 1442 2048 desperata
1454 1999 1509 2033 hac
1522 1998 1709 2046 perversitate
1721 1998 1834 2033 tuenda

1077 2049 1260 2092 afferuntur,
1279 2051 1379 2086 videre
1394 2049 1438 2084 est
1451 2049 1529 2096 apud
1543 2049 1712 2082 Batonium
1727 2048 1758 2081 iu
1777 2046 1833 2080 suis

1076 2101 1112 2135 ad
1126 2101 1390 2149 Martyrologium
1403 2100 1502 2136 notis,
1522 2097 1571 2131 die
1584 2096 1729 2131 vicefimo
1741 2098 1832 2141 quin-

1075 2162 1110 2185 to
1125 2151 1323 2186 Decembris.
1348 2149 1404 2182 Ait
1412 2146 1525 2194 primo,
1539 2147 1690 2178 incertum
1703 2156 1768 2191 quo
1779 2157 1832 2178 an-

1076 2212 1119 2232 no
1132 2199 1245 2233 Mundi
1258 2196 1396 2231 Christus
1411 2195 1446 2227 sit
1458 2205 1560 2232 natm,
1576 2196 1607 2227 &
1619 2193 1675 2226 hac
1687 2194 1725 2226 de
1739 2206 1770 2227 re
1783 2204 1831 2227 tot

1077 2246 1135 2279 effe
1142 2246 1301 2279 sententias
1315 2254 1393 2291 quot
1401 2243 1506 2289 capita.
1525 2240 1830 2288 Replica‚Diffensus

1076 2293 1120 2327 est
1133 2295 1212 2328 inter
1224 2294 1338 2327 doetos
1351 2294 1388 2326 de
1402 2292 1503 2338 paucis
1515 2290 1634 2324 tantum
1647 2292 1732 2324 annis
1745 2315 1754 2327 ,
1779 2291 1830 2326 sed

1076 2343 1154 2376 inter
1166 2355 1275 2376 omues
1289 2342 1413 2380 doctos,
1427 2340 1520 2374 etiam
1533 2338 1613 2387 ipsos
1621 2338 1749 2386 Jesuitas
1760 2353 1830 2387 per·

1074 2389 1172 2426 festus
1185 2392 1231 2425 est
1244 2388 1416 2429 consensus,
1428 2390 1551 2424 nemine
1564 2401 1656 2436 quem
1669 2390 1742 2423 novi
1750 2402 1829 2424 con-

1074 2441 1239 2475 tradicente
1251 2465 1260 2480 ,
1280 2440 1470 2474 additionem
1483 2451 1543 2485 prae
1556 2438 1696 2473 manibus
1709 2441 1827 2485 Marty-

1074 2491 1187 2537 rologii
1206 2503 1358 2525 annorum
1376 2489 1457 2523 mille
1471 2489 1676 2523 ducentorum
1689 2500 1827 2523 errorem

1073 2539 1130 2574 esse
1143 2539 1419 2587 splendidiffimum.

1131 2590 1273 2624 Secundo
1287 2589 1327 2622 ait
1339 2587 1509 2622 Cardinalis
1522 2587 1699 2620 Romanam
1713 2587 1826 2621 Eccle-

1072 2639 1142 2673 fiam
1164 2638 1248 2686 sequi
1265 2637 1316 2670 hic
1342 2650 1421 2671 Lxx.
1451 2639 1634 2683 Interprctes
1652 2648 1824 2684 eorumque

1071 2685 1307 2733 manuscriptum
1319 2686 1514 2725 Vaticanum,
1526 2686 1614 2733 quod
1625 2685 1669 2720 est
1682 2686 1822 2720 divinitus

1070 2735 1245 2783 inspiratum
1264 2740 1295 2770 &
1314 2735 1424 2769 divinae
1443 2736 1642 2769 auetoritatis.
1684 2734 1821 2779 Replica.

1069 2787 1221 2832 Scriptum
1234 2786 1328 2819 ullum
1341 2785 1508 2818 humanum
1521 2784 1557 2818 ad
1569 2783 1700 2817 divinam
1713 2782 1822 2815 aueto-

1070 2836 1189 2870 ritatem
1214 2833 1368 2870 sublevare
1393 2834 1601 2880 propinquum
1621 2829 1665 2863 est
1685 2828 1820 2877 blasphe-

1070 2885 1136 2917 miae
1149 2908 1160 2923 ,
1190 2888 1223 2918 &
1236 2885 1266 2916 in
1279 2882 1451 2917 Pontificiis
1469 2882 1531 2915 hoc
1542 2881 1616 2913 loco
1633 2879 1821 2913 dementiam

1069 2929 1163 2978 sapit3
1189 2944 1259 2964 nam
1271 2932 1314 2964 illi
1326 2930 1489 2964 secundum
1502 2928 1645 2974 placitum
1661 2929 1821 2962 Concilia-

1068 2979 1317 3014 buliTridentini
1331 2978 1392 3012 sola
1405 2979 1493 3012 latina
1501 2977 1600 3011 Biblia
1608 2977 1822 3012 authentica&

1067 3029 1164 3063 divina
1172 3029 1309 3068 credunt,
1316 3026 1381 3062 haec
1387 3039 1487 3061 autem
1495 3024 1657 3060 secundum
1666 3026 1820 3061 Hebraeos

1066 3076 1168 3112 fontes
1182 3079 1266 3112 reste
1284 3089 1304 3110 L
1313 3089 1366 3110 xx.
1384 3079 1586 3123 Interpretum
1599 3074 1674 3110 falsae
1687 3075 1820 3109 additio-

1066 3128 1097 3160 ni
1109 3139 1259 3161 annorum
1273 3125 1356 3172 supra
1369 3125 1451 3159 mille
1464 3126 1650 3173 quingentos
1663 3124 1818 3159 contradi-

1065 3186 1136 3211 cunt
1149 3174 1260 3224 aperte.
1305 3175 1495 3226 chnque
1507 3187 1582 3222 ergo
1596 3187 1632 3209 ex
1645 3171 1816 3209 Pontificiis

1696 3231 1813 3255 utrum-

1855 717 1912 734 cum
1919 709 1967 736 ard

1854 749 1943 775 mundi
1950 758 2007 776 ma-

1082 826 1124 846 no
1146 816 1280 861 Gregorii
1292 816 1358 847 Xll
1368 818 1388 847 Ι.
1414 812 1490 857 jussu
1504 815 1605 854 edito,
1628 827 1699 849 cum
1712 816 1837 862 prolixis
1851 797 1995 862 {3223}

1083 861 1254 896 Cardinalis
1272 864 1394 895 Baroniz'
1407 864 1635 897 commentariis
1648 864 1684 898 ad
1697 865 1778 899 diem
1791 865 1838 899 vi·
1855 877 1920 896 rum.

1851 2001 1954 2027 Baronii
1959 2000 2003 2027 rass

1849 2041 1926 2066 tiones
1941 2048 1992 2067 va·-
