2048 3343
459 102 1221 143 ETCHRoNoLocch
1282 97 1515 138 Lra.II.
1721 101 1761 149 85

202 176 241 210 tis
255 183 412 209 remanete
425 174 544 220 potuit,
567 172 660 221 usque
674 173 710 207 ad
723 171 851 217 sequens
863 181 962 203 mane.
997 169 1075 204 vcro
1106 169 1177 204 licet
1200 169 1300 217 Judaei
1324 169 1535 217 profaniffimo
1566 169 1659 205 essent
1685 183 1757 205 cor-

200 223 330 258 Deinde
347 223 411 256 dies
429 221 593 257 artificialis
612 222 683 270 post
701 219 811 256 Pascha
823 217 882 251 fuit
898 218 960 263 pri-
996 219 1034 252 de
1046 243 1057 259 ‚
1086 218 1181 266 usque
1204 218 1283 252 adeo
1302 228 1404 253 tamen
1422 221 1454 253 in
1473 220 1604 254 externis
1628 221 1755 268 religio-

948 265 958 275 “
996 265 1042 301 sos
1060 268 1213 316 agebant„
1244 277 1279 301 ut
1296 279 1335 301 ne
1351 269 1477 302 minima
1489 293 1499 308 ,
1528 281 1595 316 quae
1615 269 1674 305 ulla
1688 269 1753 316 spc-

200 285 269 306 mus
293 283 489 318 azymorum,
514 272 779 318 decimusquintus
806 266 918 304 Nisam
944 279 960 298 a

201 322 250 355 die
264 319 412 356 Paschatis
432 321 631 354 antecedente
647 320 884 363 decimoquarto
896 314 959 347 Ni·
994 316 1040 370 cie
1052 317 1136 350 diem
1147 315 1260 351 sacrum
1274 317 1482 352 contaminare
1494 317 1686 358 videbantur,
1699 318 1754 352 ad-

992 375 1161 399 mitterent.

202 368 250 405 san
268 368 427 404 manifeste
442 368 615 403 distinetus.
863 388 866 390 v

254 419 400 453 Tertium
413 428 627 465 argumentum
640 428 675 450 ex
685 418 775 464 Joan.
792 424 842 458 14.
854 412 893 452 ψ.
907 423 955 456 14.
1042 413 1197 462 Qintum
1205 423 1418 461 argumentum
1426 415 1557 461 exJoan.
1566 428 1611 458 19.
1621 428 1659 462 3¹·
1672 416 1748 450 Sab-
1820 437 1841 462 5·

202 467 345 504 Christus
364 477 503 501 mortuus
527 466 571 501 est
589 467 620 500 in
641 469 796 507 mayaco?
811 461 958 496 Paschatis
991 460 1098 496 batum
1116 460 1187 510 post
1200 461 1317 496 Christi
1336 474 1470 497 mortem
1483 464 1593 498 dicitur
1609 466 1667 499 dus
1680 478 1747 499 ma-
1762 466 1840 504 „62ou
1851 465 1910 502 με.

987 523 1073 558 gnus,
1086 510 1299 546 denominatio
1312 511 1376 545 haec
1387 524 1452 546 non
1460 513 1558 547 oritur
1565 513 1673 561 exipse»
1682 515 1747 549 sab-
1762 508 1849 536 ‘mmm
1864 515 1917 532 '⁷¹¹¹‘

203 517 394 563 Iudaeorum:
414 516 501 563 Ergo
514 514 598 550 suum
611 513 720 550 Pascha
733 510 897 546 celebravit
911 511 957 544 in·
1798 557 1804 563 .

198 561 295 614 'tegro
313 566 362 601 die
383 570 414 600 δι
432 565 529 599 nocte
547 577 616 600 ante
634 561 742 599 Pascha
755 561 935 609 juclaeotum
947 583 957 599 ,
994 561 1086 601 bato,
1111 573 1182 595 nam
1195 559 1234 595 fic
1245 561 1333 594 omni
1347 558 1472 595 sabbato
1485 573 1687 609 competeret,
1702 562 1751 599 scd
1762 556 1848 585 ΨΜ·

204 615 291 663 quod
304 615 419 661 semper
435 620 604 657 ⁷:223oeme
623 612 782 660 sequutum
803 609 856 644 est.
892 609 959 643 Re-

205 665 355 712 spondent
373 674 434 697 tres
451 664 630 698 cardinales
647 660 756 697 Pascha
773 659 887 693 nullam
904 657 959 691 ha-

205 713 298 749 buifl‘e
312 718 482 756 meqcxaabx)
497 716 546 747 sed
556 715 726 755 πῦον-καφ)
738 720 866 744 omnem
874 705 959 740 fuisse

205 763 337 804 sabbati,
357 762 497 807 adeoque
511 760 670 794 Christum
685 769 843 792 mortuum
857 755 914 791 effe
927 756 958 790 in

206 824 356 857 mammam
376 809 488 844 sabbati
503 834 513 849 ,
537 809 586 843 sed
599 822 665 843 non
678 806 826 844 Paschatis
839 831 849 846 ‚
871 805 959 853 quod

205 862 318 896 nullam
337 854 444 894 habuit
462 864 649 900 magau-mah&
677 863 839 900 megaram
857 867 959 889 tamen

207 909 322 945 sabbati
332 910 445 944 dietam
459 905 543 941 fuiffe
551 904 709 945 Paschatis‚
717 905 789 952 quia
801 905 958 939 sabbatum

208 974 248 995 eo
261 972 342 994 anno
354 957 506 993 incidebat
520 956 551 989 in
561 952 725 989 secundum
739 957 936 1002 Azymorum
951 977 959 990 ‚

208 1011 261 1058 qui
276 1007 332 1043 fuit
345 1003 579 1042 decimussextus
593 1002 702 1043 Nisan,
723 1008 753 1039 &
769 1004 876 1037 tertius
893 1003 957 1037 dies

207 1057 368 1094 Paschatis.
399 1056 534 1104 Replico
552 1066 574 1088 1.
593 1051 696 1087 falsum
709 1051 766 1087 effe
779 1053 895 1087 nullum
912 1051 955 1086 fe-

208 1108 288 1143 stum
304 1107 486 1155 Judaeorum
504 1114 616 1151 praetcr
640 1101 797 1136 sabbatum
824 1100 958 1136 habuisse

208 1156 387 1195 παρςισκοωῖνι
407 1154 594 1189 contrarium
615 1151 799 1196 Caufizbonm
817 1161 865 1185 tot
883 1151 959 1184 locis

209 1205 356 1240 Talmudi
370 1210 400 1241 &
414 1203 633 1239 Rabbinorum
647 1199 850 1237 demonstrat,
864 1211 896 1233 ut
907 1201 959 1247 Je-

210 1256 282 1289 suita
294 1257 438 1287 Petamus
456 1251 555 1287 multo
569 1251 602 1284 in
614 1249 677 1284 istis
689 1249 834 1283 omnibus
848 1249 957 1283 Cardi-

208 1304 328 1338 nalibus
341 1304 467 1338 doetior
478 1300 581 1350 aperte
593 1300 644 1334 det
655 1310 761 1333 manus
779 1303 810 1333 &
827 1299 919 1332 nobis
932 1297 959 1332 se

208 1356 326 1401 jungat;
341 1353 454 1387 &vero
462 1354 529 1399 quis
537 1349 643 1383 audeat
650 1361 758 1396 negare
765 1347 873 1383 Pascha
881 1347 961 1382 suam

207 1401 342 1437 habuisse
361 1401 525 1439 περισκοὺὴν
539 1411 610 1433 cum
623 1397 734 1445 absque
754 1400 842 1432 omni
855 1397 962 1432 distin-

209 1453 314 1486 &ione
328 1449 542 1485 formalissimis
551 1447 652 1483 verbis
665 1447 787 1495 Joasmes
796 1448 868 1481 illud
881 1445 960 1481 affir-

209 1505 293 1536 met?
306 1497 459 1535 Secundo.
483 1496 599 1532 Falsum
612 1496 655 1531 est
664 1495 819 1532 {abbatum
833 1497 893 1532 dici
907 1500 963 1531 Pa-

209 1551 277 1585 scha
289 1549 375 1597 quod
387 1549 480 1582 tertio
493 1547 542 1580 die
558 1544 706 1581 Paschatis
716 1560 754 1581 eo
762 1559 843 1581 anno
856 1546 961 1581 extite-

210 1602 272 1639 rit,
298 1611 368 1633 nam
387 1598 457 1631 licet
471 1594 618 1630 fateamur
631 1606 733 1630 totum
748 1595 859 1631 festum
879 1599 961 1644 Azy-

209 1661 334 1685 morum
346 1650 363 1688 ,’
378 1645 492 1695 septem
505 1656 556 1680 aut
567 1647 646 1681 octo
659 1645 776 1681 dierum
790 1646 891 1681 vocari
906 1650 963 1682 Pa-

211 1699 279 1735 scha
290 1723 299 1736 ‚
325 1710 428 1733 tamen
448 1708 559 1731 omues
574 1697 644 1731 illos
657 1694 773 1744 septem
786 1697 849 1731 dies
862 1701 893 1732 &
906 1709 959 1731 eo-

208 1763 277 1784 rum
291 1759 543 1795 unumquemque
555 1746 571 1781 a
586 1747 687 1792 primo
700 1748 736 1781 ad
749 1748 891 1781 ultimum
905 1759 959 1781 vo-

208 1801 269 1834 cari
284 1797 408 1837 Pascha,
422 1810 486 1830 non
502 1796 603 1843 potest
616 1796 739 1843 probari
749 1797 811 1831 ullo
825 1796 960 1844 Scriptu-

207 1862 247 1883 rae
260 1850 342 1882 loco.
369 1846 493 1881 Tertio.
520 1847 579 1880 His
593 1847 741 1881 omnibus
754 1846 866 1882 omiffis
879 1856 961 1881 tenet

205 1898 346 1933 nostrum
356 1907 580 1945 argumentum,
594 1909 665 1930 nam
677 1896 791 1932 Pascha
803 1895 960 1931 Christia-

208 1961 252 1982 no
263 1949 311 1982 die
324 1946 475 1981 anteceffit
489 1945 670 1980 etiamillam
682 1946 844 1985 παρισκόϋῆν
856 1944 961 1982 sabba-

207 1998 231 2031 ti
245 1999 275 2031 in
289 1999 350 2044 qua
363 1996 406 2030 est
421 1994 593 2030 crucifixus.

257 2049 412 2096 Qartum
421 2048 665 2092 argumentumS
672 2046 678 2078 i
685 2045 782 2092 Judaei
791 2058 860 2080 cum
869 2045 963 2080 Chri-

208 2095 257 2130 sto
270 2094 363 2129 Nilan
377 2096 612 2142 decimoquarto
625 2094 689 2129 past
697 2095 734 2129 ha
747 2095 962 2136 comedissent,

208 2157 275 2180 tum
288 2145 550 2192 decimusquintus
563 2142 688 2192 sequens
702 2144 813 2179 scilicet
821 2143 894 2179 feria
902 2143 964 2179 sex-

209 2206 249 2233 ta,
258 2193 306 2229 seu
318 2194 382 2229 dies
395 2195 516 2227 veneris
527 2194 560 2227 in
570 2206 635 2241 quo
644 2194 804 2229 Dominus
818 2194 861 2229 est
869 2195 964 2229 cruci-

210 2243 302 2284 fixus,
330 2241 428 2278 fuisset
437 2243 550 2291 Judaeis
569 2244 685 2288 primus
700 2246 893 2288 Azymorum
914 2245 966 2278 ad-

209 2306 311 2340 eoque
325 2291 458 2331 sanetus,
482 2293 514 2324 in
526 2304 591 2338 quo
605 2292 675 2326 licet
687 2293 865 2338 praeparatio
877 2292 968 2326 cibo-

211 2354 278 2375 rum
292 2340 362 2374 effet
376 2341 474 2380 licita,
504 2340 609 2371 omnia
619 2350 722 2372 tamen
741 2353 836 2386 opera
855 2340 968 2375 servilia

211 2402 295 2425 erant
308 2390 425 2423 illicita:
445 2388 542 2434 Atqui
556 2387 619 2420 dies
632 2388 681 2421 ille
689 2388 819 2422 Veneris
833 2400 898 2422 non
911 2388 968 2422 fuit

211 2440 290 2476 talis,
305 2437 354 2473 sed
367 2437 498 2472 omnino
507 2433 678 2483 profestus,
694 2438 724 2470 in
737 2437 967 2484 qquudaeipu-

212 2487 293 2523 blice
311 2487 450 2535 capitales
469 2486 599 2534 agebant
624 2484 721 2520 causas
740 2509 749 2525 ,
781 2484 969 2520 fabricabant

213 2551 334 2577 cruces,
354 2538 513 2571 damnatos
526 2533 921 2580 necabant&sepeliebant‚
942 2537 968 2570 i-

213 2588 268 2622 mo
281 2585 417 2635 ipsorum
430 2584 680 2633 religiofiffimiac
687 2582 857 2620 sanetiffimi
866 2585 968 2620 sindo-

213 2650 285 2671 nem
298 2649 330 2670 ac
344 2646 478 2670 aromata
492 2634 651 2674 emebant,
674 2635 842 2682 omniaque
855 2647 966 2682 procu-

214 2687 319 2720 rabant
335 2697 400 2733 quae
421 2684 456 2718 ad
469 2695 665 2718 mortuorum
679 2682 859 2731 sepulturam
875 2682 967 2720 facie-

214 2736 287 2770 bant
297 2760 306 2775 ,
328 2735 343 2769 a
356 2734 465 2781 quibus
480 2732 580 2767 statim
594 2744 627 2768 ut
640 2731 681 2767 sol
693 2734 826 2774 occidit,
842 2734 967 2781 religio-

214 2798 253 2820 ne
266 2784 379 2818 sabbati
401 2782 625 2822 abstinuerunt,
648 2793 781 2829 totoque
800 2784 850 2817 die
864 2782 968 2817 san&o

214 2835 252 2869 ab
265 2835 300 2868 iis
314 2835 504 2881 quieverunt.
539 2830 740 2878 Respondent
753 2844 820 2878 quae
833 2832 870 2865 ad
883 2844 969 2866 mor-

215 2895 340 2917 tuorum
359 2881 540 2929 fipxilturam
552 2879 727 2927 spectabant
739 2905 748 2920 ‚
781 2878 866 2915 fuisse
877 2893 970 2928 opera

217 2931 368 2966 charitatis
393 2944 459 2978 quae
479 2931 542 2965 dies
559 2928 755 2964 fimetiffimus
774 2930 969 2964 admittebat:

218 2993 361 3028 praeterea
368 2982 493 3027 Judaeos
508 2980 586 3014 adeo
599 2978 746 3027 profanos
759 2976 858 3016 fuisse,
878 2990 911 3013 ut
924 2980 972 3014 vel

218 3030 332 3065 sabbati
347 3030 528 3077 religionem
541 3029 633 3063 flocci
646 3028 783 3063 fecerint.
821 3029 950 3074 Replica
963 3052 972 3068 ,

217 3091 312 3125 opera
323 3079 359 3113 ad
373 3077 550 3125 sepulturam
563 3077 727 3125 spectantia
735 3088 796 3112 tam
806 3076 891 3111 fuisse
899 3090 971 3124 pro-

219 3128 305 3167 fana,
324 3138 357 3161 ut
370 3127 408 3160 ab
423 3127 485 3161 istis
502 3126 647 3175 Ioftphus,
669 3133 700 3163 &
715 3127 821 3162 san&ae
833 3126 974 3161 mulieres

221 3189 292 3214 toto
311 3176 436 3212 sabbato
454 3176 603 3224 religione
621 3177 681 3213 diei
699 3176 918 3218 abstinuerint,
943 3180 974 3212 &

993 609 1031 643 ab
1045 611 1147 658 aliqua
1159 611 1273 657 magna
1285 608 1463 645 solennitate
1476 609 1602 646 sabbato
1615 613 1733 657 adjecta
1742 638 1752 652 ,

993 659 1025 692 in
1037 657 1118 693 festo
1126 663 1320 706 Azymorum
1332 659 1411 693 nulla
1423 670 1486 694 erat
1497 672 1606 708 magna
1620 660 1753 696 solenni-

994 718 1049 748 tas,
1059 709 1142 743 nulla
1154 707 1254 742 saneta
1266 709 1527 750 convocati0‚nis1
1541 711 1591 744 die
1603 712 1707 757 primo
1720 716 1753 746 &

994 758 1124 798 ultimo,
1148 758 1292 792 ultimum
1304 769 1407 792 autem
1426 771 1521 793 nemo
1538 760 1604 795 vult
1615 773 1656 794 eo
1670 773 1751 794 anno

994 806 1127 842 incidisse
1140 808 1172 841 in
1190 805 1346 842 sabbatum
1360 822 1369 848 ;
1396 809 1483 856 Ergo
1496 810 1612 856 primus
1627 808 1684 844 fuit
1697 811 1750 858 qui

993 868 1065 891 tunc
1078 857 1214 891 incidens
1227 858 1258 891 in
1278 855 1436 892 sabbatum
1449 859 1476 891 ei
1489 860 1591 907 magni
1605 859 1665 893 diei
1678 860 1751 894 titu-

993 906 1056 940 lum
1070 904 1242 953 acquifivit3
1269 910 1301 941 δε
1324 907 1400 942 νει-ὸ
1424 908 1539 953 primus
1555 910 1748 955 Azymorum

991 967 1078 990 verus
1090 953 1148 988 fuit
1155 955 1204 988 die
1213 955 1400 1002 praecedente
1413 955 1525 991 scilicet
1532 958 1748 1007 decimoquin-

991 1015 1027 1038 to
1039 1002 1150 1043 Nisan‚
1169 1017 1234 1052 quo
1248 1003 1390 1047 Christus
1403 1004 1472 1051 post
1486 1007 1580 1053 legale
1594 1005 1677 1041 suum
1691 1011 1748 1042 Pa-

992 1053 1059 1088 scha
1072 1052 1166 1100 passus
1179 1052 1223 1087 est
1235 1068 1245 1094 ς
1275 1050 1324 1087 sed
1337 1054 1452 1100 primus
1466 1055 1515 1088 ille
1527 1058 1723 1103 Azymorum
1736 1082 1747 1097 ,

993 1104 1046 1151 qui
1069 1101 1226 1137 sabbatum
1244 1103 1276 1135 in
1297 1115 1362 1150 quo
1379 1102 1520 1138 Christus
1534 1104 1565 1138 in
1587 1104 1747 1153 sepulchro

992 1152 1099 1186 cubuit
1117 1151 1219 1186 effecit
1242 1151 1324 1186 diem
1341 1165 1487 1200 magnum
1501 1177 1511 1193 ,
1539 1151 1595 1188 fuit
1611 1155 1663 1189 etsi
1682 1168 1748 1190 non

991 1214 1078 1237 verus
1096 1225 1106 1241 ‚
1139 1201 1320 1248 Judaeorum
1345 1211 1447 1236 tamen
1472 1204 1588 1249 primus
1609 1207 1749 1251 Azymo-

992 1264 1060 1285 rum
1073 1275 1083 1289 ‚
1109 1262 1203 1298 quem
1221 1250 1264 1283 illi
1276 1274 1287 1289 ,
1317 1262 1355 1284 ne
1368 1250 1434 1285 duae
1452 1264 1569 1299 magna:
1585 1251 1750 1289 solennita-

992 1312 1037 1334 tes
1050 1298 1078 1334 se
1091 1299 1242 1333 continuo
1255 1299 1462 1346 sequerentur,
1476 1314 1512 1335 ex
1525 1302 1661 1347 Synedrii
1674 1317 1752 1350 prae-

996 1349 1107 1396 scripto
1121 1349 1152 1382 in
1164 1347 1321 1382 sabbatum
1333 1350 1563 1391 transtulerunt,
1585 1363 1618 1387 ut
1633 1352 1672 1387 sic
1685 1352 1751 1387 sab-

995 1399 1100 1433 batum
1119 1397 1180 1432 hoc
1199 1397 1257 1432 alia
1273 1399 1406 1434 maxima
1428 1397 1606 1435 solennitate
1625 1403 1751 1437 austum

995 1447 1107 1483 merito
1125 1447 1184 1481 dies
1198 1459 1322 1495 magnus
1343 1447 1504 1484 diceretur.
1547 1449 1751 1498 Respondent

995 1510 1054 1533 tres
1070 1498 1266 1536 cardinales,
1292 1496 1411 1532 dietum
1428 1499 1502 1533 illud
1515 1497 1671 1535 sabbatum
1685 1514 1751 1535 ma-

995 1560 1091 1596 gnum
1109 1547 1154 1581 ob
1173 1545 1353 1581 concursum
1369 1549 1449 1581 tertii
1463 1549 1524 1584 diei
1538 1548 1684 1584 Paschatis
1702 1549 1751 1584 seu

996 1597 1116 1633 secundi
1130 1599 1322 1643 Azymorum
1335 1609 1406 1631 cum
1419 1596 1543 1632 sabbato
1558 1613 1567 1639 ;
1580 1599 1752 1634 transsatio-

995 1660 1066 1682 nem
1074 1657 1174 1681 autem
1184 1644 1326 1680 feriarum
1339 1644 1472 1682 fabulam
1479 1647 1537 1682 esse
1544 1649 1651 1683 diebus
1660 1649 1754 1684 chri-

996 1697 1044 1737 sti,
1060 1701 1091 1732 &
1105 1697 1179 1731 dum
1192 1694 1281 1730 staret
1293 1693 1457 1732 secundum
1470 1698 1621 1746 templum
1634 1698 1754 1734 inaudi-

995 1759 1068 1782 tam.
1085 1747 1226 1794 Replica,
1240 1745 1305 1780 dies
1318 1748 1512 1793 Azymorum
1526 1749 1604 1783 inter
1616 1749 1753 1796 primum

998 1801 1028 1832 &
1040 1796 1182 1830 ultimum
1195 1808 1260 1831 non
1273 1807 1357 1830 erant
1364 1794 1513 1838 solennes,
1523 1799 1753 1847 necquicquam

997 1845 1218 1894 magnitudinis
1238 1845 1388 1881 addebant
1412 1845 1549 1883 ssbbato.
1595 1849 1695 1899 Qod
1715 1847 1753 1882 ad

997 1895 1226 1932 transsationem
1240 1893 1384 1930 feriarum
1401 1897 1507 1931 attinet
1516 1922 1525 1937 ‚
1545 1910 1613 1932 eam
1625 1910 1687 1932 tam
1701 1897 1754 1931 fir-

999 1948 1089 1981 miter
1100 1944 1288 1981 demonsttat
1299 1947 1420 1979 “Paulus
1433 1948 1589 1996 Bnrgenfis,
1605 1952 1635 1983 &
1648 1958 1696 1982 tot
1707 1957 1756 1981 te-

998 1996 1150 2031 stimoniis
1163 1996 1361 2042 antiquorum
1375 1996 1596 2031 Rabbinorum
1611 1995 1758 2041 Caufiabo-

999 2059 1054 2080 nm
1066 2046 1178 2094 aliique
1190 2043 1390 2084 confirmant,
1412 2056 1445 2079 ut
1457 2043 1517 2092 ipse
1530 2049 1674 2079 Petavius
1690 2058 1758 2079 eam

1000 2095 1209 2143 amplthatur.
1234 2095 1312 2128 Non
1324 2095 1469 2145 equidem
1482 2095 1624 2129 existimo
1636 2094 1760 2129 transsa-

1001 2147 1125 2180 tionem
1141 2140 1229 2178 istam
1247 2144 1391 2178 feriarum
1406 2142 1492 2178 fuisse
1510 2144 1641 2179 divinam
1654 2169 1664 2184 ,
1690 2145 1761 2179 licet

1002 2195 1066 2229 hoc
1079 2193 1188 2230 diserte
1200 2192 1330 2228 affirmet
1343 2193 1414 2228 curn
1423 2192 1574 2238 (bivinus,
1586 2205 1652 2228 tum
1665 2197 1761 2229 Beza.

1003 2245 1086 2278 Nam
1101 2243 1121 2277 fi
1135 2241 1234 2277 fuiffet
1247 2243 1346 2277 divina
1358 2267 1368 2282 ‚
1394 2255 1448 2276 cur
1460 2255 1525 2276 non
1539 2255 1606 2277 eam
1620 2242 1763 2277 Christus

1003 2290 1146 2339 sequutus
1160 2291 1203 2325 est
1218 2295 1231 2324 ?
1256 2292 1298 2325 Et
1311 2302 1413 2326 tamen
1426 2304 1491 2325 non
1503 2293 1607 2339 probo
1624 2292 1764 2327 Ludow'-

1004 2353 1074 2373 cum
1086 2341 1121 2374 ale
1133 2342 1233 2380 Dteu,
1242 2353 1298 2378 nes:
1310 2342 1375 2384 ejus
1388 2342 1549 2375 auftorem
1562 2344 1702 2375 Ioannem
1711 2340 1764 2385 Cb-

1005 2389 1095 2422 chum
1105 2413 1115 2428 ‚
1143 2389 1197 2436 qui
1215 2400 1322 2422 contra
1337 2389 1544 2422 Doctiffimos
1559 2389 1630 2423 cuin
1643 2388 1763 2423 Refor-

1006 2448 1160 2472 matorum
1168 2436 1421 2484 tumJesuitarum
1429 2437 1507 2472 hanc
1515 2436 1657 2473 feriarum
1665 2449 1762 2473 trans-

1005 2488 1152 2522 lationem
1168 2497 1276 2534 negat:
1291 2487 1373 2523 certe
1385 2486 1448 2521 fine
1461 2490 1497 2524 ea
1510 2485 1549 2521 sat
1562 2486 1763 2522 reetedefen-

1006 2537 1086 2570 ditur
1098 2537 1185 2570 tertia
1199 2534 1304 2569 nostra
1322 2535 1481 2575 sententia,
1508 2549 1575 2584 quae
1587 2536 1704 2571 tantum
1717 2537 1763 2571 af-

1005 2586 1107 2620 firmat
1118 2598 1201 2624 rem,
1227 2584 1314 2632 quod
1327 2584 1467 2619 Christus
1480 2583 1564 2620 suum
1580 2585 1688 2620 Pascha
1701 2587 1762 2634 pri-

1005 2636 1055 2670 die
1069 2633 1162 2683 quam
1176 2634 1376 2682 caeteriJudaei
1390 2647 1500 2669 eorum
1507 2633 1613 2670 Pascha
1625 2636 1764 2671 celebra-

1006 2685 1044 2719 rit
1052 2708 1062 2724 ‚
1090 2696 1155 2718 non
1167 2695 1268 2718 autem
1282 2696 1377 2718 unum
1390 2685 1523 2730 aliquem
1538 2684 1622 2718 istius
1635 2686 1678 2719 rei
1690 2698 1763 2720 mo-

1005 2734 1097 2774 dum,
1112 2732 1165 2768 etsi
1177 2733 1288 2767 modus
1301 2733 1351 2768 hic
1364 2733 1565 2768 transsationis
1579 2735 1666 2769 unius
1678 2733 1761 2770 feriae

1005 2785 1037 2818 in
1050 2783 1156 2823 aliam,
1177 2784 1323 2818 nimirum
1337 2782 1485 2818 Paschatis
1499 2784 1530 2817 in
1546 2782 1700 2819 sabbatum
1717 2786 1761 2819 vi-

1006 2833 1110 2867 deatur
1129 2833 1300 2877 expeditior
1315 2833 1375 2867 alio
1395 2835 1505 2879 quovis
1518 2857 1527 2872 ,
1554 2845 1647 2880 quem
1665 2834 1762 2869 adhuc

1006 2882 1109 2916 videre
1119 2880 1196 2915 mihi
1208 2883 1355 2930 contigit.
1368 2883 1463 2918 Certe
1477 2882 1588 2916 modus
1602 2895 1695 2930 quem
1707 2887 1763 2917 Pe-

1006 2934 1109 2964 tavius
1124 2930 1143 2963 a*
1154 2931 1307 2964 Ludovico
1320 2931 1353 2964 de
1367 2934 1454 2964 Dim
1475 2931 1608 2966 didicisse
1620 2933 1739 2968 videtur
1752 2958 1761 2973 ,

1007 2980 1107 3014 multo
1121 2980 1165 3014 est
1182 2981 1360 3028 impeditior
1373 3005 1383 3020 ,
1409 2979 1519 3015 scilicet
1535 2994 1574 3015 eo
1590 2994 1671 3015 anno
1685 2983 1764 3017 inci-

1007 3029 1078 3064 diffe
1087 3028 1195 3063 Pascha
1208 3031 1239 3063 in
1251 3028 1408 3064 sabbatum
1417 3043 1452 3063 ex
1462 3031 1660 3065 Sacerdotum
1673 3033 1763 3080 igno-

1009 3077 1103 3112 rantifi
1116 3102 1126 3118 ,
1152 3082 1182 3112 &
1201 3080 1316 3113 incerta
1333 3079 1578 3114 Noviluniorum
1594 3081 1741 3116 calatione
1753 3108 1762 3121 ‚

1010 3127 1120 3161 modus
1134 3127 1254 3162 hicnon
1262 3128 1437 3175 probatura
1449 3131 1573 3163 petavio
1586 3129 1706 3165 idoneis
1720 3144 1765 3165 ar-

989 3212 997 3234 ³
1010 3177 1165 3225 gumentis
1173 3200 1182 3215 ‚
1199 3181 1230 3213 δε
1243 3177 1317 3215 vero
1331 3188 1391 3211 tam
1400 3178 1545 3213 incertam
1554 3183 1584 3214 ὃ(
1593 3182 1764 3227 perplexam

1341 3227 1428 3272 [ΛΞ

1628 3231 1768 3264 omnium
