2048 3343
91 929 212 959 Similiter

91 971 122 998 ab
140 973 209 1000 „Au-

92 1011 201 1041 aufbino.

580 61 897 99 OPERIS

247 148 330 172 nunt
347 136 468 170 circum
486 131 568 167 circa
587 130 799 167 centesimum
822 154 832 167 ,
858 140 994 177 oportet

245 185 305 219 effe
314 185 443 220 falsatos
452 200 462 223 ,-
471 183 606 217 Graecos
615 191 722 215 autem
734 203 744 217 ‚
765 181 820 228 qui
831 179 998 227 ponebant

245 246 361 282 praeter
372 243 500 281 propter
515 232 548 265 in
563 229 784 265 ducentesimo
796 251 804 265 ,
818 231 851 263 in
864 229 927 263 hoc
939 241 997 263 an-

245 296 366 317 norum
382 293 520 317 numero
539 290 672 329 oportet
684 277 741 313 ess'e
752 278 889 313 sinceros
900 282 933 313 &
945 279 997 312 in-

248 343 371 379 tegros.

295 380 392 429 Resp.
420 377 633 426 Consequens
650 376 714 412 hoc
732 375 841 412 multo
855 375 999 426 graviffi-

244 443 338 466 mum
374 430 437 463 niti
469 428 582 463 debuit
617 426 824 461 antecedenti
842 425 1001 474 perquam

245 481 351 528 gravi:
368 492 409 514 ne
422 489 518 526 grave
531 476 658 524 pondus
675 476 865 523 impositum
884 477 947 511 levi
970 480 1001 509 δε

245 527 394 564 ficulneo
407 528 536 562 tibicini
546 525 650 560 statim
664 536 733 560 ruat
745 551 756 566 ,
768 530 799 560 &
812 523 1001 570 confringa-

247 589 322 614 tur:
343 577 441 626 quam
454 588 563 611 autern
574 576 644 611 leve
656 579 685 610 δέ
696 573 810 609 falsum
821 574 857 608 sit
868 583 1000 607 antece-

247 628 327 663 dens
344 640 406 675 prae
419 625 590 666 manibus,
613 626 687 672 quis
707 622 809 671 potest
823 619 884 655 esse
895 623 1001 669 magis

248 677 389 712 idoneus
404 675 504 722 judex
516 699 526 713 ‚
546 673 645 723 quam
663 674 786 708 Brianm
804 669 976 706 VValtonm
988 674 1004 704 ἕ

250 728 320 763 Hic
341 736 452 761 autem
469 725 598 772 Proleg.
611 722 743 770 pag.68.
770 719 809 754 de
825 719 888 754 hoc
900 722 1002 755 unico

249 775 341 820 Vossii
359 785 557 823 argumento
576 772 615 807 sic
626 771 836 818 pronunciat.
874 771 1004 813 Conje-

251 826 420 860 &uraeillae
443 823 584 869 (inquit)
605 832 693 855 vanae
711 819 783 854 sunt
800 843 811 858 ,
840 821 872 852 δε
886 831 954 866 quae
970 821 1005 852 in

249 872 396 908 hominis
407 872 473 906 sani
487 880 630 904 mentem
650 870 757 904 venire
775 868 827 904 vix
842 877 1004 914 poterant.

254 921 355 958 Certe
369 919 562 972 angustinus
574 919 631 952 ubi
649 916 755 965 supra,
775 927 1006 951 commentum

252 972 316 1007 hoc
327 969 453 1005 ascribit
467 967 658 1002 hominibus
670 965 912 1007 absurdissimis,
922 978 1007 1014 quos

251 1021 381 1070 egregie
392 1017 532 1056 refutat3
552 1016 585 1051 hi
609 1041 621 1057 ,
652 1015 740 1063 quod
753 1016 1009 1050 Patriarcharum

249 1070 494 1118 longaevitatem
506 1076 655 1114 putarent
667 1063 1012 1113 impoffibileni,com-

254 1121 360 1156 menti
371 1116 444 1152 sunt
457 1115 568 1163 Moftn'
585 1114 622 1149 de
636 1115 755 1149 talibus
776 1115 868 1149 annis
887 1115 1009 1161 loquu-
1030 1131 1032 1138 π

255 1180 328 1204 tum
340 1192 350 1209 ‚
364 1178 504 1214 quorum
516 1165 629 1200 decem
641 1177 743 1198 unum
755 1161 884 1198 tantum
897 1177 934 1198 ex
947 1176 1008 1197 uo-

256 1218 327 1254 stris
339 1215 494 1255 solaribus
511 1213 712 1249 conficerent
737 1226 745 1247 2
775 1226 814 1248 ne
830 1223 939 1247 autem
955 1225 1010 1260 per

255 1267 345 1302 hunc
361 1266 522 1300 calculum
542 1263 798 1298 Patriarcharum
817 1262 1009 1311 paedagonia

251 1316 414 1351 incideret
433 1316 466 1349 in
485 1326 607 1349 annum
619 1315 721 1348 aetatis
742 1314 893 1359 quintum
907 1336 917 1348 ‚
942 1311 1008 1345 sex-

255 1377 342 1407 tum,
354 1375 410 1399 aut
419 1364 592 1412 septimum
601 1389 610 1403 ‚
624 1363 718 1397 annis
730 1361 867 1409 Mosaicis
879 1360 1009 1395 addide-

255 1426 337 1451 runt
346 1425 481 1449 centum
494 1437 503 1453 ‚
520 1425 662 1460 quorum
673 1411 876 1446 adminiculo
889 1410 1007 1458 puber-

256 1476 358 1499 tatem
371 1489 379 1501 ,
401 1468 433 1497 &
453 1462 678 1511 paedagoniam
699 1460 953 1496 Patriarcharum
969 1459 1007 1493 ad

255 1525 382 1549 annum
395 1511 752 1558 decimumseptimum,
763 1520 816 1544 aut
828 1509 1008 1544 decimum-

256 1562 384 1598 sextum
397 1562 618 1596 extenderent.
658 1558 804 1594 Absurda
816 1557 880 1594 haec
894 1560 1008 1605 explo-

258 1612 307 1647 dit
326 1612 467 1660 August.
493 1610 560 1657 ipse
581 1608 657 1643 vero
684 1620 787 1643 annos
807 1606 1008 1656 paedagonias

255 1672 466 1708 nequaquam
490 1658 529 1693 ad
550 1657 754 1705 pubertatem
772 1656 879 1693 refert.
915 1658 1009 1705 Qid

257 1712 347 1745 euim
358 1710 422 1743 hoc
434 1705 571 1743 monstri
588 1705 662 1742 effet
683 1718 795 1742 contra
814 1718 963 1742 naturam
976 1709 1009 1742 in

259 1760 372 1807 primis
382 1759 491 1792 seculis
503 1781 512 1798 ,
532 1770 608 1791 cum
627 1757 769 1791 maxime
783 1758 926 1804 vigerent
938 1770 1011 1792 cor-

258 1807 489 1855 porabumana
506 1830 514 1845 ‚
544 1805 749 1853 pubertatem
759 1805 798 1840 ad
807 1819 930 1841 annum
950 1807 1012 1841 du-

260 1856 475 1892 centesimum
487 1853 604 1889 differri
617 1863 626 1888 ἓ
641 1855 863 1891 Demonstrat.
876 1856 1013 1902 August.

260 1905 534 1941 Adamnmstatim
551 1903 567 1939 a
588 1907 749 1939 creatione
768 1904 839 1938 satis
858 1905 896 1938 ad
910 1905 1012 1951 paeda-

260 1957 394 2003 goniam
405 1966 515 2002 aptum
526 1978 537 1994 ‚
554 1955 728 2001 multoque
743 1964 816 1988 ante
828 1965 942 1988 natum
955 1958 1012 1988 Se-

261 2001 344 2039 thum
352 2003 512 2052 gcnerfisse
523 2004 647 2037 Cainum
667 2008 698 2037 δέ
710 2001 839 2038 Abelem
851 2028 859 2040 ‚
881 2002 1011 2039 tantum

261 2066 372 2088 autem
392 2053 477 2088 abest
497 2063 531 2086 ut
551 2053 777 2100 generationes
800 2052 816 2086 ὲ
835 2055 923 2101 M⁰ft
943 2067 1010 2089 me·

261 2114 405 2137 moratas
415 2102 531 2137 referat
542 2103 580 2136 ad
590 2115 693 2137 annos
706 2102 933 2150 pubertatis‚ut
943 2117 1010 2138 non

263 2163 356 2198 putet
377 2151 582 2186 necefl'arium
611 2151 805 2185 patriarchas
824 2154 1011 2187 nominatos

261 2212 390 2247 patrum
402 2201 532 2235 suorum
544 2198 634 2234 fuiss‘e
648 2202 897 2247 primogenitos.
918 2214 945 2236 c.
954 2213 1010 2247 15.

263 2254 339 2285 Non
350 2246 397 2284 hZc
408 2249 804 2300 (inquit)primogenitifilii
813 2263 1015 2283 commemora·-

264 2299 367 2347 tifltnt
379 2324 388 2340 ‚
400 2300 459 2346 sed
476 2313 544 2347 quos
556 2299 728 2345 fitccessionis
739 2298 804 2332 ordo
810 2298 942 2346 poscebat
955 2324 966 2340 ,
981 2310 1012 2333 ue

259 2360 306 2395 pei
314 2349 462 2383 veniretur
471 2349 510 2382 ad
518 2350 591 2384 Noe
605 2372 614 2387 ,
624 2347 640 2381 αἶ
650 2361 702 2397 quo
713 2348 804 2392 rufinus
813 2349 853 2382 ad
862 2348 1012 2383 Abraha-

263 2410 356 2432 mum
377 2398 506 2433 videmus
517 2400 758 2445 effiperventum.
785 2396 881 2432 Certe
900 2400 933 2432 in
950 2411 1010 2444 pae-

260 2447 413 2495 dagoniis
433 2447 450 2483 a
469 2450 557 2496 lidoft
577 2449 717 2482 recitatis
728 2445 928 2481 observatam
941 2460 1010 2481 non

258 2495 317 2531 esse
327 2499 576 2544 proportionem
589 2496 764 2544 pubertatis
775 2496 812 2531 ad
825 2498 925 2531 vitam
937 2509 1012 2543 ‚ap-

258 2557 348 2592 paret
358 2559 395 2580 ex
409 2559 519 2581 earum
533 2546 650 2592 magna
668 2547 751 2580 inter
762 2545 791 2579 se
807 2547 1010 2593 inaequalita-

258 2606 312 2629 te.
353 2592 494 2629 Noachm
519 2597 608 2630 enim
632 2596 744 2642 genuit
769 2594 1011 2635 sexcentesimo,
1032 2603 1034 2616 ¹

259 2640 446 2679 Arabrilaleel
453 2643 647 2691 sexagesimo
658 2645 788 2690 quinto,
796 2641 922 2676 Lamech
934 2655 1012 2676 cen—

260 2693 378 2727 tesimo
404 2693 544 2729 secundo
572 2717 582 2732 2
615 2697 732 2726 Casum
758 2691 1011 2738 septuagesimo,

260 2741 364 2777 Enoch
398 2742 591 2791 sexagesimo
624 2743 743 2789 quinto
769 2765 779 2780 ‚
813 2738 1010 2786 Metlnfitlcm

262 2791 438 2826 centefimo
457 2790 658 2839 octogesimo
683 2788 825 2837 septimo
845 2804 857 2833 3
881 2792 959 2837 quin
977 2794 1010 2824 &

260 2841 450 2876 Patriarcbae
469 2840 538 2888 post
559 2841 730 2875 Diluvium
754 2863 763 2875 ‚
789 2841 844 2887 qui
861 2840 1010 2887 praedilu-

259 2891 430 2925 vianorum
453 2893 553 2925 vitam
578 2902 647 2924 non
672 2888 842 2936 aequabant
860 2888 896 2923 ad
914 2888 1010 2923 dimi·
1033 2910 1035 2930 ;

262 2939 353 2973 dium
373 2965 383 2980 ,
401 2938 469 2973 imo
481 2939 557 2987 saepe
567 2940 713 2988 quintam
724 2950 837 2972 eorum
857 2939 927 2973 vitm
938 2952 1011 2986 par-
1034 2950 1035 2956 ¹

263 2997 329 3021 tem
360 3002 427 3023 non
453 2990 657 3037 attingebant
682 3001 690 3022 z
726 2998 836 3022 tamen
864 2986 1008 3034 ipsorum

264 3036 460 3083 paedagoniae
481 3063 491 3078 ‚
525 3037 697 3072 {ecundum
733 3036 881 3070 codicem
916 3038 1011 3071 Grae-

267 3095 340 3117 cum
354 3110 362 3122 ,
378 3098 450 3119 cum
465 3087 622 3134 prioribus
640 3084 720 3132 pene
735 3099 824 3132 pares
837 3110 844 3122 ‚
862 3090 893 3120 ἃ
906 3099 1011 3134 aequa-

253 74 272 105 8

265 3133 310 3167 les
321 3145 492 3181 apparent,
512 3137 739 3184 plerorumque
758 3137 844 3172 cuim
866 3136 1016 3184 pa'tlago-
1036 3168 1037 3171 ,

1035 3175 1039 3220 1

958 52 1451 94 H1STOR1CI

1046 130 1107 213 rfiiae
1124 128 1167 164 ad
1184 141 1305 164 annum
1318 128 1526 166 centesimum
1542 130 1739 169 tricesimum
1751 132 1800 170 re-'

1063 189 1209 216 erunull‘·

1095 227 1300 263 Accedamus
1313 227 1351 262 ad
1361 227 1448 276 Isaim
1458 229 1674 266 auctoritates.
1709 234 1800 269 Prior
1819 232 1931 270 Iosephus

1047 277 1090 312 est
1100 277 1230 326 Josephi
1243 302 1253 318 ,
1269 279 1326 325 qui
1341 279 1375 312 in
1387 280 1588 328 genealogiis
1597 283 1797 318 Patriarcha-
1812 277 1958 352 Iftzssiojzon

1831 326 1846 343 a
1859 326 1920 343 rocl-

1819 365 1901 387 nutur-

1047 339 1119 362 rum
1131 339 1204 362 ante
1215 328 1387 362 Diluvium
1399 352 1407 365 ‚
1424 340 1526 363 annos
1538 329 1730 366 Graecorum
1747 332 1796 367 se—

1049 377 1157 423 quitur
1165 388 1233 412 non
1247 375 1458 412 Hebraeorum
1472 402 1482 419 ,
1499 392 1538 414 ex
1550 391 1616 426 quo
1629 381 1800 417 concludit

1049 428 1157 471 Ifitacus
1177 423 1290 473 Ioftpln'
1304 428 1512 473 temporibus
1532 428 1693 464 Hebraeos
1705 431 1800 466 codi-

1049 486 1099 508 ces
1111 474 1361 522 chronologiam
1378 474 1533 525 sequutos
1548 503 1558 518 ‚
1578 491 1645 513 non
1665 480 1801 516 moder-

1049 536 1168 559 norum
1179 524 1406 565 Hebraeorum,
1420 526 1472 561 sed
1483 527 1686 563 Graecorum.

1095 574 1193 621 Resp.
1211 584 1241 607 1.
1283 575 1316 608 Si
1341 575 1451 622 Joftphi
1476 578 1547 611 vult
1574 579 1685 625 Ifizacm
1719 578 1800 615 stare

1047 621 1215 658 sententiae
1232 647 1243 663 ,
1268 623 1338 670 ipso
1349 624 1531 660 confitente
1553 650 1562 663 ‚
1590 628 1682 662 cadet
1694 627 1802 670 causa,

1048 671 1163 708 saltem
1174 674 1210 707 in
1221 685 1338 721 magna
1349 674 1415 708 litis
1427 686 1513 721 parte
1530 688 1539 714 ;
1565 688 1634 711 non
1647 680 1732 712 enim
1746 691 1803 713 ne-

1047 732 1102 768 gat
1128 721 1147 756 a
1172 723 1311 757 Diluvio
1333 723 1372 758 ad
1389 721 1597 759 Abrahamum
1619 750 1629 765 ‚
1655 725 1802 774 Ioftphtim

1047 771 1136 818 sequi
1149 772 1307 807 calculum
1318 772 1535 808 Hebraeorum
1549 800 1558 813 ‚
1579 787 1647 809 non
1664 777 1803 811 Graeco-

1048 831 1130 853 rum.
1155 819 1242 867 Ergo
1254 820 1275 854 si
1285 820 1352 868 ipse
1364 819 1510 869 Ioftphum
1521 824 1625 868 rejicit
1645 825 1677 859 in
1693 827 1805 869 calcu-

1049 869 1082 903 lo
1100 867 1341 914 postdiluviano
1362 894 1373 910 ‚
1393 883 1462 905 non
1478 872 1574 906 debet
1593 875 1673 908 alios
1693 873 1806 921 Jofbphi

1051 918 1242 952 auc‘toritate
1261 929 1405 964 premere
1432 921 1468 953 iu
1487 922 1613 957 calculo
1639 919 1804 960 antedilu-

1053 978 1162 1003 viano.

1106 1028 1121 1050 2
1129 1040 1137 1048 .
1161 1013 1234 1062 Jose
1239 1013 1294 1062 phi
1302 1013 1355 1049 hic
1365 1013 1804 1062 parva'videtur-authoritas2

1055 1063 1141 1098 redte
1152 1064 1292 1099 Baronius
1304 1090 1313 1104 ‚
1327 1066 1383 1112 qui
1400 1065 1433 1098 in
1444 1065 1621 1110 quaestione
1630 1081 1691 1114 prae
1702 1075 1808 1106 mani..

1055 1113 1115 1148 bus
1127 1116 1222 1161 Jstzaco
1233 1118 1266 1149 &
1278 1114 1384 1148 Briano
1395 1114 1437 1148 est
1447 1114 1674 1161 antefignanus
1683 1142 1692 1154 ‚
1706 1121 1738 1154 in
1749 1134 1809 1167 ap-

1055 1161 1182 1210 paratus
1193 1163 1231 1199 ad
1243 1164 1368 1198 annales
1380 1176 1471 1198 num.
1489 1176 1501 1196 1
1514 1176 1566 1210 13.
1583 1167 1764 1203 uncialibus
1776 1173 1810 1205 in

1055 1214 1201 1260 margine
1220 1214 1321 1248 literis
1344 1211 1455 1256 scribit
1479 1209 1658 1261 Joseplium
1681 1219 1809 1253 malum

1056 1261 1316 1308 Chronologum
1328 1287 1338 1303 ‚
1366 1262 1397 1296 id
1411 1262 1513 1310 ipsum
1527 1265 1618 1311 quod
1634 1265 1673 1300 de
1684 1268 1810 1302 Barom'a

1055 1310 1232 1357 Casaubonm
1243 1311 1320 1358 saepe
1332 1313 1540 1358 pronunciat.

1107 1373 1137 1406 3.
1162 1362 1241 1396 Hoc
1251 1361 1407 1409 ipsoloco
1420 1360 1637 1408 Josephussibi
1649 1375 1716 1398 non
1727 1376 1810 1399 con-

1053 1408 1143 1444 sonat
1154 1434 1163 1447 ,
1184 1409 1207 1444 fi
1221 1411 1346 1446 Petavio
1359 1410 1523 1445 credimus
1535 1434 1543 1446 ‚
1559 1413 1616 1456 qui
1629 1411 1683 1447 lib.
1696 1426 1731 1457 9.
1741 1427 1809 1461 cap.

1055 1458 1231 1494 z.affirmat
1246 1460 1420 1509 josephum
1440 1459 1633 1494 &creatione
1652 1462 1690 1495 ad
1709 1465 1811 1497 Dilu-

1055 1510 1147 1543 vium
1165 1521 1335 1544 numerare
1351 1522 1455 1547 annos
1474 1508 1523 1543 bis
1536 1511 1623 1544 mille
1640 1509 1809 1547 sexcentos

1054 1560 1297 1607 quinquaginta
1310 1558 1360 1593 sex
1371 1583 1382 1599 ‚
1404 1558 1613 1605 particulares
1622 1571 1731 1596 tamen
1744 1566 1812 1605 ejus

1055 1607 1263 1657 genealogias
1299 1620 1428 1656 patrum
1462 1608 1554 1642 fimul
1577 1611 1705 1653 januas
1740 1624 1811 1646 non

1055 1656 1221 1692 ascendere
1238 1657 1331 1705 supra
1347 1659 1439 1693 mille
1456 1658 1623 1692 sexcentos
1640 1658 1812 1708 sexaginta,

1056 1707 1305 1742 anachronismo
1317 1720 1387 1741 non
1401 1708 1521 1741 minori
1536 1706 1632 1754 quam
1650 1721 1812 1744 annorum

1059 1757 1166 1796 mille,
1187 1758 1328 1803 demptis
1346 1768 1495 1803 quatuor.
1521 1755 1603 1791 Vult
1613 1757 1726 1803 Isaacus
1738 1771 1814 1793 cor·-

1059 1817 1190 1853 ruptum
1201 1805 1252 1840 bic
1264 1804 1398 1853 Josephi
1410 1817 1535 1840 textum
1546 1830 1556 1845 ‚
1576 1810 1606 1840 ὃ(
1616 1819 1675 1852 pro
1684 1806 1788 1851 χιλὶων
1799 1833 1811 1849 ‚

1059 1859 1197 1902 διχιλίων
1209 1853 1416 1889 scribendum
1430 1868 1438 1893 ς
1452 1852 1591 1900 ·sedipsc
1600 1856 1715 1889 viderit
1724 1869 1811 1904 quo-

1060 1906 1161 1940 modo
1182 1917 1258 1938 cum
1280 1904 1417 1939 Petavio
1435 1901 1495 1937 sibi
1513 1903 1637 1951 suisque
1650 1904 1809 1940 Chrono-

1059 1956 1215 2004 logorum
1229 1955 1375 2002 principe
1386 1951 1438 1987 hic
1448 1954 1630 1987 conveniat.
1656 1954 1756 1989 Certe
1769 1956 1811 1989 li-

1060 2016 1111 2038 cet
1127 2009 1161 2039 &
1179 2005 1371 2050 largiremur
1385 2002 1467 2036 hanc
1481 2003 1717 2038 correctionem
1738 2015 1812 2038 tex-

1059 2064 1110 2088 tus
1129 2053 1284 2100 Joscphi,
1303 2054 1459 2087 nimirum
1479 2052 1654 2100 legendum
1675 2065 1742 2088 non
1757 2069 1811 2096 χι-

1057 2105 1125 2136 λίων
1143 2103 1195 2138 sed
1212 2100 1369 2148 ὢχιλὶων,
1396 2101 1545 2136 nondum
1566 2097 1696 2147 loftplaus
1714 2104 1808 2149 Istmco

1059 2151 1257 2186 commodus
1267 2152 1323 2185 erit
1344 2150 1432 2184 testis
1451 2174 1460 2189 ‚
1489 2149 1547 2183 nisi
1564 2148 1736 2185 secundam
1757 2161 1809 2184 et-

1052 2205 1121 2245 jam
1143 2202 1176 2235 in
1195 2204 1264 2243 ejus
1290 2209 1381 2233 textu
1399 2200 1636 2233 correctionem
1655 2198 1811 2237 admitta-

1057 2261 1130 2282 mus
1153 2272 1162 2286 ‚
1197 2261 1333 2295 eamque
1363 2260 1524 2282 annorum
1551 2248 1810 2297 quadringento-

1057 2311 1145 2337 rum,
1165 2297 1326 2332 mutando
1338 2296 1531 2339 {Zama-imin
1541 2297 1705 2338 δὶακοσ-ίων,
1718 2299 1807 2346 quod

1057 2348 1193 2382 editioni
1203 2346 1379 2382 novissimae
1390 2351 1420 2381 &
1433 2346 1670 2381 accuratiffimae
1689 2349 1808 2382 Gene-

1057 2396 1143 2431 vensi
1155 2422 1164 2434 ‚
1190 2396 1366 2431 secundum
1382 2395 1600 2442 manuscripta
1619 2395 1809 2432 Bibliothe-

1057 2459 1101 2480 (ιε
1114 2447 1276 2486 Palatinae,
1290 2445 1538 2480 contradiceret.

1105 2508 1142 2541 4.
1167 2497 1281 2530 Nolim
1294 2520 1302 2534 ,
1323 2495 1412 2541 quod
1431 2496 1488 2529 viri
1508 2495 1598 2527 docti
1617 2493 1656 2528 de
1675 2491 1808 2526 ‘Philone

1057 2544 1210 2583 asserunt,
1238 2545 1277 2578 de
1293 2542 1437 2591 josepho
1455 2540 1631 2581 affirmare3
1656 2544 1806 2589 ignarum

1057 2606 1152 2633 eum,
1176 2593 1283 2627 saltem
1298 2604 1366 2625 non
1378 2591 1469 2626 valde
1491 2592 1643 2624 versatum
1664 2594 1697 2625 in
1716 2593 1808 2625 codi-

1057 2641 1148 2676 cibus
1165 2642 1332 2676 Hebraicis
1346 2652 1445 2687 :puto
1456 2651 1564 2674 tamen
1578 2640 1709 2687 probari
1721 2641 1807 2688 poss'e

1058 2691 1209 2737 pleraque
1225 2703 1297 2738 quae
1318 2691 1394 2724 citat
1411 2690 1449 2723 de
1471 2690 1564 2723 sacris
1582 2691 1681 2723 literis
1700 2688 1807 2724 afferri

1057 2752 1128 2774 non
1139 2740 1177 2773 de
1187 2738 1279 2774 fonte
1292 2764 1302 2779 ‚
1329 2738 1383 2773 sed
1406 2740 1442 2772 de
1463 2741 1570 2772 rivulo
1590 2751 1608 2771 L
1619 2741 1807 2774 xx.1nter-

1058 2799 1182 2835 preturn
1195 2814 1203 2828 ,
1214 2790 1352 2835 quitum
1366 2789 1525 2835 temporis
1539 2788 1702 2822 Gentibus
1714 2812 1724 2827 ‚
1734 2789 1807 2834 qui-

1058 2839 1117 2872 bus
1127 2837 1285 2886 Josephus
1305 2836 1463 2872 scribebat
1481 2836 1616 2875 Graece,
1635 2846 1722 2869 textu
1736 2838 1807 2869 He-

1059 2887 1168 2922 braico
1193 2886 1298 2921 multo
1322 2898 1409 2921 erant
1437 2886 1670 2920 familiariores.
1707 2884 1807 2919 Certe

1060 2937 1151 2985 quod
1167 2935 1302 2984 Josephi
1323 2936 1436 2970 diebus
1455 2946 1558 2968 textus
1575 2933 1733 2968 Hebraeus
1744 2948 1807 2982 ge-

1034 2983 1035 3008 i
1060 2987 1242 3020 nerationcs
1264 2984 1421 3019 Mosaicas
1446 2985 1553 3031 legit,
1577 2997 1644 3017 non
1673 2995 1709 3016 ut
1736 2997 1804 3027 jam

1061 3033 1224 3069 transsatio
1244 3035 1358 3068 Graeca
1375 3059 1382 3071 ,
1408 3042 1536 3079 apparet
1555 3044 1594 3066 ex
1620 3031 1805 3067 Chaldaicis

1062 3082 1300 3132 paraphraiibus
1311 3082 1439 3131 Josephi
1453 3081 1566 3115 dicbus
1584 3080 1701 3128 scriptis
1712 3106 1721 3120 ‚
1736 3095 1806 3128 quae

1061 3132 1306 3181 ornnesabsque
1323 3131 1382 3168 ullfi
1401 3133 1550 3169 varietate
1567 3131 1603 3167 ad
1621 3131 1709 3166 hunc
1719 3131 1805 3165 diem

1677 3190 1807 3215 aetatum
