2048 3343
12 567 13 576 i

12 582 14 599 i

12 609 14 623 ι

12 627 13 644 l

12 650 14 668 ἰ

14 1612 17 1640 ἒ

14 1641 17 1669 ἱ

14 1673 17 1724 ἑ

0 1757 17 1813 'z

0 1820 18 1878 i}

0 1884 18 1911 u

0 1914 18 1949 v*i

0 1961 5 1979 t
15 1953 18 1996 l
36 1956 156 1983 concitant

0 2015 2 2019 ν
15 1997 19 2027 ἰ

0 2048 5 2065 ι
15 2031 18 2058 ἶ
35 2041 164 2080 Romanos.

0 2096 3 2134 }
15 2092 19 2121 1

0 2123 19 2156 1ὁ

0 2159 19 2228 εἰ

16 2230 19 2297 ἱ

416 112 1473 154 ETCHRoNotoc1c1L1a.I.
1660 123 1738 157 2'21

189 186 393 236 implacabile
402 198 518 222 contra
529 187 732 223 Macedonas
740 185 854 221 odium
865 194 944 218 con·
985 194 1031 218 tra
1051 185 1224 220 Romanos
1243 187 1448 223 concitarent
1460 213 1470 229 ‚
1494 187 1617 237 ubique
1626 189 1743 236 praedi<-

187 242 342 285 eepe‘runt
351 261 361 278 ‚
375 235 430 283 ipsi
441 250 519 286 ergo
531 236 673 273 «An-«lus
685 239 714 269 δι
728 230 946 269 Athenienses
988 245 1094 269 cantes
1115 236 1346 271 Romanorum
1366 237 1405 270 de
1415 234 1546 286 Philippo
1565 238 1740 273 victoriam

189 288 335 323 Romam
356 285 483 326 misssrffi
504 288 558 335 qui
569 286 698 321 Senatui
715 283 821 319 foedus
833 281 943 316 secum
988 279 1200 330 sufiinprimis
1220 288 1340 321 virtute
1359 295 1495 332 partam.
1523 287 1743 323 AchaeiAEto·

189 343 307 373 e'ontra
342 336 540 372 Maccdonas
576 334 762 369 suaderent.
799 332 944 378 Populus

187 387 364 422 Romanus
376 383 635 433 Carthaginiensi
647 383 737 418 bello
748 378 946 417 exhaustus&

187 449 280 472 novo
304 445 380 470 cum
406 435 534 469 Graecis
559 431 702 468 multum
728 431 943 470 abhorrebat,

188 489 324 522 Senatus
332 495 461 525 tamen,
477 483 516 518 ad
529 482 608 518 Afiae
619 486 684 528 jam
701 483 874 529 Imperium
887 481 939 515 de-

186 535 276 571 νίἃο
289 534 462 570 Hannibale
475 561 483 576 ,
493 532 630 581 aspirans
640 558 650 574 ‚
669 534 762 570 variis
774 530 896 566 artibus
909 531 942 564 in

185 584 310 620 bellum
326 595 440 620 contra
457 581 632 631 ‘Philippum
648 583 810 631 populum
821 591 943 629 pertra-

183 635 235 669 xit
253 660 264 676 ,
291 635 421 670 AEtolos
441 633 582 669 nonnisi
594 646 669 668 cum
685 632 795 667 labore
809 633 843 665 in
855 628 943 664 suam

182 681 373 720 societatem
385 685 529 734 pellexit,
557 684 741 731 Utcunque
753 680 886 716 tandem
898 678 944 712 ob

0 740 1 745 ’
31 740 167 774 Flaminius
186 744 292 770 meros
327 744 477 770 raetextus
494 733 589 780 rupta
612 745 710 779 pace,
733 728 944 765 T-Flaminius

31 785 97 815 visto
107 782 166 812 7²⁷5*-
187 783 301 819 Consu
323 781 623 832 Philippumingenti
636 782 747 830 praelio
759 778 944 838 fregimpe:

30 877 62 895 εκ
69 869 147 904 astute

29 908 153 947 benignia-

34 1830 115 1877 AEtoli

33 1879 140 1905 Antio-

33 1913 105 1943 chum

33 2003 122 2023 contra

49 2717 152 2760 Romani

18 2772 21 2785 ι
51 2761 139 2800 injurii

53 2805 155 2841 Sparte.

0 836 5 857 5¹
29 827 166 873 ‘'H''G'f‘
187 835 272 868 tenti
284 836 417 869 Senatus
428 832 583 869 conceffit
594 844 714 867 novam
729 842 840 878 pacem
852 854 862 870 ‚
881 840 944 873 qua

187 883 257 919 t'otfi
276 882 398 919 Graeciz'i
412 887 444 918 δι
461 880 603 917 Thracia
619 879 774 929 spoliatus
792 883 876 914 intra
886 890 945 911 an-

185 932 297 983 gustos
308 932 512 968 Macedoniae
524 932 645 966 limites
665 940 799 975 regnare
811 925 943 975 permis·
968 938 970 975 j

968 1006 970 1011 ,
990 985 1092 1010 tarem
1106 975 1310 1024 disciplinam
1320 987 1386 1010 tam
1394 976 1567 1024 diligenter
1576 990 1723 1013 exercere
1732 1001 1744 1018 ‚

186 1042 230 1068 ta,
241 1044 393 1080 magnam
403 1032 561 1066 mul&am
571 1032 604 1064 in
616 1029 693 1063 belli
703 1024 862 1074 impensas
871 1022 946 1059 Phi·
969 1026 971 1031 ’

969 1076 970 1079 ’
990 1075 1094 1109 citum
1108 1099 1118 1116 ‚
1137 1077 1194 1123 qui
1206 1075 1477 1110 Lacedaemonios
1489 1078 1523 1110 δε
1536 1073 1683 1110 Nabidem
1696 1077 1750 1110 in-

970 1166 971 1169 *
988 1125 1080 1172 genti
1092 1126 1201 1172 praelio
1213 1124 1315 1166 fudit,
1334 1138 1369 1160 ac
1381 1125 1542 1160 Romanis
1558 1125 1752 1173 legionibus

187 983 238 1018 sus
247 981 303 1017 est.
328 983 454 1017 Graecis
471 980 626 1015 omnibus
640 978 733 1027 plena
748 977 877 1012 libertas
888 974 945 1009 da-

186 1079 386 1130 lippusjuffus
404 1080 449 1115 est
462 1079 599 1115 solvere,
619 1076 796 1111 dimidium
816 1076 850 1110 in
862 1087 946 1122 prae-

186 1130 303 1171 senui,
316 1132 479 1177 reliquum
490 1129 583 1164 variis
596 1125 806 1174 pensionibus
816 1124 947 1170 aliquot

185 1182 278 1215 annis
297 1178 503 1227 sequentibus
514 1191 524 1216 ;
548 1187 648 1210 naves
667 1187 785 1209 omnes
802 1173 902 1208 teRas
914 1175 946 1206 δι

187 1228 379 1277 elephantos
397 1226 519 1261 tradere
531 1248 541 1266 ‚
566 1224 740 1272 filiumque
757 1222 948 1261 Demetrium

190 1279 320 1314 mittere
331 1277 478 1310 Romam
489 1274 650 1311 obsidem.

234 1327 425 1374 Benignitas
439 1324 504 1360 hacc
518 1326 751 1359 Romanorum
767 1324 801 1357 &
820 1322 856 1356 in
875 1319 947 1356 Phi-

185 1375 293 1424 lippum
315 1379 351 1411 &
378 1377 413 1410 in
440 1375 577 1410 Graecos
600 1372 618 1409 ὲ
640 1370 806 1420 prudentia
830 1370 948 1411 fluxit3

185 1425 408 1475 pra-’videbant
429 1425 546 1472 ingens
564 1423 689 1458 bellum
718 1422 759 1456 ab
777 1416 949 1461 Antiocho,

186 1474 363 1522 cupiebant
376 1473 455 1522 ergo
467 1486 541 1508 cum
552 1474 642 1508 νὶἃο
654 1468 798 1519 ‘Philippo
817 1483 930 1519 pacem
939 1494 949 1508 ‚

186 1537 230 1560 ne
241 1523 279 1558 ad
299 1520 501 1559 &antiochum
519 1522 630 1570 fugere
650 1531 830 1568 cogeretur.
857 1522 950 1556 Grae—

188 1586 245 1609 cos
255 1574 352 1608 etiarn
362 1583 478 1608 contra
491 1569 676 1608 Antiochum
686 1569 812 1605 firmius
824 1570 882 1605 fibi
892 1570 948 1605 de-

188 1622 397 1659 vinciebant,
421 1622 580 1657 libertatis
600 1622 640 1657 ad
652 1620 809 1656 insaniam
824 1620 864 1655 ab
876 1620 949 1668 ipsis

190 1671 369 1707 desideratae
379 1669 552 1712 beneficio,
563 1684 662 1719 quam
671 1683 726 1719 per
737 1670 838 1705 multa
848 1672 883 1705 in
894 1683 950 1705 ur-

190 1721 289 1756 bibus
309 1726 341 1757 &
360 1721 486 1757 arcibus
505 1721 645 1770 praefidia
670 1719 817 1769 Philippus
837 1721 949 1769 oppri-

190 1772 313 1806 mebat.

241 1821 328 1855 Male*
345 1834 404 1867 pax
418 1819 485 1856 haec
495 1832 579 1855 unos
592 1819 720 1856 AEtolos
731 1817 882 1860 habebat:
892 1831 949 1853 ex-

191 1870 364 1918 pe<5⁷tabanr
381 1870 427 1904 illi
445 1869 462 1904 a
483 1870 645 1905 Romanis
662 1869 696 1903 in
715 1867 879 1903 societatis
889 1866 947 1904 suae

191 1921 360 1967 praemium
397 1920 517 1954 multas
552 1921 745 1954 Graecorum
783 1917 877 1953 urbes
914 1922 947 1953 &

189 1969 292 2017 ipsam
303 1966 429 2018 Philippi
439 1968 673 2003 Macedoniam
693 1981 701 2002 z
727 1966 884 2003 dolebant
900 1977 946 2002 et-

187 2023 256 2067 jam
268 2031 396 2067 rapaces
413 2018 481 2053 suas
493 2031 607 2053 manus
618 2017 773 2053 Romans
784 2030 863 2066 pace
874 2020 949 2053 vin-

190 2071 256 2105 etas
267 2096 276 2109 ‚
296 2080 333 2112 ut
343 2081 401 2116 pro
410 2081 501 2103 more
513 2082 582 2103 non
595 2068 677 2103 ultra
692 2069 807 2103 liceret
818 2069 949 2103 vicinos

189 2119 397 2167 depopulari.
425 2118 545 2153 Causas
562 2117 634 2152 istas
653 2119 774 2152 irarum
792 2118 875 2152 intra
895 2130 951 2165 pe-

190 2170 320 2203 florum
339 2168 470 2203 suorum
491 2167 627 2203 claustra
654 2167 891 2207 continebant,
918 2167 951 2202 id

189 2217 270 2255 vero
288 2218 379 2265 quod
394 2217 502 2265 aperte
520 2220 553 2252 in
570 2218 733 2251 Romanis
757 2215 950 2251 accusabant

192 2278 258 2302 erat
275 2268 409 2302 Flaminii
434 2269 466 2302 in
487 2267 756 2302 Lacedaemonem
785 2265 952 2312 injustitia.

193 2319 232 2349 In
246 2328 362 2351 caeterae
374 2318 478 2350 totius
492 2317 626 2350 Graeciae
641 2316 789 2350 libertate
802 2314 949 2350 Lacedae-

195 2377 277 2399 mon
290 2365 498 2410 permanebat
516 2363 573 2399 sub
592 2363 777 2399 miserrimo
791 2362 950 2400 sceviffimi

196 2415 327 2459 tyranni
353 2411 478 2448 Nabidis
504 2417 598 2460 jugo.
629 2411 768 2448 Obsedit
801 2414 950 2460 Spartam

196 2462 362 2502 Flaminius
372 2475 447 2497 cum
463 2463 703 2511 quinquaginta
712 2463 851 2496 millium
861 2476 950 2497 exer-

196 2514 277 2548 citu,
288 2524 329 2546 ne
339 2521 451 2546 tamen
462 2509 614 2546 succefl'or
633 2511 673 2546 ab
686 2510 765 2545 urbe
777 2510 832 2545 sibi
845 2513 951 2558 praeri-

197 2572 288 2610 peret
299 2573 414 2609 pacatae
425 2562 560 2596 Graeciae
571 2562 736 2597 encomia,
746 2560 872 2595 Achaeis
884 2573 953 2595 non

198 2612 332 2649 invitis,
356 2609 471 2645 Nabidi
483 2624 594 2658 pacem
615 2610 722 2650 dedit;
748 2610 835 2658 quasi
846 2612 872 2644 is
885 2623 954 2644 non

198 2658 353 2708 potuisset
363 2661 451 2708 perdi
462 2659 577 2709 absque
587 2661 828 2696 Lacedaemonis
836 2661 887 2694 cui
896 2660 955 2694 do-

201 2709 385 2744 minabatur
397 2709 499 2743 ruinzi.
525 2710 683 2745 Flaminius
698 2710 829 2744 ἀενὶᾶο
839 2710 955 2744 Mace-

201 2759 285 2794 done
300 2758 604 2807 splendidissimum,
615 2772 714 2807 quem
727 2759 765 2792 ad
785 2772 860 2794 eum
871 2760 958 2794 diem

205 2809 327 2844 viderat
336 2810 456 2849 Roma,
468 2808 676 2856 triumphum
689 2810 770 2855 egit,
786 2811 819 2842 &
833 2808 872 2842 ad
882 2808 961 2842 astra

209 2857 400 2894 Graecorum
413 2859 566 2893 laudibus
578 2858 720 2893 sublatus
731 2857 786 2894 est,
797 2868 831 2892 ut
841 2857 958 2904 plenis-

208 2907 292 2941 simae
316 2908 456 2955 ipsorum
490 2910 646 2944 libertatis
673 2909 821 2955 princeps
844 2906 960 2942 instru-

208 2967 375 2991 mentum:
393 2958 525 2993 deduxit
536 2962 623 2993 enim
634 2972 671 2993 ex
684 2955 810 2992 Graecifi
821 2956 960 2992 domum

208 3015 317 3039 totum
336 3009 509 3042 exercitum
525 3033 532 3044 ,
560 3008 675 3044 nullibi
695 3008 809 3043 relicto
826 3008 877 3043 vel
893 3019 962 3042 uno

210 3054 366 3103 praestdio.

263 3105 364 3137 AEroli
377 3108 432 3150 qui
445 3106 615 3141 Romanos
629 3108 662 3142 in
676 3108 838 3143 Graeciam
848 3117 963 3142 contra

212 3154 338 3187 vicinos
349 3154 544 3190 adduxerant
557 3181 567 3196 ‚
588 3169 722 3192 omnem
734 3168 869 3193 movent
880 3158 961 3204 lapi-

212 3201 288 3238 dem
299 3227 308 3245 ,
318 3214 356 3239 ut
367 3201 549 3242 Antiochum
561 3209 593 3242 ὃ(
604 3219 721 3244 omnes
734 3208 872 3245 Grecos
882 3219 964 3244 con-

989 328 1027 365 lis
1039 344 1128 367 aures
1139 332 1278 370 firmiter
1290 335 1604 384 claudebant,neque
1616 334 1744 383 ‘Philip-

984 392 1038 428 pm
1051 385 1083 416 in
1097 394 1210 417 eorum
1227 386 1335 420 voluit
1344 384 1529 419 societatem
1544 386 1647 420 trahi:
1668 389 1742 420 Na-

988 431 1026 464 bia
1037 433 1139 466 Lacon
1151 434 1327 482 impatiens
1338 436 1399 469 otii
1409 432 1503 468 facile
1513 433 1570 469 libi
1583 435 1685 481 pafl‘us
1695 434 1743 470 est

989 480 1187 526 persuaderi,
1213 483 1362 518 sedhunc
1375 480 1611 533 ‘Philopoemenes
1623 496 1742 532 magna

990 530 1080 565 clade
1092 531 1210 567 affecit.

1037 580 1151 616 Achaei
1167 580 1365 629 Respublica
1389 591 1481 616 erant
1507 579 1644 616 celebris
1669 593 1744 629 pru·
1763 588 1886 630 Philopoe.

986 627 1096 664 denti&
1108 654 1118 670 ,
1142 631 1262 678 opibus
1279 636 1311 666 δι
1323 632 1427 665 milite
1441 634 1663 666 mercenario:
1692 630 1744 666 sed
1763 633 1899 670 menisvs‘tq

988 689 1062 714 ante
1080 676 1320 728 Philopoemenem
1333 681 1509 716 domestica
1525 694 1639 716 eorum
1658 694 1746 716 arma
1762 680 1809 703 ‘m-

989 730 1079 775 parvi
1096 731 1319 777 pendebantur
1332 755 1343 772 ,
1369 731 1449 766 levia
1475 733 1564 766 enim
1591 736 1624 766 &
1650 743 1746 778 parva

987 789 1078 812 erant
1101 779 1248 826 peditum
1275 782 1383 817 scuta,
1408 783 1536 828 equites
1560 780 1685 829 sagittis
1711 793 1747 816 ac

989 825 1098 862 fundis
1108 829 1198 876 quasi
1211 831 1322 864 velites
1331 831 1532 878 pugnabant.
1558 828 1747 877 Philopoeme-

989 889 1041 910 nes
1054 876 1135 911 vero
1146 888 1179 911 ut
1196 881 1366 913 Praeturam
1378 880 1515 927 adeptus
1525 879 1660 927 est‚ipfis
1672 891 1749 927 per-

989 925 1077 960 suasit
1087 939 1219 974 gravem
1232 934 1429 962 armaturam
1441 928 1563 964 sumere
1574 954 1584 970 ,
1611 933 1644 964 &
1658 929 1750 964 mili-

990 1034 1026 1058 ut
1035 1023 1124 1060 brevi
1135 1037 1199 1061 tem
1206 1039 1286 1073 pore
1296 1027 1466 1074 collegerit
1474 1039 1511 1060 ex
1520 1027 1646 1062 civibus
1654 1039 1749 1061 exer-

991 1185 1055 1220 par,
1065 1173 1286 1222 omnibusque
1296 1186 1370 1209 tum
1383 1176 1538 1222 temporis
1549 1175 1675 1210 Graecis
1687 1175 1755 1211 vir*

992 1233 1063 1258 tute
1073 1220 1216 1272 superior
1229 1223 1421 1260 haberetur.

1039 1275 1201 1321 Praecipua
1220 1275 1410 1310 AEtolorum
1437 1286 1514 1309 cura
1539 1277 1572 1309 &
1598 1273 1668 1322 spes
1687 1272 1753 1307 fuit
1770 1272 1877 1302 Antio-

993 1321 1164 1358 Antiochus
1180 1339 1190 1358 .-
1215 1323 1408 1371 praevidebat
1420 1325 1475 1358 ille
1488 1325 1576 1360 vieto
1587 1328 1619 1359 &
1631 1325 1746 1358 trium-

994 1373 1095 1421 phato
1116 1372 1134 1407 a
1154 1374 1317 1408 Romanis
1344 1370 1477 1423 Philippo
1499 1376 1664 1422 proximas
1683 1373 1753 1407 suas

993 1424 1101 1464 vices,
1121 1427 1151 1458 δι
1175 1432 1285 1459 tamen
1297 1424 1346 1458 vir
1363 1423 1556 1472 imprudens
1571 1426 1604 1458 in
1620 1420 1753 1458 massam

993 1485 1093 1520 quam
1105 1473 1187 1508 vidit
1200 1473 1228 1507 se
1240 1473 1329 1508 dedit
1342 1475 1549 1522 praecipitem.
1576 1476 1611 1508 In
1630 1473 1718 1508 suam
1737 1472 1755 1506 a

994 1522 1157 1558 Romanis
1178 1522 1386 1558 securitatem
1408 1525 1512 1558 totius
1528 1527 1597 1569 jam
1618 1523 1755 1557 Graeciae

992 1573 1089 1607 etiam
1103 1570 1225 1620 absque
1237 1572 1344 1607 milite
1357 1572 1505 1607 dominis
1517 1598 1528 1613 ‚
1551 1572 1630 1608 Afiae
1642 1573 1756 1607 mino-

993 1623 1034 1657 ris
1046 1622 1084 1656 ad
1095 1620 1351 1668 Hellespontum
1366 1621 1465 1656 urbes
1483 1622 1590 1657 voluit
1602 1634 1758 1656 commu·-

993 1672 1062 1707 nire
1074 1683 1082 1704 :
1097 1673 1184 1706 exiis
1195 1671 1325 1706 Attalns
1339 1670 1491 1719 Pergami
1502 1672 1572 1706 Rex
1582 1676 1613 1707 &
1630 1671 1756 1705 Rhodii

992 1731 1077 1770 quot
1093 1731 1244 1768 poterant
1255 1721 1295 1756 ab
1305 1719 1458 1756 Antiocho
1468 1721 1661 1757 avertebant
1671 1745 1682 1760 ,
1703 1722 1758 1754 in-

994 1771 1107 1819 primis
1119 1770 1331 1817 Lampsacum
1342 1775 1374 1806 &
1387 1774 1570 1819 Smyrnam.
1593 1769 1687 1805 Hiad
1696 1771 1756 1805 Se-

992 1831 1106 1856 natum
1122 1822 1314 1855 Romanum
1326 1822 1451 1868 legatos
1464 1819 1625 1855 miserunt
1635 1830 1753 1854 contra

993 1867 1144 1906 Antiochi
1166 1869 1376 1914 tyrannidem
1402 1882 1502 1916 opem
1526 1871 1755 1917 implorantes,

994 1918 1121 1955 Interea
1136 1917 1305 1955 Antiochus
1324 1921 1357 1954 in
1375 1918 1552 1954 Thraciam
1572 1922 1756 1964 trajecerat,

994 1968 1174 2018 multasque
1183 1968 1281 2005 urbes
1291 1972 1324 2004 in
1336 1968 1424 2005 suam
1435 1969 1601 2017 redegerat
1612 1967 1753 2015 potesta-

994 2031 1074 2056 tem,
1085 2019 1234 2067 inprimis
1247 2017 1482 2065 Lysimachiam
1492 2042 1502 2058 ‚
1523 2029 1622 2064 quam
1634 2015 1756 2064 magni

995 2070 1139 2116 impensi}
1163 2067 1265 2104 valide
1289 2069 1568 2103 communiverat.
1604 2064 1755 2101 Romani

997 2118 1096 2155 rniffis
1109 2118 1147 2154 ad
1161 2114 1348 2153 Antiochum
1359 2116 1474 2165 legatis
1484 2116 1701 2164 postulavere,
1717 2125 1757 2149 ut

995 2170 1036 2204 ab
1048 2168 1178 2216 Europa
1188 2167 1377 2207 abstineret,
1386 2171 1419 2201 &
1433 2167 1564 2201 Graecas
1578 2166 1612 2199 in
1625 2163 1700 2200 Astii
1709 2165 1765 2198 ci-·

995 2221 1112 2254 vitares
1134 2217 1253 2252 liberas
1271 2217 1495 2264 permitteret:
1514 2214 1593 2250 dum
1614 2214 1653 2249 de
1668 2213 1758 2249 duris

996 2266 1083 2303 hisce
1096 2268 1326 2302 Romanorum
1339 2264 1506 2313 postulatis
1522 2261 1690 2299 Antiochus
1700 2264 1762 2298 de-

996 2317 1110 2352 liberat
1120 2340 1129 2357 ,
1146 2318 1235 2353 venit
1246 2316 1285 2351 ad
1295 2328 1371 2351 eum
1383 2313 1540 2350 Hannibal
1551 2313 1756 2360 Carthagine

1000 2366 1172 2416 fugitivus.

1048 2415 1213 2450 absoluto
1226 2413 1315 2453 bello
1332 2414 1457 2448 Punico
1469 2394 1615 2447 secund'o
1629 2407 1754 2444 Hanni⁴

1771 1313 1827 1342 (hm
1835 1318 1887 1352 Q-

1771 1365 1854 1383 manos
1860 1357 1887 1382 its

1767 1397 1793 1433 fi
1802 1403 1826 1424 al
1830 1406 1885 1435 tra:

1772 1437 1819 1467 bit.

1782 2408 1914 2443 Hannibal

996 2464 1046 2500 bal
1054 2464 1220 2513 Rempub.
1230 2460 1535 2511 Carthaginensem,
1545 2457 1683 2495 Senatus
1692 2456 1757 2506 ipse
1772 2455 1843 2493 fugit
1852 2454 1886 2483 «ἅ

1731 2508 1739 2515 0

998 2516 1148 2562 princeps
1162 2513 1296 2560 regebat
1307 2515 1342 2545 in
1358 2525 1447 2559 pace.
1476 2511 1586 2544 Multa
1601 2511 1634 2543 in
1653 2519 1758 2555 magi—

997 2562 1150 2598 stratibus
1167 2565 1200 2596 &
1223 2563 1334 2595 aerario
1352 2570 1485 2608 peccata
1510 2557 1563 2593 sua
1587 2557 1756 2606 prudentia

1000 2611 1214 2649 emendabat:
1233 2608 1283 2643 sed
1295 2611 1423 2657 magnis
1434 2611 1468 2644 in
1480 2609 1615 2656 patriam
1632 2608 1757 2641 meritis

1002 2663 1184 2698 multorum
1206 2670 1319 2694 contra
1340 2658 1370 2695 se
1388 2658 1544 2695 invidiam
1561 2658 1755 2698 concitavit,

1003 2713 1060 2761 qui
1079 2711 1208 2759 privatis
1220 2711 1349 2745 nunciis
1365 2710 1484 2744 Roma:
1503 2709 1573 2744 viro
1591 2706 1759 2741 obtretfta-

1004 2763 1104 2799 bant,
1126 2760 1213 2807 quasi
1231 2760 1370 2794 alterum
1392 2759 1517 2793 bellum
1537 2756 1758 2792 meditaretur.

1005 2814 1042 2844 P.
1053 2810 1148 2856 Scipio
1166 2811 1199 2843 in
1213 2810 1334 2843 Senatu
1352 2807 1550 2843 Hannibalem
1569 2817 1682 2841 contra
1702 2819 1758 2841 ca-

1005 2860 1220 2894 lumniatores
1238 2858 1454 2899 defendebat,
1477 2856 1638 2904 impedire
1647 2867 1759 2893 tamen

1007 2922 1075 2944 uon
1098 2910 1207 2956 potuit
1226 2910 1308 2956 quin
1329 2910 1428 2957 legati
1444 2909 1652 2942 mitterentur
1670 2907 1759 2941 Car-

1007 2959 1174 3007 thaginem
1187 2960 1219 2992 in
1231 2957 1403 2993 Hannibalis
1415 2959 1556 2993 actiones
1567 2955 1762 3003 inquisituri:

1007 3010 1055 3044 vir
1072 3009 1162 3057 sagax
1179 3009 1359 3055 periculum
1383 3004 1584 3054 praesentiens
1602 3007 1635 3040 in
1652 3004 1762 3040 Asiam

1008 3059 1045 3094 ad
1055 3055 1236 3094 Antiochum
1250 3054 1381 3104 proper&
1391 3056 1418 3091 se
1428 3055 1505 3104 fuga
1517 3055 1686 3103 proripuit.
1704 3053 1762 3088 Ab

1008 3123 1048 3144 eo
1065 3106 1206 3156 primum
1224 3106 1355 3141 summo
1366 3119 1442 3141 cum
1464 3107 1592 3141 honore
1610 3115 1762 3152 acceptus

1009 3159 1051 3194 est
1065 3185 1074 3198 ,
1101 3161 1133 3192 &
1151 3169 1225 3191 curn
1244 3157 1347 3191 AEtoli
1366 3153 1576 3203 persuafiffent
1593 3150 1764 3190 «Amatha

1010 3222 1085 3245 cum
1098 3208 1261 3244 Romanis
1273 3206 1394 3243 bellum
1407 3217 1518 3255 gerere
1527 3230 1538 3248 ‚
1551 3206 1631 3241 totis
1641 3203 1764 3241 viribus

1346 3256 1372 3290 E
1384 3268 1400 3291 e
1426 3270 1443 3303 3
1667 3253 1763 3297 incu3

1778 2499 1888 2526 Antio·

1731 2559 1736 2564 .
1741 2555 1754 2568 Λ
1776 2535 1852 2566 chatm-
