2048 3343
16 414 17 419 ,
42 409 97 442 Ab

17 464 19 468 ·
37 449 156 484 ,Atlieni-

16 504 18 520 i
36 491 127 527 ensibus

16 538 17 542 ’
38 533 143 570 Pylusin

16 584 19 616 g
38 575 154 611 Pelopon-

16 627 18 637 ι
39 613 173 650 nefimum'-

39 663 65 682 u
73 659 147 692 spar-

16 729 18 736 .
40 695 165 734 tanossre-

16 764 17 771 ἵ
33 744 82 775 git·

16 779 18 792 ι

453 87 521 115 ετ
582 76 1226 115 Cnitoxotocrcr

195 153 328 188 redeunt
338 176 347 193 ,
366 151 414 187 scd
427 165 503 187 cum
515 151 659 186 Athenas
675 150 798 185 redisset
821 147 921 182 classis
933 171 942 185 ,

193 203 281 248 pellit
293 203 324 235 in
344 203 475 236 exilium
490 203 626 249 populus
642 200 735 233 duces
749 221 758 234 ‚
771 196 864 244 quod
877 208 944 229 non

194 250 320 286 tamdiu
341 250 403 285 suis
422 251 541 285 artibus
561 252 593 284 in
614 249 701 282 bello
715 244 945 280 continuissent

194 301 320 335 Siculos
338 323 348 339 ,
382 301 486 334 donec
507 309 575 332 tota
592 296 784 331 Atheniensi
804 296 944 342 imperio

195 347 338 394 subjetsta
348 347 448 383 fuisset
461 345 578 382 insula.

243 398 382 432 Siciliam
399 396 570 443 aliquando
583 405 713 442 petente
733 392 823 428 classe
832 406 868 427 cx
883 391 943 426 du-

194 446 285 481 cibus
298 458 379 480 unus
396 442 599 491 Demosthenes
611 448 625 488 (
638 457 704 478 non
717 445 854 483 Orator)
869 454 944 476 cum

194 493 435 542 relistfiatcrgo
452 493 554 529 Malez'i
573 495 590 528 ὲ
602 495 738 541 regione
749 503 882 528 ventum
896 491 942 524 cs-

194 544 237 579 set
249 546 328 591 Pylo
340 572 348 584 ,
368 543 525 592 significat
543 544 657 578 habere
678 542 733 577 seri
747 542 871 590 populo
885 552 944 587 po-

193 594 339 629 testatem
358 593 471 629 utendi
490 607 543 639 per
553 595 680 641 aliquot
695 592 764 626 dies
779 603 837 638 pro
850 590 945 623 libitu

194 646 276 678 circa
288 643 549 691 Peloponnesum
559 644 715 682 exercitu,
728 638 943 676 commodum

194 692 252 727 fibi
268 693 367 728 videri
379 694 583 727 communire
596 692 709 736 Pylum
720 712 728 724 5
743 687 946 724 offendenda:

195 745 311 789 Spartae
328 744 439 777 locum
460 743 605 788 inprimis
625 740 780 774 idoneum
797 751 805 771 :
844 738 946 772 caeteri

194 791 295 827 ridere
306 792 510 826 voluntatem
524 792 601 829 viri,
623 802 690 824 non
704 789 761 822 sibi
772 785 830 822 esse
839 788 945 821 otium

196 841 300 875 dicere
323 839 467 875 sumendi
490 840 617 874 labores
637 840 668 872 in
691 836 949 871 communiendis

197 890 327 924 desertis
340 890 572 936 promontoriis
585 901 592 921 ε
605 888 702 921 nullis
712 886 816 921 verbis
825 883 948 919 efficere

199 939 304 986 potest
327 936 532 979 Demosthenes
552 948 588 971 ut
607 937 754 983 cuiquam
774 933 826 966 sua
844 933 947 979 place-

200 999 271 1023 rent
284 988 427 1022 consilia.
463 984 585 1021 Interea
599 984 748 1017 oboritur
762 981 932 1028 tempestas
944 1003 951 1015 ,

202 1049 367 1085 coguntur
384 1036 485 1070 subire
500 1035 567 1080 Pyli
579 1044 710 1079 portum
722 1055 731 1069 ‚
748 1030 821 1065 crim
835 1033 867 1064 in
877 1031 949 1064 otio

202 1086 382 1133 aliquandiu
393 1082 512 1118 sedisset
522 1084 695 1120 exercitus,
713 1080 773 1126 ipsa
784 1080 848 1113 loci
860 1089 951 1113 natu-

202 1148 233 1170 ra
253 1138 333 1174 (non
345 1137 408 1175 jam
425 1131 504 1166 ultra
516 1142 652 1165 conante
667 1128 863 1164 Demosthene
878 1140 949 1162 ver-

201 1183 242 1216 ba
257 1182 415 1228 perdere)
434 1182 538 1226 injicit
558 1180 717 1214 militibus
736 1178 949 1225 cupiditatem

199 1230 351 1266 faciendae
365 1231 558 1265 munitionis
569 1254 576 1265 ‚
595 1230 708 1275 sponte
719 1229 817 1276 igitur
828 1227 891 1261 sine
903 1228 952 1261 ul-

199 1281 260 1314 lius
272 1281 411 1327 imperio
425 1292 539 1314 omnes
550 1288 730 1327 congerunt
743 1279 845 1311 lutum
858 1280 886 1309 δι
902 1274 952 1309 sa—

199 1343 258 1369 xa,
283 1334 312 1363 &
327 1341 401 1363 ante
419 1329 540 1363 sextum
560 1328 646 1362 diem
670 1327 951 1375 propugnaculum

199 1376 373 1426 perficiunt
387 1403 396 1417 ‚
420 1378 512 1426 quod
525 1373 785 1424 Peloponnenses
797 1377 834 1409 ad
847 1373 953 1421 despe-

200 1430 359 1462 rationem
370 1428 487 1474 adegit,
499 1432 532 1462 &
546 1427 624 1475 pene⁷
635 1426 807 1474 supplicem
820 1426 951 1472 petitio-

200 1490 276 1511 nem
288 1479 384 1523 pacis.
411 1480 556 1524 Spartani
570 1475 711 1524 primum
733 1474 878 1522 spernere
892 1477 953 1520 Py-

201 1527 269 1560 lum
284 1536 319 1560 ut
331 1538 397 1560 rem
409 1539 535 1573 parvam
547 1551 555 1565 ‚
574 1539 651 1561 mox
662 1535 845 1574 reputantes
858 1522 952 1557 situm

203 1575 280 1612 loci,
292 1587 468 1609 occurrunt
479 1574 556 1610 terrfi
568 1578 710 1621 marique
721 1573 957 1622 oppugnaturi,

205 1625 393 1659 remanserat
407 1626 438 1658 in
451 1626 526 1659 loco
541 1623 746 1666 Demosthenes
766 1635 840 1658 cum
859 1623 957 1669 quin-

205 1685 269 1720 que
281 1675 411 1708 navium
430 1674 574 1721 praesidio
588 1699 597 1714 ,
620 1673 802 1708 discedente
819 1674 853 1706 in
873 1672 956 1705 Sici-

206 1723 282 1757 liam
299 1724 424 1770 reliquo
440 1724 578 1757 exercitu
598 1737 606 1757 ε
634 1723 705 1758 hic,
724 1733 759 1755 ut
771 1720 848 1756 vidit
859 1719 958 1754 adesse

205 1785 363 1819 magnum
391 1772 533 1806 hostium
559 1783 730 1806 numerum
747 1794 755 1807 ,
781 1772 884 1804 mittit
901 1771 956 1818 qui

204 1819 325 1854 suosvex
338 1821 386 1855 via
397 1832 582 1855 revocarent
595 1822 632 1856 ad
644 1821 882 1868 opem.lnterea
891 1830 956 1853 tam

203 1868 221 1902 ax
234 1868 313 1903 terrzi
324 1870 421 1919 quam
435 1872 513 1904 mari
529 1882 689 1905 conantur
706 1873 880 1916 irrumpere
894 1868 958 1904 for-

204 1917 314 1953 tissimi
327 1925 555 1967 bpartanorum
577 1921 673 1955 duces
687 1945 695 1960 ‚
721 1919 772 1954 sed
791 1932 827 1953 ea
847 1930 955 1953 natura

202 1968 269 2002 loci
295 1966 354 2002 fuit
375 1992 384 2008 ‚
418 1979 452 2003 ut
481 1971 724 2004 munitionibus
744 1970 819 2003 licet
847 1980 956 2002 recens

203 2021 234 2052 &
251 2017 467 2052 tumultuario
490 2021 647 2053 extruffis
666 2043 676 2059 ,
713 2031 808 2066 parva
841 2030 955 2051 manus

201 2067 327 2101 tuendis
351 2067 508 2102 suffecerit
528 2068 625 2116 usque
651 2068 689 2103 ad
707 2066 822 2102 Classis
837 2067 956 2102 adven-

201 2127 287 2150 tum.

250 2169 365 2199 Portus
382 2163 528 2199 faucibus
540 2164 756 2210 objiciebatur
768 2163 867 2199 insula
883 2187 894 2204 ,
922 2165 955 2198 in

202 2226 297 2260 quam
316 2218 510 2260 trajecerunt
532 2217 677 2262 Spartani
698 2214 955 2261 quadringentos

205 2265 288 2296 cives
299 2290 306 2302 ,
333 2263 400 2310 quo
412 2265 527 2298 arfi‘titis
539 2263 735 2299 obsideretur
746 2265 837 2298 locus
848 2287 858 2303 ,
879 2262 955 2297 hinc

206 2321 301 2356 atque
312 2311 388 2346 hinc
402 2312 616 2359 disposuerant
630 2326 734 2351 naveS,
754 2324 787 2346 ut
799 2313 909 2346 nullus
918 2311 956 2346 ad

206 2357 482 2405 obsessos'pateret
495 2363 594 2396 aditus
609 2376 616 2396 :
643 2361 694 2396 sed
714 2358 881 2395 commissa
897 2374 956 2394 na-

207 2407 402 2454 valipugnii‚
421 2410 606 2454 Spartanam
628 2409 752 2444 classem
777 2409 958 2444 Athenien-

207 2455 250 2490 ses
264 2468 332 2489 non
351 2457 452 2491 modo
465 2457 658 2505 depulerunt
679 2458 717 2491 de
730 2460 806 2491 loco
817 2482 827 2497 ‚
848 2458 900 2492 sed
911 2469 957 2492 et·

202 2509 272 2551 jam
291 2504 423 2539 insulam
450 2516 554 2541 toram
578 2506 844 2541 circumsistentes
864 2508 956 2540 navi-

207 2555 277 2592 bus,
291 2553 451 2589 habebant
464 2555 548 2602 quasi
568 2556 735 2590 conclusos
754 2557 834 2595 reti,
861 2564 957 2602 quot-

207 2615 297 2650 qu0t
311 2605 433 2638 inerint
449 2606 576 2639 milites.

256 2654 359 2698 Capta
382 2653 464 2702 Pylus
481 2656 569 2688 velut
591 2652 766 2688 acutissima
780 2651 865 2700 spina
877 2677 885 2693 ‚
898 2650 961 2685 alte

209 2700 373 2736 fodicabat
401 2705 627 2749 Spartanorum
653 2703 771 2749 pedem
791 2727 800 2742 ,
833 2713 869 2735 ex
903 2701 960 2735 hac

210 2752 296 2785 enim
318 2763 486 2785 excurrere
514 2763 664 2798 poterant
687 2750 900 2784 Athenienses
931 2752 963 2783 in

211 2798 276 2844 ipsa
288 2800 497 2847 Peloponnesi
512 2799 646 2840 viscera;
668 2801 774 2848 gravis
783 2801 876 2832 etiam
889 2796 963 2844 ipsis

211 2848 330 2892 jastura
343 2849 403 2883 fuit
423 2851 649 2897 primariorum
663 2851 694 2883 in
709 2846 809 2883 insul&
819 2849 938 2881 civium
953 2871 962 2886 ‚

212 2894 266 2930 sed
282 2909 354 2932 ante
371 2902 483 2933 onmia
495 2899 691 2946 perterrebat
709 2898 883 2943 occupatio
904 2902 964 2940 (y-

213 2941 355 2979 therorum
374 2972 382 2983 ,
417 2948 472 2994 ipsi
495 2949 618 2995 oppido
642 2950 762 2994 Spartae
782 2946 965 2991 objacentis

214 2992 330 3027 insulae.
354 2996 413 3029 His
424 2998 566 3031 cladibus
576 2997 630 3032 etsi
642 3011 709 3031 non
722 2996 813 3030 frac‘ti
824 3023 832 3032 ,
860 2996 964 3043 pluri-

215 3046 304 3076 mum
318 3053 424 3078 tamen
436 3044 452 3079 a
466 3047 559 3091 priori
570 3048 695 3081 retraffi
711 3044 830 3079 feroci&
843 3070 852 3085 ‚
868 3046 961 3078 indu-

215 3093 271 3127 ciis
280 3090 319 3124 ad
334 3093 445 3137 Pylum
463 3093 570 3134 faffis,
600 3096 741 3130 Athenas
760 3096 895 3127 mittunt
908 3094 963 3141 qui

215 3141 253 3177 de
265 3153 340 3189 pace
349 3153 493 3189 agerent.
521 3144 682 3181 Caetcrum
694 3143 906 3180 Athenienses
915 3156 963 3179 rc-

1289 74 1400 115 LrB.
1433 77 1461 115 Ι.

994 148 1142 182 centibus
1155 146 1292 182 fortunae
1304 148 1470 182 favoribus
1481 147 1580 183 inflati
1592 174 1600 188 ,
1626 149 1747 182 nolunt

995 198 1051 232 nisi
1063 197 1314 232 conditionibus
1330 196 1533 242 iniquissimis
1547 196 1668 244 pacem:
1683 198 1749 232 hu-

990 248 1043 290 jus
1063 245 1147 293 ipsos
1161 259 1237 280 mox
1259 246 1415 292 poenituit
1435 245 1601 290 superbiae,
1627 259 1699 280 nam
1710 245 1749 280 ad

995 295 1114 328 Delum
1132 307 1253 342 magno
1267 292 1576 341 praelioaThcbaiiis
1589 294 1694 331 mai,
1713 300 1748 329 δε

997 344 1028 377 in
1040 343 1177 376 Thracifi
1188 344 1353 377 multoties
1363 343 1380 376 ὀ.
1391 340 1506 384 Βναβάλ
1516 343 1597 376 male
1610 345 1747 378 mulc'h-

995 394 1018 426 ti
1035 391 1187 426 demisere
1206 391 1334 432 cristas,
1359 392 1489 425 tandem
1510 390 1548 424 sic
1563 394 1641 425 coiit
1661 405 1746 428 con-

1662 85 1735 117 123

995 442 1114 475 cordia.
1145 443 1231 475 Cum
1249 442 1416 488 praecipuae
1430 439 1506 474 belli
1519 439 1603 474 faces
1619 441 1745 481 Brafidas
1764 448 1904 488 Pacemses-

996 493 1176 538 Spartanus,
1188 494 1221 525 &
1231 499 1249 525 c
1259 489 1323 523 leon
1335 489 1536 524 Atheniensis
1546 488 1659 523 eodem
1669 502 1747 536 prae-
1761 491 1784 526 fi
1796 491 1852 518 bello

993 542 1082 574 lioin
1102 537 1292 574 Macedonia
1309 538 1490 573 cecidissent
1503 564 1512 578 ‚
1536 537 1746 573 Athenienses
1767 533 1855 569 ample-

996 599 1173 623 vertentem
1192 592 1258 633 jam
1272 588 1406 624 fortunae
1424 599 1530 622 rotam
1544 599 1726 623 metuentes
1737 611 1747 627 ,

996 643 1028 672 δε
1043 639 1190 684 Spartani
1212 637 1432 683 Cytherorum
1454 638 1746 685 Pyliquequotidie

997 688 1168 722 sentientes
1180 687 1390 722 incommoda
1401 709 1409 724 .
1425 698 1636 734 praeterquam
1654 687 1746 733 quod

996 737 1196 772 servitiorum
1206 734 1431 784 transfugia&
1440 737 1558 770 civium
1572 747 1745 783 captorum

998 787 1176 833 periculum
1197 785 1365 820 versaretur
1390 784 1436 820 ob
1452 786 1589 824 oculos,
1617 787 1746 832 utrique
1780 803 1783 805 >

997 837 1109 868 decem
1129 845 1289 867 annorum
1311 834 1386 868 belli
1406 834 1501 869 taedio
1528 832 1630 868 affeeti
1644 860 1654 873 ‚
1680 836 1748 881 pri-

998 881 1090 916 mum
1119 895 1232 928 pacem
1250 907 1259 920 ‚
1292 881 1362 929 post
1378 883 1416 916 ad
1441 896 1543 917 annos
1568 882 1749 930 500foedus

998 933 1158 979 pepigere.

1792 582 1831 600 uns
1835 583 1872 600 u?-

1048 984 1110 1014 Pax
1132 979 1198 1013 haec
1219 979 1296 1013 novi
1310 974 1549 1019 bellisementis
1560 977 1623 1013 fuit
1641 991 1648 1016 :
1679 981 1750 1014 Co·
1769 983 1885 1024 &crude-

998 1029 1109 1063 rinthii
1127 1033 1157 1063 &
1178 1027 1473 1075 Peloponnensium
1489 1028 1639 1074 permulti
1659 1030 1747 1074 Spar·
1761 1025 1908 1062 scabellum.

999 1090 1151 1126 tanorum
1174 1079 1207 1111 in
1228 1076 1430 1124 pacificando
1450 1077 1749 1124 pusillanimitatem

1001 1127 1155 1162 habentes
1173 1128 1398 1173 contemptui,
1422 1138 1541 1160 novam
1563 1128 1646 1160 inter
1658 1124 1686 1160 se
1702 1125 1754 1159 so-

1001 1179 1150 1211 cietatem
1162 1186 1275 1209 contra
1288 1178 1436 1223 Spartam
1448 1174 1541 1210 simul
1556 1179 1588 1209 ὃ(
1611 1174 1754 1209 Athenas

1000 1228 1077 1261 inire
1097 1236 1229 1272 parant,
1253 1228 1345 1270 cujus
1365 1236 1460 1272 caput
1479 1224 1514 1259 sit
1540 1226 1645 1272 Argos
1669 1237 1677 1262 ς
1703 1224 1754 1258 sed

1000 1276 1065 1310 hoc
1084 1287 1151 1309 non
1163 1275 1268 1309 renuit
1281 1274 1453 1308 consilium
1466 1298 1477 1314 ‚
1492 1274 1582 1322 quod
1600 1273 1755 1308 Thebani

1000 1330 1032 1360 &
1053 1322 1260 1372 Megarenses
1275 1335 1312 1358 ex
1334 1323 1427 1358 sociis
1447 1336 1513 1358 non
1529 1324 1673 1357 minimae
1690 1335 1755 1369 po-

1000 1376 1120 1415 tentiae,
1132 1372 1306 1408 abhorrent
1315 1372 1355 1407 ab
1370 1374 1569 1421 Argivorum
1586 1372 1756 1419 Republi-

1001 1424 1032 1459 cfi
1043 1436 1139 1472 quam
1151 1433 1273 1471 regeret
1284 1421 1443 1470 populus3
1456 1418 1529 1456 cum
1542 1422 1598 1468 ipsi
1610 1421 1648 1455 ad
1658 1422 1755 1467 Spar-

1002 1485 1153 1508 tanorum
1175 1472 1318 1506 formam
1339 1471 1379 1506 ab
1399 1470 1615 1519 optimatibus
1631 1470 1756 1518 guber-

1001 1534 1165 1557 narentur.
1193 1523 1391 1568 Qanquam
1406 1522 1452 1554 nil
1463 1533 1546 1566 opus
1561 1516 1624 1553 fuit
1643 1530 1755 1553 contra

1002 1574 1145 1619 Spartam
1160 1574 1192 1605 e&
1207 1571 1350 1604 Athenas
1363 1568 1558 1605 foederibus,
1575 1570 1660 1602 inter
1672 1581 1752 1616 quas

1002 1632 1156 1655 mutuum
1177 1633 1256 1653 mox
1273 1619 1453 1654 saeviturum
1477 1617 1601 1652 bellum
1622 1630 1756 1664 appare-

1001 1681 1064 1708 ret,
1078 1671 1261 1705 nilvetante
1271 1680 1342 1717 quae
1361 1680 1463 1716 nuper
1481 1665 1566 1702 fas-:ta
1576 1666 1637 1701 fuit
1655 1665 1759 1701 male-

1002 1719 1062 1754 fidfi
1078 1733 1166 1767 pace.

1049 1770 1097 1803 Ex
1110 1770 1205 1816 pasto
1216 1767 1380 1802 debebant
1393 1766 1543 1814 Spartani
1554 1778 1623 1814 quae
1637 1764 1670 1799 in
1683 1763 1757 1799 bel-

1002 1819 1036 1852 10
1047 1818 1215 1865 cepissent,
1228 1816 1479 1852 Atheniensibus
1494 1815 1623 1851 reddere
1637 1839 1648 1854 ,
1664 1813 1695 1847 id
1708 1816 1758 1848 in-

1002 1869 1139 1903 veniunt
1158 1866 1297 1914 praestitu
1317 1864 1541 1912 impoffibile3
1568 1866 1601 1898 in
1612 1862 1758 1898 Thraci&

1002 1916 1158 1951 tenebant
1170 1913 1364 1964 Amphipolin
1382 1916 1467 1950 cives
1481 1941 1489 1954 ,
1506 1916 1538 1949 in
1556 1912 1686 1947 Boeotia
1701 1917 1760 1946 Pa-

1002 1965 1395 2010 naden’shebanizneutris
1406 1963 1586 2011 persuaderi
1598 1961 1759 2008 potest‚ut

1004 2028 1052 2050 cas
1064 2015 1159 2049 urbes
1171 2016 1203 2048 in
1218 2011 1464 2048 Atheniensium
1487 2023 1628 2046 veterum
1648 2010 1760 2044 domi-

1004 2077 1119 2099 norum
1132 2076 1245 2097 manus
1256 2062 1419 2097 traderent
1431 2089 1439 2101 ,
1465 2063 1639 2108 impetrant
1650 2069 1761 2093 tamen

1003 2113 1195 2148 &Thebanis
1209 2123 1245 2146 ut
1258 2112 1383 2146 Panafle
1394 2136 1404 2151 ‚
1420 2110 1554 2155 sedjam
1565 2119 1694 2157 aequato
1709 2107 1762 2141 so-

1004 2166 1037 2198 lo
1049 2186 1057 2200 ‚
1083 2162 1309 2197 restitueretur.
1335 2161 1411 2195 Erat
1423 2157 1609 2194 adolescens
1620 2156 1762 2191 Athenis

1005 2213 1136 2246 maximi
1148 2210 1223 2245 cum
1236 2210 1335 2255 animi
1354 2220 1424 2243 tum
1444 2209 1600 2256 potentiae
1618 2204 1761 2241 Alcibia-

1004 2262 1070 2302 des,
1091 2259 1287 2295 abhorrebat
1298 2260 1323 2293 is
1334 2257 1435 2306 apace
1452 2270 1548 2306 quam
1561 2251 1740 2304 plurimum
1751 2279 1762 2296 ,

1004 2311 1157 2346 animitas
1175 2310 1297 2344 bellum
1310 2307 1486 2354 exoptabat
1503 2324 1513 2346 ,-
1540 2316 1652 2353 utpote
1674 2304 1764 2351 quod

1006 2371 1108 2394 unum
1128 2358 1165 2393 ad
1184 2359 1322 2406 gloriam
1339 2356 1398 2391 sibi
1424 2359 1456 2390 Sc
1477 2356 1651 2400 imperium
1675 2354 1762 2386 viam

1005 2409 1144 2455 pandere
1161 2409 1306 2446 rebatur3
1328 2403 1389 2440 suis
1411 2406 1464 2439 ille
1490 2402 1632 2438 consiliis
1658 2399 1765 2434 Athe-

1006 2456 1142 2492 niensem
1153 2456 1309 2503 populum
1317 2453 1424 2488 taliter
1435 2453 1678 2498 circumagit,ut
1690 2451 1764 2483 nul-

1006 2506 1035 2539 la
1047 2505 1086 2538 ab
1107 2507 1144 2538 iis
1157 2516 1221 2538 arte
1239 2514 1433 2548 extorquere
1444 2498 1619 2546 'potuerint
1634 2499 1763 2542 Sparta..

1008 2555 1061 2593 ni,
1080 2554 1130 2588 vel
1146 2553 1258 2598 Pylum
1270 2577 1280 2590 ,
1308 2551 1359 2585 vel
1371 2548 1456 2583 aliud
1469 2550 1641 2597 quicquam
1652 2547 1685 2580 in
1702 2545 1768 2580 foe·

1008 2603 1080 2637 dere
1094 2598 1293 2648 promissum.
1316 2600 1406 2633 Hinc
1420 2611 1506 2632 nova
1521 2597 1607 2630 bella
1620 2620 1627 2631 ,
1639 2607 1708 2643 quae
1718 2608 1765 2630 ta-

1009 2664 1083 2685 men
1096 2652 1129 2684 i‘n
1151 2661 1301 2696 apertum
1322 2650 1462 2682 Martem
1487 2657 1561 2680 ante
1574 2645 1763 2680 sexennium

1010 2713 1079 2735 non
1093 2711 1233 2745 erupere.

1059 2748 1182 2782 Interea
1201 2747 1337 2793 Argivi,
1363 2746 1418 2792 qui
1431 2742 1532 2779 modo
1545 2742 1762 2790 principatum
1782 2744 1908 2782 Argiam

1012 2795 1230 2843 Peloponnesi
1256 2796 1308 2841 spe
1332 2794 1558 2833 devorarunt,
1595 2804 1762 2827 cernentes

1012 2845 1182 2893 plerosque
1201 2847 1258 2894 qui
1270 2843 1357 2879 suam
1369 2842 1555 2879 ambiebant
1566 2839 1762 2883 societatem,

1782 2794 1833 2811 rum
1842 2787 1909 2813 Ma.

1781 2825 1811 2851 lis
1818 2828 1889 2860 reflo-

1782 2864 1847 2901 r'efiu

1012 2895 1051 2928 ad
1063 2896 1237 2940 Spartanos
1254 2897 1370 2928 iterum
1382 2904 1504 2928 veteres
1515 2891 1638 2924 amicos
1648 2888 1674 2925 se
1687 2904 1763 2925 con-
1781 2910 1886 2946 spana,

1012 2943 1113 2978 tulisse
1129 2969 1139 2984 ,
1161 2942 1322 2979 Alcibiadis
1333 2945 1460 2978 monitu
1484 2938 1582 2987 prope
1605 2938 1764 2987 supplices

1014 2996 1150 3027 mittunt
1164 2994 1305 3028 Athenas
1318 3018 1326 3031 ,
1339 3003 1373 3026 ut
1385 2990 1457 3037 ipsis
1469 2992 1502 3024 in
1514 2988 1632 3023 foedere
1648 3002 1764 3025 contra

1012 3040 1356 3078 Lacedaernoniosesset
1370 3043 1472 3074 locus.
1509 3040 1685 3085 Impetrant
1706 3053 1765 3087 po-

1011 3092 1124 3125 stulata
1142 3118 1150 3132 ‚
1172 3090 1279 3139 postea
1298 3089 1375 3125 vero
1396 3087 1471 3122 cuin
1495 3088 1532 3122 ad
1556 3086 1639 3133 ipsos
1657 3101 1766 3136 oppu-

1009 3141 1159 3190 gnandos
1168 3142 1317 3176 maximae
1338 3134 1494 3177 venissent
1511 3137 1622 3186 Sparta
1640 3140 1764 3183 copiae‚

1396 3190 1478 3235 Qz
1676 3189 1761 3221 inter
