2048 3343
50 1997 166 2033 scaligeri

593 126 971 165 CHRoNoi„

220 213 267 236 ter
279 199 424 235 Natalem
444 199 474 232 in
486 199 623 246 Januarii
644 197 728 232 sexto
748 196 798 231 seu
817 195 983 230 undecimo

219 260 281 290 Tvss}
295 251 399 296 ponit:
414 248 468 282 ista
481 261 545 282 non
555 258 644 296 negat
659 250 828 284 Barom‘us,
844 243 893 278 sed
900 242 981 276 affir-

217 309 281 332 mat
293 302 508 344 Hieronymum
521 299 552 331 in
565 310 630 343 cap.
646 309 668 330 1.
683 295 834 329 Ezekielis
843 291 981 339 Epipha-

218 349 305 382 nium
321 346 465 382 refellere.
494 349 612 381 Verum
628 344 688 383 est,
702 345 900 389 Hieronymus
913 353 979 375 ver-

218 396 282 431 sum
299 411 323 432 i.
342 396 425 430 istius
440 408 504 441 cap.
519 395 648 441 applicat
666 393 702 426 ad
724 391 841 426 Christi
861 390 977 437 Baptis-

216 461 303 482 mum
318 448 349 480 in
362 458 444 479 anuo
457 443 509 478 suo
522 442 677 478 tricesimo
686 467 695 482 ,
705 441 841 489 Januarii
851 465 859 481 ,
872 439 977 475 secun-

215 498 289 532 dum
304 495 490 532 Orientales,
505 492 613 527 mensis
626 493 725 541 quarti
739 493 788 525 die
801 491 912 538 quinto
925 504 933 524 ι
945 494 976 524 &

216 559 281 581 uno
295 544 393 580 verbo
408 543 450 578 ibi
467 543 642 590 perstringit
662 541 828 588 Epiphanii
848 541 977 588 opinio-

215 609 289 630 nem
300 620 308 635 ,
333 608 401 643 quae
415 593 664 640 Epiphaniorum
677 589 788 625 festum
802 590 977 624 collocabat

215 647 248 679 in
264 645 399 692 Januarii
419 644 554 690 quint03
581 643 672 676 etiam
687 639 827 688 Magistri
848 637 890 673 sui
910 640 976 672 Na-

216 694 366 734 zianzeni,
379 695 432 740 qui
447 706 517 726 cum
533 692 709 739 Epiphanio
722 690 851 724 vocabat
859 687 976 722 Christi

215 745 347 779 natalem
362 742 546 790 Epiphania:
561 742 686 788 quando
700 739 828 774 Deusin
837 739 917 772 terra
925 751 975 784 ap-

216 795 331 841 paruit,
345 806 428 831 nou,
443 803 475 825 ut
487 794 694 839 Hieronymus,
708 787 885 823 obscuratus
899 787 976 823 &ab

215 842 392 890 apparendo
402 841 565 888 impeditus
581 839 640 878 est,
656 839 774 873 nullum
787 849 889 872 tamen
903 840 975 871 Hie-

217 905 353 933 ronymus
366 891 493 926 verbum
502 915 512 931 ,
527 891 565 925 de
576 890 718 924 Nataliin
726 887 874 936 vigesimo
885 888 976 935 quin-

214 954 250 977 to
262 938 465 976 Decembris.

275 993 323 1026 Ex
337 992 429 1025 dietis
442 998 564 1037 apparet
577 987 668 1036 quam
682 1000 793 1021 vanum
807 985 841 1020 sit
854 1010 864 1025 ‚
889 984 976 1032 quod

215 1039 376 1077 Pontificii
391 1051 498 1087 aperto
513 1038 563 1072 liic
581 1050 636 1071 ore
650 1047 789 1083 crepant,
804 1047 913 1069 omnes
923 1038 975 1068 Pa-

216 1103 277 1126 tres
290 1115 299 1130 ‚
321 1100 483 1137 totamque
502 1086 668 1122 Ecclesiam
684 1085 760 1120 stare
779 1097 837 1132 pro
851 1082 975 1118 suorum

214 1139 367 1175 festorum
392 1139 529 1173 maximo
553 1135 657 1170 Natali
682 1133 796 1169 scilicet
828 1132 975 1181 vigesimo

214 1192 329 1238 quinto
343 1187 530 1223 Decembris
545 1183 634 1230 (vere
648 1183 855 1218 Saturnalibus
863 1182 974 1215 Ethni-

215 1252 326 1274 corum
345 1236 601 1280 Decembribus)
623 1233 694 1268 cum
712 1245 815 1267 tamen
834 1230 976 1265 Ecclesiae

217 1290 354 1326 Graecae,
370 1286 523 1325 Asiaticae,
545 1284 749 1331 AEgyptiacae3
765 1279 906 1328 sedesque
922 1284 977 1314 Pa-

217 1335 402 1376 triarchales‚
414 1333 628 1372 Antiochena‚
645 1331 864 1370 Alexandrina,
879 1336 908 1366 &
918 1332 976 1377 ssy-

217 1388 337 1422 zantina
349 1385 386 1419 dc
401 1384 490 1418 natali
502 1381 649 1431 vigesimo
658 1383 769 1430 quinto
778 1381 978 1418 Decembris,

217 1437 273 1472 nisi
287 1435 353 1469 sero
366 1434 465 1473 valde,
486 1433 562 1466 nihil
575 1432 742 1480 quicquam
759 1430 977 1469 inaudiverint,

217 1486 331 1522 scilicet
345 1484 413 1531 post
426 1482 657 1518 translationem
667 1480 853 1527 Chryfi’stomi
865 1479 904 1513 ab
912 1482 975 1513 An-

217 1535 370 1571 tiocheno
390 1531 444 1567 suo
467 1531 678 1577 Presbyteratu
701 1531 739 1563 ad
761 1527 980 1576 Episcopatum

217 1584 439 1632 Byzantinum:
454 1594 510 1616 nec
524 1594 559 1615 ex
574 1578 641 1624 ipsis
656 1579 774 1613 Latinis
790 1603 799 1617 ,
827 1577 847 1611 si
862 1576 978 1624 spurios

216 1636 359 1681 excipias,
369 1634 462 1667 ullum
471 1630 648 1678 Augustino
657 1629 864 1675 antiquiorem
873 1628 978 1669 citent,

218 1685 275 1733 qui
301 1682 461 1718 Christum
489 1692 594 1715 natum
619 1678 808 1714 Decembris
829 1677 977 1726 vigesimo

217 1734 332 1782 quinto
346 1732 488 1767 affirmet.

266 1783 404 1817 Secunda
412 1780 556 1816 sententia
564 1779 608 1815 est
619 1779 774 1827 Scaligeri,
793 1778 930 1824 Calvtfii,
945 1781 977 1813 &

217 1833 366 1871 aliorum,
382 1833 436 1879 qui
449 1832 580 1880 eleganti
595 1827 756 1863 subtilitate
770 1826 978 1863 demonstrare

218 1880 248 1916 se
262 1881 447 1928 profitentur
457 1906 467 1921 ‚
487 1880 647 1916 Christum
662 1890 767 1913 natum
784 1878 814 1911 in
827 1878 976 1913 exituSe-

218 1933 368 1978 Ptembris
382 1945 417 1966 ex
431 1929 620 1966 sacerdotum
638 1928 843 1976 Ephcmeriis.

266 1984 372 2015 Primo
387 1981 512 2026 Paralip.
527 1993 580 2026 24.
593 1989 690 2027 patet,
703 1975 830 2011 familias
840 1974 975 2012 sacerdo-

450 140 528 165 ET

48 2038 161 2075 pulchra,
168 2037 207 2071 fed
217 2030 308 2064 tuma
320 2031 447 2065 Davtde
459 2029 670 2064 distributasin
677 2026 776 2062 classes
785 2027 974 2075 vigintiqua-

0 2081 1 2118 Ϊ
49 2089 122 2106 mnus
139 2078 206 2104 ’ΛΜ-
219 2091 290 2114 tuor
300 2104 308 2119 ‚
322 2093 452 2127 quarum
465 2080 587 2128 fingulae
600 2091 654 2126 per
668 2078 750 2113 vices
764 2075 826 2111 suas
841 2089 908 2125 quae
917 2090 975 2111 vo-

0 2127 1 2152 }
51 2118 80 2145 lls
86 2118 118 2145 ab
128 2117 203 2156 Ephe-

51 2160 132 2185 meritx
141 2159 182 2184 de-

50 2199 191 2233 monstratio

51 2238 161 2266 Natalis-

217 2140 322 2164 cantur
335 2130 518 2176 ephemeriae
530 2130 638 2163 divino
652 2128 745 2161 cultui
759 2128 790 2160 in
798 2127 916 2173 templo
924 2139 974 2161 va-

217 2180 343 2219 cabant,
357 2181 476 2227 integra
489 2178 686 2212 hebdomade
700 2177 716 2210 a
729 2175 856 2210 sabbato
870 2178 901 2209 in
911 2174 973 2210 sab-

216 2229 330 2263 batum.
357 2228 574 2263 Hebdomadae
585 2228 693 2275 viginti
711 2237 844 2272 quatuor
857 2226 921 2258 dies
929 2223 974 2259 fa-

216 2280 299 2312 ciunt
307 2289 430 2312 centum
441 2277 589 2324 sexaginta
598 2277 692 2310 octo:
706 2275 768 2308 hoc
780 2273 860 2307 orbe
872 2272 973 2320 elapso

215 2327 381 2373 incipiebat
405 2327 516 2360 iterum
542 2326 640 2371 prima
664 2323 855 2357 sacerdotum
879 2322 973 2356 claffis

213 2375 294 2409 suam
307 2375 515 2422 ephemeriam
529 2398 538 2412 ‚
564 2377 595 2407 &
608 2372 680 2420 post
694 2384 762 2406 eam
776 2370 920 2409 secunda,
939 2383 973 2404 ac

209 2425 354 2471 deinceps
368 2424 490 2470 reliquae
503 2421 556 2456 suo
564 2423 674 2456 ordine
682 2420 842 2459 fixiffimo,
855 2419 973 2467 nisipu-

209 2474 289 2508 blica
304 2475 403 2521 aliqua
418 2473 570 2507 calamitas
585 2469 662 2505 sacra
677 2472 783 2504 omnia
797 2467 973 2516 interrupis-

208 2522 259 2558 set.
294 2527 351 2558 Per
365 2523 477 2567 jadiam
494 2522 509 2556 a
528 2521 654 2556 Davide
666 2517 778 2554 sortem
791 2520 889 2566 prima
902 2517 970 2553 clas-

209 2572 245 2607 fis
259 2574 391 2620 contigit
399 2570 518 2606 familiae
532 2570 663 2620 quhi,
678 2567 915 2604 oetavafamiliae
924 2572 971 2602 A-

209 2622 274 2658 biae,
291 2627 321 2657 &
335 2623 458 2670 reliquae
471 2623 584 2656 caeteris
596 2619 716 2655 familiis
727 2619 815 2655 dieto
829 2619 903 2652 loco
912 2631 972 2653 no-

209 2672 343 2707 minatis.
375 2675 409 2705 In
423 2673 506 2706 annis
521 2671 658 2706 ducentis
671 2670 780 2718 viginti
793 2679 927 2716 quatuor
939 2681 972 2702 e-

210 2722 375 2770 phenieriae
395 2734 504 2755 omnes
525 2721 666 2755 redibant
686 2720 722 2754 ad
741 2718 865 2754 eosdem
885 2719 948 2753 dies
962 2743 972 2758 ‚

211 2773 252 2806 ita
265 2783 298 2806 ut
306 2785 371 2818 quo
384 2771 434 2805 die
449 2769 558 2804 mensis
573 2767 686 2804 familia
699 2769 814 2816 Joart'ln'
826 2768 972 2816 epheme-

213 2822 287 2855 riam
302 2819 381 2855 suam
398 2821 524 2854 iniverat
539 2844 548 2859 ,
571 2831 594 2852 e.
612 2832 643 2867 g.
657 2817 806 2865 vigesimo
819 2830 908 2851 nono
929 2820 973 2853 Α-

214 2870 278 2910 dar,
290 2884 361 2904 cum
375 2872 508 2904 Salomon
521 2870 672 2916 templum
687 2868 852 2906 dedicaret,
862 2866 975 2900 eodem

214 2920 264 2954 die
278 2919 347 2966 post
367 2933 462 2954 annos
478 2920 629 2954 ducentos
649 2918 758 2966 viginti
777 2928 912 2965 quatuor
924 2928 974 2950 ea-

216 2969 288 3002 dem
301 2966 412 3002 familia
425 2968 504 3004 suam
514 2969 721 3016 ephemeriam
730 2968 839 3001 iterum
849 2965 978 3001 inchoa-

217 3029 263 3052 ret
271 3042 278 3053 ,
295 3018 434 3065 adeoque
443 3017 514 3052 sacri
522 3019 613 3063 hujus
624 3018 710 3053 orbis
717 3017 905 3052 adminiculo
913 3028 979 3050 cer-

218 3066 328 3101 tissime
341 3071 372 3102 &
385 3067 543 3103 clarissimi:
556 3069 738 3116 singularum
755 3065 938 3101 familiarum
947 3078 979 3100 e-

219 3117 385 3165 phemeriae
401 3116 576 3164 investigari
590 3117 722 3164 possunt.

1289 121 1321 160 L
1351 136 1363 160 1
1398 135 1429 160 Β.
1476 121 1528 159 11.
1735 134 1777 171 45

1022 193 1080 229 fuit
1094 194 1186 228 etiam
1198 194 1442 240 variorumJudae
1451 195 1576 242 Regum
1592 192 1776 235 idololatria,

1021 248 1051 277 δέ
1066 244 1175 278 Divini
1195 242 1293 276 culisis
1307 266 1316 280 ‚
1346 243 1533 290 orbiumque
1547 243 1780 279 sacerdotalium

1019 293 1050 325 in
1064 293 1183 339 templo
1199 292 1372 339 neglectus,
1386 289 1450 325 satis
1467 292 1578 326 crebro
1589 293 1617 326 in
1627 295 1778 336 Hezekiae,

1018 339 1103 387 Josiae,
1118 346 1148 375 &
1157 342 1288 375 aliorum
1300 342 1424 386 Regum
1433 339 1704 376 reformationibus
1715 355 1779 377 me-

1016 400 1165 424 moratus.
1183 388 1463 424 Verumenimvero
1477 390 1545 436 post
1559 391 1636 438 Jndae
1650 393 1779 427 &isac-

1015 437 1101 471 cabaei
1114 439 1330 486 purgationem
1346 439 1453 485 templi
1467 438 1505 472 ab
1520 441 1664 473 Antiochi
1676 442 1779 487 pollu-

1015 488 1153 521 tionibus
1167 487 1292 522 testatur
1308 488 1443 536 Josbphus
1457 488 1492 521 ad
1507 489 1643 522 ultimam
1659 492 1779 525 Hiero-

1014 536 1204 584 solymorum
1218 550 1271 584 per
1287 536 1486 584 Wsf'lastannm
1500 537 1779 578 obsidionem‚or-

1014 587 1118 621 dinem
1133 587 1387 634 Ephemeriarum
1396 599 1552 634 nunquam
1562 588 1775 634 interruptum.

1014 636 1190 671 instauravit
1210 637 1297 670 ludas
1315 637 1463 682 templum
1478 637 1530 670 lib.
1548 648 1570 670 1.
1585 637 1725 671 Maccab.
1739 651 1772 683 4.

1014 698 1056 731 52.
1067 685 1174 720 mensis
1183 685 1292 720 Casleu
1305 685 1456 734 vigesimo
1464 686 1587 733 quinto,
1601 687 1669 719 anni
1679 687 1772 720 Grae-

1013 748 1123 769 corum
1142 735 1298 769 centesimi
1318 735 1537 783 quadragesimi
1557 736 1682 776 oetavi3
1708 736 1772 770 hoc

1013 784 1073 824 est,
1088 784 1251 819 secundum
1264 787 1461 834 Scaltgerum,
1476 784 1623 833 vigesimo
1637 783 1771 819 secundo

1013 835 1202 870 Novembris
1213 859 1221 873 ‚
1235 836 1304 868 anni
1319 835 1571 882 periodiJulianae
1585 845 1690 882 quater
1702 836 1772 869 mil-

1013 883 1110 917 lefimi
1129 883 1363 931 quingentesimi
1378 884 1597 932 quadragesimi
1617 885 1710 924 noni,
1730 897 1772 918 eo

1014 946 1090 980 ergo
1104 933 1153 966 die
1167 933 1375 979 epliemeriam
1393 931 1475 967 suam
1496 935 1644 981 inceperit
1657 931 1773 968 familia

1012 981 1244 1029 primaloartbi,
1259 984 1399 1030 adeoque
1407 981 1773 1030 secundumcyclumhie-

1012 1033 1140 1066 raticum
1153 1029 1266 1065 familia
1287 1033 1397 1066 offis-iva
1415 1031 1498 1065 Abia
1516 1032 1772 1080 quinquagesimo

1013 1081 1083 1128 post
1097 1081 1161 1117 die,
1176 1082 1313 1128 Januarii
1328 1080 1439 1115 scilicet
1452 1081 1592 1117 decimo,
1610 1083 1681 1115 anni
1695 1095 1774 1128 qua-

1012 1142 1059 1165 ter
1080 1130 1235 1164 millesimi
1254 1129 1492 1178 quingentesimi
1517 1130 1770 1178 quinquagefimi.
1807 1170 1810 1171 ⁷

1014 1182 1089 1214 Hoc
1102 1181 1255 1227 principio
1268 1180 1333 1213 fixo
1346 1178 1510 1214 secundum
1523 1180 1671 1214 calculum
1686 1179 1773 1213 orbis

1012 1229 1151 1264 hieratici
1172 1229 1302 1263 inveniri
1321 1240 1410 1263 certo
1429 1228 1532 1276 potest
1555 1240 1674 1277 quanto
1697 1229 1773 1263 libet

1013 1289 1154 1327 tempore
1162 1277 1283 1317 futuro,
1299 1279 1410 1326 quaevis
1418 1277 1773 1326 cujussibetvigintiqua-

1013 1340 1088 1363 tuor
1102 1325 1285 1362 familiarum
1302 1327 1476 1375 ephemeris
1492 1353 1501 1368 ‚
1520 1333 1551 1363 &
1564 1327 1639 1362 νειό
1652 1328 1774 1374 periodi

1010 1379 1138 1426 Julianae
1151 1388 1257 1425 quater
1270 1377 1433 1411 millesimo
1449 1376 1717 1425 septingentesimo
1734 1391 1773 1411 o-

1016 1427 1189 1476 &ogesimo
1204 1427 1313 1465 tertio,
1323 1427 1399 1474 Julii
1409 1428 1532 1460 decimo
1540 1438 1650 1474 quarto
1659 1451 1668 1466 ‚
1682 1424 1774 1460 fami-

1016 1478 1053 1511 lia
1066 1476 1204 1513 vicesima
1215 1488 1320 1524 quarta
1332 1475 1453 1510 Maasiae
1466 1476 1544 1511 inire
1558 1477 1665 1510 debuit
1677 1476 1773 1523 ephe-

1016 1528 1143 1561 meriam
1157 1524 1253 1565 suam,
1280 1525 1367 1573 quod
1381 1525 1425 1559 ob
1445 1526 1582 1560 virorum
1596 1526 1682 1560 bello
1695 1538 1773 1561 con-

1017 1574 1208 1625 sumptorum
1222 1576 1359 1622 inopiam
1374 1588 1438 1609 non
1458 1576 1549 1610 valuit
1561 1574 1716 1622 praestare,
1739 1587 1773 1611 ut

1015 1626 1150 1676 Jofiephus
1163 1622 1303 1660 observat
1317 1625 1347 1658 in
1360 1625 1472 1658 ultimo
1486 1622 1772 1659 Endelechismide-

1015 1675 1098 1711 fec‘tu
1110 1701 1118 1713 ‚
1137 1676 1222 1710 annis
1235 1675 1375 1710 ducentis
1389 1674 1512 1722 triginta
1525 1674 1640 1714 tribus,
1661 1681 1693 1711 &
1705 1676 1773 1710 die-

1015 1726 1072 1761 bus
1085 1726 1223 1761 ducentis
1235 1725 1361 1773 triginta
1374 1736 1506 1772 quatuor
1519 1724 1590 1772 post
1603 1724 1772 1759 Maccabei

1015 1777 1169 1811 Encaenia.

1062 1825 1238 1861 Secundum
1251 1825 1334 1860 hunc
1354 1825 1440 1859 orbis
1459 1825 1602 1859 hieratici
1622 1824 1773 1859 calculum

1014 1876 1183 1909 Zacharias
1201 1876 1232 1908 in
1253 1873 1339 1909 classe
1357 1874 1467 1909 ostavz'i
1489 1874 1592 1908 eAbiae
1612 1874 1773 1921 Epheme-

1013 1927 1088 1959 riam
1103 1926 1191 1960 inivit
1200 1925 1275 1972 Julii
1290 1923 1437 1971 vigesimo
1450 1924 1553 1970 primo
1565 1947 1575 1963 ,
1601 1925 1686 1957 annis
1701 1921 1772 1970 post

1015 1974 1182 2009 Maccabaei
1196 1975 1341 2008 Encaenia
1354 1985 1478 2008 centum
1492 1970 1652 2020 sexaginta,
1667 1973 1773 2007 &die-

1014 2025 1070 2059 bus
1087 2036 1211 2060 centum
1230 2026 1400 2070 nonaginta
1412 2021 1534 2057 duobus
1548 2046 1558 2061 ‚
1580 2021 1772 2069 periodiJu-

1012 2075 1096 2110 lianae
1110 2085 1217 2123 quater
1229 2072 1394 2107 millesimo
1406 2070 1675 2120 septingentesimo
1687 2071 1774 2105 deci-

1012 2138 1067 2159 mo
1082 2150 1091 2164 ,
1111 2125 1236 2171 impleta
1247 2133 1350 2157 autem
1363 2121 1406 2156 est
1419 2120 1591 2169 ephemeris
1605 2124 1636 2155 &
1650 2120 1772 2168 liturgia

1011 2175 1059 2209 illa
1066 2173 1298 2220 ZachariaeJulii
1305 2171 1451 2221 vigesimo
1459 2171 1586 2208 οὲὶανο,
1599 2169 1772 2218 postquem

1012 2224 1095 2258 diem
1108 2221 1266 2257 Zacharia}
1279 2222 1409 2256 domurn
1424 2220 1505 2254 suam
1513 2218 1685 2253 discedente
1693 2231 1773 2253 con-

1012 2273 1094 2318 cepit
1106 2270 1267 2307 Elizabeth
1278 2270 1421 2318 Joannem
1433 2268 1596 2318 Baptzstam
1605 2269 1696 2303 initio
1705 2271 1773 2303 Au-

1012 2320 1091 2369 gusti
1102 2345 1113 2360 ,
1147 2320 1295 2368 latuitque
1319 2318 1486 2355 secundum
1510 2321 1629 2352 Lucam
1652 2316 1773 2353 menses

1011 2371 1150 2416 quinque
1164 2395 1174 2410 ‚
1200 2374 1231 2404 &
1251 2368 1335 2403 sexto
1355 2372 1479 2403 ineunte
1498 2366 1611 2407 scilicet
1623 2367 1773 2413 Januario

1013 2419 1158 2466 concepit
1176 2421 1291 2452 Maria
1311 2417 1461 2462 Chrtstum
1474 2440 1483 2455 ‚
1509 2416 1562 2462 qui
1575 2428 1688 2449 novem
1702 2415 1773 2462 post

1012 2467 1184 2508 mensibus,
1201 2467 1390 2515 Septembris
1405 2466 1518 2502 scilicet
1533 2464 1593 2498 fine
1608 2465 1653 2498 vel
1667 2465 1773 2499 0610-

1012 2518 1075 2552 bris
1095 2518 1184 2552 initio
1200 2542 1210 2557 ,
1234 2529 1333 2565 prope
1345 2515 1570 2566 aequinoffium
1584 2515 1773 2549 Autumnale

1011 2567 1109 2602 editus
1124 2567 1179 2602 est.

1001 135 1223 161 0G1CI

992 2682 993 2708 3
1012 2666 1087 2701 titur
1099 2665 1320 2714 hypothesibus
1335 2690 1345 2705 ,
1365 2675 1493 2710 quarum
1511 2665 1574 2698 una
1586 2663 1707 2697 labente
1720 2674 1771 2697 to-

992 2714 993 2762 l
1012 2728 1079 2751 tum
1093 2718 1153 2751 ruit
1165 2715 1346 2755 aedificium,
1361 2724 1394 2748 ut
1407 2714 1483 2747 mihi
1498 2714 1624 2762 quidem
1639 2713 1704 2747 satis
1714 2713 1771 2747 du-

992 2769 994 2806 Ϊ
1013 2767 1064 2801 bia
1083 2768 1219 2802 videatur
1234 2790 1243 2806 ‚
1270 2778 1338 2813 quae
1356 2775 1459 2798 tamen
1476 2774 1583 2797 contra
1603 2775 1670 2797 earn
1688 2763 1773 2808 obji-

993 2810 995 2861 ἶ
1014 2817 1097 2851 ciunt
1105 2818 1149 2851 vel
1160 2813 1567 2861 PetaviusvelSpanhemius,
1580 2825 1774 2860 nequaquam

995 2890 996 2911 ;
1015 2864 1083 2900 sunt
1093 2864 1775 2914 magnimomenti.UterqueprimariamSca-

995 2917 997 2951 'i
1016 2917 1099 2964 ligeri
1110 2914 1452 2963 hypothesininfirmam
1461 2913 1675 2961 pronunciant,
1689 2911 1776 2958 quod

997 2994 998 3005 ι
1017 2964 1130 3000 scilicet
1143 2965 1232 2999 ludas
1240 2963 1429 2998 Maccabaeus
1439 2964 1469 2997 in
1479 2962 1528 2997 sua
1541 2962 1647 3009 templi
1660 2961 1775 2996 restau-

998 3011 999 3055 i
1017 3017 1138 3050 ratione
1152 3016 1283 3062 primam
1302 3013 1502 3049 Sacerdotum
1515 3011 1634 3046 classem
1649 3025 1685 3046 ex
1705 3011 1774 3060 Joa-

1018 3064 1079 3099 ribi
1086 3064 1199 3099 familia
1206 3066 1305 3112 prima
1312 3065 1377 3098 vice
1387 3062 1472 3097 sacris
1481 3062 1665 3097 adhibuerit.
1681 3059 1774 3108 Resp-

998 3106 1001 3169 ἱ
1018 3116 1161 3164 δεαίξξενὲ
1177 3114 1228 3148 hic
1243 3116 1376 3149 rationes
1390 3112 1455 3146 sunt
1468 3113 1535 3160 plus
1548 3125 1640 3159 quam
1658 3111 1775 3159 proba-

280 3166 380 3217 Qod
405 3166 476 3200 huic
495 3166 597 3200 ordini
623 3166 839 3202 confusionem
864 3167 983 3201 induxit
1000 3179 1002 3211 Q
1019 3165 1095 3199 biles
1109 3190 1119 3205 ‚
1146 3165 1178 3199 in
1196 3163 1312 3198 solenni
1327 3164 1409 3197 enim
1427 3163 1540 3197 Divini
1553 3161 1651 3198 cultsis
1666 3173 1774 3195 corru-

223 3228 333 3266 praeter
347 3217 524 3264 captivitatis
543 3216 743 3264 Babylonicae
756 3217 957 3253 calamitatem
970 3239 982 3257 ,
1001 3214 1142 3271 'xptiffimi
1163 3212 1387 3250 reformatione
1412 3213 1462 3247 cui
1485 3210 1676 3248 sacerdotum
1695 3209 1774 3243 clasii

1374 3267 1403 3299 F
1406 3264 1430 3309 f
1448 3276 1461 3309 3
1660 3259 1773 3307 primas

1059 2615 1300 2651 Demonstratio
1311 2614 1376 2649 haec
1389 2609 1503 2648 subtilis
1510 2615 1652 2662 Scaltgeri
1663 2624 1712 2648 tot
1724 2613 1772 2647 ni-
1787 2616 1834 2681 ald
1840 2618 1943 2682 Zetavii

1787 2667 1799 2683 o
1811 2667 1839 2691 μ’
1863 2666 1928 2684 umes

1787 2696 1908 2734 responde.

1787 2744 1838 2764 tur.
