2048 3343
34 2560 145 2588 Demon-

28 2602 117 2637 stratio
124 2608 171 2628 ter-

35 2644 151 2676 minorum

39 2681 140 2719 ἔμε-1η.

451 82 518 110 ετ
577 75 1250 115 Cnnonozoeicx
1312 70 1487 121 [siml.

194 158 258 185 erat
272 171 283 185 ‚
307 146 446 182 Lucretia
470 159 595 190 narrat,
631 148 808 183 vindictam
828 157 942 181 curent

191 197 305 233 multis
317 210 390 231 cum
401 195 572 242 lachrymis
584 197 785 233 obtestatur:
810 195 888 243 quid
898 196 943 229 vis

191 247 356 294 amplius?
383 248 415 280 in
428 249 576 282 omnium
588 247 694 280 oculis
706 247 810 280 cultro
821 267 830 280 ‚
841 255 941 291 quem

191 296 226 330 in
237 308 310 330 eum
322 295 414 330 usum
425 297 508 330 clam
519 295 676 330 inferebat
689 296 720 328 in
735 292 804 328 sinu
818 317 828 333 ,
849 293 955 328 suum¹

190 346 308 390 trajicit
319 357 387 379 cor.
419 346 475 380 Vir
493 348 524 378 δέ
545 354 635 391 pater
653 343 695 378 ad
715 345 854 378 lamenta
873 355 942 377 ver-

133 398 163 420 ''-
189 405 320 434 tuntur‚·
346 391 459 427 verum
476 394 572 427 Iunius
584 392 739 427 idoneum
754 393 785 427 id
797 393 939 439 aperien-

192 443 224 478 di
234 443 353 491 ingenii
371 453 498 489 tempus
509 452 594 477 ratus
606 466 616 482 ‚
634 453 805 476 cruentum
817 454 854 476 ex
871 442 943 475 vul-

192 505 267 528 nere
275 493 414 526 cultrum
428 491 564 526 extrahit
578 517 587 532 ‚
605 495 635 526 &
648 491 719 526 infit
732 517 742 532 ,
756 503 810 539 per
822 490 941 525 castum

191 541 279 576 hunc
289 539 474 589 sanguinem
483 544 558 585 juro
569 553 763 576 conaturum
774 553 825 575 me
836 552 943 587 quan-

191 591 223 626 ῐέἰ
233 589 355 639 possum
368 591 413 631 vi,
429 590 466 624 ad
477 592 628 635 injuriam
642 589 866 625 vindicandam
879 588 942 622 toti

189 642 284 688 rcgiae
301 639 384 685 stirpi
402 640 576 685 perniciem
599 637 728 680 afferre3
756 637 801 673 nil
817 639 942 672 minora

189 689 294 725 verbis
308 687 395 723 fuere
408 686 501 722 fafta.
538 692 573 722 In
586 687 695 723 forum
712 686 862 723 Collatia:
876 688 939 719 Lu-

186 738 277 773 cmiae
287 750 404 784 corpus
415 735 505 771 effert
518 761 526 776 ,
546 737 738 784 indignitate
750 735 827 773 fa&i
839 736 937 769 corri-

185 791 281 837 piunt
293 789 376 822 cives
385 798 472 820 arma
482 812 491 825 ‚
503 786 584 821 duce
600 787 682 821 Iunio
693 791 783 821 Bruto
793 787 939 821 Romam

187 837 361 873 advolant,
377 836 550 870 advocatur
570 837 604 870 in
625 838 822 871 concionem
836 845 939 880 popu-

186 887 235 921 lus
248 911 259 927 ,
293 884 328 920 cfi
346 897 420 920 cum
441 882 581 919 efficacia
599 885 760 919 declamat
781 887 889 916 Brutus
905 883 939 915 in

186 934 406 984 Tarquiniorum
425 932 570 968 facinora
590 932 652 981 qux}
671 944 775 969 vetera
793 930 857 978 qua
876 942 932 963 no⁴

185 998 226 1020 va
238 1010 248 1025 ,
264 995 300 1019 ut
312 982 514 1018 irrevocabili
525 983 655 1016 decreto
669 993 738 1016 non
753 979 857 1013 modo
869 988 939 1012 tota

184 1033 407 1081 Tarquiniorum
418 1044 496 1079 gens
508 1033 540 1064 in
554 1041 741 1076 perpetuum
754 1031 939 1063 mitteretur

187 1085 340 1118 exilium,
358 1079 406 1114 sed
424 1081 519 1113 etiam
538 1080 640 1125 Regia
660 1080 694 1112 in
712 1091 814 1113 omne
833 1089 938 1111 aevum

187 1132 361 1167 auctoritas
372 1125 478 1161 Roma
491 1126 745 1173 proscriberetur.
766 1130 802 1161 In
814 1139 937 1161 annum

186 1180 318 1226 insuper
332 1177 515 1222 sequentem
539 1179 644 1210 Brutus
655 1181 686 1212 &
699 1176 859 1211 Collatinus
870 1189 939 1210 cre-

186 1240 282 1265 antur
303 1223 475 1261 Consules.
507 1228 552 1260 Ita
573 1227 731 1274 Regnum
746 1251 756 1266 ‚
782 1224 857 1260 cum
878 1238 937 1260 an-

185 1291 247 1314 nos
264 1276 422 1311 ducentos
444 1275 656 1323 quadraginta
679 1277 824 1324 quinque
841 1274 939 1309 stetis-

185 1326 244 1366 set,
257 1327 288 1361 in
301 1326 545 1359 Democratiam
560 1327 627 1359 ivit.
637 1326 763 1359 Harum
775 1337 880 1359 rerum
893 1322 940 1358 fa-

186 1389 240 1413 ma
259 1388 332 1411 cum
356 1375 394 1409 ad
408 1374 544 1421 ‘Regem
557 1375 589 1408 in
606 1374 713 1408 castris
725 1371 919 1422 pervenisset
932 1397 940 1410 ι

183 1427 290 1475 primo
302 1436 432 1473 quoque
442 1435 589 1470 tempore
601 1424 771 1458 contendit
782 1425 939 1462 Romam,

184 1474 285 1511 sedin
298 1486 334 1508 os
348 1474 508 1509 venientis
519 1473 722 1518 objiciuntur
732 1484 845 1521 portae.
873 1472 936 1506 Ea-

183 1524 261 1559 dem
274 1524 436 1558 celeritate
448 1546 456 1559 ‚
470 1522 583 1569 dispari
602 1522 680 1558 vero
692 1523 829 1557 successu
841 1520 940 1556 trans-

185 1574 287 1610 currit
308 1576 414 1606 Brutus
425 1573 456 1606 in
469 1571 566 1607 castra
579 1596 588 1609 ‚
604 1573 766 1619 accipiunt
781 1571 937 1606 ambabus

186 1623 275 1659 ulnis
293 1620 385 1655 obvii
405 1623 523 1655 milites
542 1646 551 1661 ,
577 1634 794 1670 quantamque
810 1619 938 1669 possunt

186 1683 319 1719 operam
331 1672 364 1704 in
375 1671 563 1718 Tarquinium
577 1673 793 1717 pollicentur3
820 1668 939 1705 interea

184 1721 363 1768 Tarquinius
373 1730 459 1767 pater
477 1718 601 1767 filiique
622 1724 762 1765 majores
778 1719 816 1752 ad
830 1719 937 1754 hostes

184 1771 412 1805 Romanorum
434 1769 696 1817 translugerunt3
720 1768 830 1804 verum
845 1769 935 1803 adul-

185 1830 234 1854 ter
245 1823 352 1852 Sextus
367 1820 398 1851 in
416 1817 555 1857 Sabinos,
575 1818 630 1852 ubi
644 1831 720 1853 mox
739 1817 755 1852 ὲ
777 1819 936 1854 veteribus

185 1869 329 1903 inimicis
340 1866 566 1901 obtruncatur.

232 1917 374 1951 Pertinet
399 1917 529 1963 quidem
559 1915 680 1963 Superbi
700 1916 856 1963 Regnum
893 1916 934 1952 ad

183 1965 414 2000 Monarchiani
427 1966 608 2004 secundam,
621 1965 671 2000 sed
683 1966 933 2002 incommodum

185 2014 288 2051 visum
298 2014 340 2050 est
350 2016 478 2063 Regum
490 2016 632 2051 dividere
642 2015 820 2050 historiam.

335 2105 368 2140 C
405 2119 428 2142 A
465 2118 539 2140 ru
580 2118 604 2141 Τ
657 2107 772 2143 V111.

201 2175 293 2221 usa'
311 2175 480 2232 Epocham
494 2175 742 2269 pgffzdemem
767 2175 913 2229 quaestio-

442 2245 493 2265 ne!
520 2249 524 2255 ⁸
572 2248 586 2264 ss
608 2243 648 2266 la·

371 2307 398 2341 Q
424 2308 448 2335 U
474 2309 512 2336 ΑΞ
538 2308 554 2334 S
574 2309 600 2334 T
622 2309 635 2335 1
658 2308 686 2335 O
727 2310 749 2336 I.

338 2362 392 2393 De
407 2359 520 2406 flammi
540 2358 658 2407 Epochae
691 2359 784 2395 totali.

285 2425 428 2461 Uaeritur
457 2438 484 2459 1.
505 2429 601 2474 Qiot
621 2429 713 2462 annis
731 2427 854 2462 steterit
873 2426 935 2476 pri-

285 2487 376 2509 mum
395 2475 558 2521 templum
570 2500 579 2514 ‚
593 2476 643 2508 seu
655 2488 737 2523 quot
752 2477 844 2510 annis
857 2490 937 2523 con-

189 2523 250 2559 stet
266 2523 329 2559 haec
344 2522 475 2570 Epocha
486 2525 598 2570 quinta
615 2527 681 2568 jam
694 2537 754 2571 prae
764 2525 938 2558 manibus?

191 2573 288 2620 Resp.
313 2572 498 2607 Secundum
519 2572 676 2620 quosdam
698 2572 940 2619 Chronologos

192 2635 282 2658 annis
293 2622 533 2669 quadringentis
542 2623 655 2669 viginti
665 2633 815 2669 quatuor,
827 2620 940 2655 secun-

194 2673 270 2708 dum
281 2673 360 2705 alios
373 2695 381 2709 ,
394 2670 636 2719 quadringentis
648 2674 799 2721 triginta:
827 2669 879 2704 sed
893 2669 937 2704 se-

192 2721 336 2758 cundum
351 2720 524 2770 Scaligerum
534 2744 543 2759 ,
562 2727 588 2755 C
589 2719 721 2763 alvifium
737 2724 768 2754 δε
779 2720 943 2754 Henricum

193 2769 289 2818 Philip
309 2770 338 2810 i,
351 2782 435 2817 quos
449 2782 507 2803 nos
519 2769 660 2803 maxime
671 2769 851 2816 sequimur,
861 2781 942 2813 qua-

193 2820 368 2868 dringentis
382 2819 498 2866 viginti
511 2817 644 2866 septem.

370 2916 671 2956 QuAEs’mo
714 2915 756 2943 11.

253 2967 404 3014 Qomodo
422 2982 558 3003 annorum
574 2967 659 3012 hujus
676 2965 888 3016 Epochaefhm—

458 3032 505 3052 ma
513 3016 648 3066 pmbetur
658 3021 674 3051 ἓ

278 3084 419 3120 Uaetitur
439 3101 470 3122 z.
483 3089 554 3132 Qu
567 3101 604 3122 cx
615 3085 704 3122 Sacrz'i
713 3084 873 3133 Scriptura
882 3085 941 3120 cal-

1687 94 1732 129 75

987 144 1082 194 Resp.
1108 148 1169 181 Vel
1186 153 1412 187 numeratione
1424 154 1525 201 magis
1545 152 1715 189 summarii·
1727 172 1738 191 2

989 196 1036 229 vel
1057 208 1194 231 numero
1216 198 1400 234 minutatim
1418 201 1559 237 deduflo
1582 217 1635 249 per
1657 205 1738 238 vitas

989 243 1187 290 singulorum
1201 247 1333 294 Regum
1347 246 1436 292 Judae
1449 254 1482 284 &
1499 250 1616 286 lli-:ielis
1629 277 1636 288 ‚
1649 265 1738 299 qno-

990 304 1059 326 rum
1072 296 1149 328 anni
1160 293 1276 330 diserte
1290 297 1322 330 in
1333 298 1430 331 Sacris
1442 296 1538 334 literis
1551 315 1736 337 memoran-

988 351 1050 375 tur.
1087 345 1229 378 Priorem
1266 344 1306 380 sic
1343 345 1554 383 instituimus,
1590 351 1675 385 fiztk
1702 364 1739 396 4.

990 403 1020 425 v.
1038 400 1093 436 50.
1121 392 1203 426 Dedi
1216 391 1269 428 tibi
1283 408 1372 428 annos
1382 395 1541 443 imquitasis
1552 411 1644 430 eorum
1682 413 1739 434 nta-

986 453 1062 473 mero
1070 442 1191 482 dierum,
1201 453 1341 477 trecentos
1350 444 1388 478 &
1398 446 1555 495 nonaginta
1565 445 1637 485 dies5
1648 448 1738 489 diem,

984 491 1118 534 inquam,
1130 502 1182 538 pro
1201 505 1275 526 anno
1293 493 1359 526 dedi
1378 491 1440 528 tibi.
1465 498 1580 542 Typus
1603 497 1651 529 hic
1671 496 1737 530 fuit

986 540 1280 589 annorum‚quibus
1292 542 1509 578 Idololatriam
1521 546 1632 591 populi
1644 545 1739 578 llrae‘-

986 587 1066 622 litici
1078 589 1215 624 Domini
1227 592 1380 637 patientia
1391 593 1549 628 toleravit.
1572 596 1737 640 Incipiunt

986 637 1032 670 illi
1044 649 1131 671 anno
1143 640 1248 685 primo
1259 637 1449 676 Rhehoboami
1458 656 1524 689 quo
1536 642 1678 676 [eroboam
1688 644 1736 676 vi·-

985 684 1073 720 tulos
1092 686 1166 721 illos
1188 692 1275 722 Dane
1293 694 1322 724 δι’
1342 690 1464 724 Bethele
1475 693 1576 726 erexit
1588 716 1596 729 ‚
1610 696 1638 726 ἅ
1655 690 1737 725 defi-

985 735 1110 770 nuncin
1122 738 1236 783 templi
1247 739 1391 774 excidio:
1409 740 1456 775 his
1469 743 1622 776 trecentis
1633 753 1738 775 nona-

984 784 1076 831 ginta
1094 787 1184 819 annis
1203 787 1283 821 adde
1304 790 1435 836 triginta
1455 789 1594 838 septem,
1615 789 1736 839 quibus

984 832 1118 866 Solomon
1133 839 1281 881 regnavit
1299 838 1370 883 post
1383 837 1553 874 fundatum
1567 839 1740 888 templum,

984 880 1116 915 habebis
1139 894 1311 917 nnmerum
1331 887 1501 932 quaefitum
1526 896 1633 924 annos'
1656 901 1739 937 qua—

983 929 1174 977 dringentos
1192 933 1309 978 viginti
1320 932 1452 980 septem.

1032 978 1240 1014 Posteriorcm
1261 983 1510 1018 calculationem
1535 984 1577 1018 fic
1599 984 1738 1020 institui—

984 1039 1068 1061 mus.
1096 1029 1264 1076 Regnavit
1285 1029 1420 1065 Solomon
1439 1034 1534 1067 annis
1548 1046 1605 1075 40.
1618 1033 1740 1068 funda-

983 1078 1030 1110 vit
1049 1078 1211 1125 templum
1229 1080 1334 1126 Regni
1353 1093 1441 1115 anno
1456 1092 1573 1129 quarto
1591 1081 1737 1122 fluente,

983 1137 1021 1159 ex
1041 1126 1199 1161 Solomonis
1217 1128 1336 1175 Regno
1353 1130 1529 1165 tribuimus
1548 1132 1671 1178 templo
1682 1144 1740 1165 an-

963 1179 967 1184 '
982 1187 1042 1209 nos
1054 1178 1187 1224 triginta
1198 1173 1316 1224 septem
1328 1204 1337 1218 ‚
1352 1183 1383 1214 &
1394 1181 1537 1227 reliquos
1553 1193 1667 1215 omnes
1679 1193 1740 1226 po-

982 1223 1165 1260 sterioribus
1183 1226 1334 1274 Regibus
1344 1227 1454 1276 Judae:
1481 1231 1512 1263 in
1526 1229 1644 1277 quibus
1657 1225 1739 1263 Rhe-

982 1271 1116 1309 hoboamo
1134 1274 1335 1310 ascribuntur
1354 1276 1583 1324 septemdecim
1617 1291 1628 1313 1
1653 1280 1736 1327 Reg.

987 1335 1040 1369 14·
1053 1337 1083 1358 v.
1099 1336 1151 1359 21.
1181 1323 1282 1360 eAbiae
1294 1337 1354 1361 tres
1369 1327 1490 1363 ibidem
1509 1339 1555 1373 15>
1568 1341 1596 1361 v.
1610 1341 1639 1362 2.
1668 1330 1736 1376 Aſse

983 1373 1196 1422 quadraginta
1214 1387 1295 1410 unus
1313 1375 1390 1411 ibid.
1404 1391 1435 1421 9.
1457 1375 1601 1425 Iofhfhaso
1620 1379 1737 1425 viginti

983 1424 1128 1471 quinque
1146 1423 1266 1460 ibidem
1290 1437 1342 1459 22.
1361 1427 1435 1461 vers
1455 1439 1506 1473 42.
1533 1431 1642 1461 loramo
1657 1428 1737 1462 0610

986 1484 1003 1505 2
1018 1472 1100 1520 Reg.
1114 1473 1144 1505 8.
1158 1486 1185 1508 v.
1202 1485 1258 1519 17.
1272 1472 1417 1512 Achaziae
1434 1489 1517 1511 unus
1538 1476 1659 1511 ibidem
1678 1481 1738 1512 26.

983 1517 1116 1555 Athaliae
1126 1520 1175 1556 sex
1189 1521 1308 1558 ibidem
1326 1536 1363 1558 11.
1375 1538 1402 1558 ν.
1415 1538 1447 1570 4.
1462 1529 1511 1560 [0ae
1523 1525 1737 1573 quadraginta.

984 1582 1094 1606 12.v.1.
1106 1574 1227 1609 Amasi’ae
1238 1573 1354 1620 viginti
1365 1587 1484 1609 novem
1503 1587 1605 1620 14.v.1.
1625 1574 1735 1611 Uzgiae

984 1619 1197 1669 quadraginta
1208 1620 1273 1655 duo
1289 1633 1342 1668 15.
1355 1635 1385 1656 v.
1403 1636 1433 1657 2.
1449 1621 1581 1657 lothamo
1595 1623 1734 1658 sedecim

982 1669 1102 1704 ibidem
1121 1683 1175 1716 13.
1185 1667 1316 1708 Achaeo
1326 1670 1463 1707 sedecim
1477 1678 1526 1707 16.
1540 1686 1567 1707 v.
1580 1686 1613 1707 2.
1627 1675 1736 1710 Heze-

978 1715 1026 1764 ἦα
1042 1720 1158 1767 viginti
1176 1733 1297 1754 novem
1319 1721 1371 1756 18.
1393 1734 1420 1757 v.
1436 1733 1468 1756 z.
1486 1721 1623 1767 Manassi
1637 1724 1737 1768 quin-

981 1771 1137 1818 quaginta
1156 1772 1301 1817 quinque
1325 1781 1383 1804 21.
1410 1783 1440 1805 v.
1465 1783 1492 1804 1.
1516 1772 1647 1805 exqmom'
1666 1771 1733 1805 duo

980 1819 1102 1853 ibidem
1123 1831 1174 1862 19-
1199 1820 1274 1861 [0stae
1293 1820 1424 1867 triginta
1436 1831 1517 1853 unus
1531 1820 1585 1854 22ss
1597 1832 1628 1854 v.
1642 1831 1669 1855 1.
1684 1823 1733 1854 lo-

979 1866 1088 1904 achazo
1100 1878 1159 1902 tres
1170 1866 1296 1901 menses
1312 1880 1368 1911 23.
1383 1881 1412 1903 ν.
1428 1880 1473 1913 31·
1491 1866 1615 1908 Ioakimo
1626 1869 1733 1904 unde-

984 1919 1048 1952 cim
1071 1918 1148 1951 anni
1169 1916 1288 1950 ibidem
1311 1921 1364 1962 36.
1391 1917 1509 1952 Ieconiae
1527 1929 1588 1952 tres
1608 1918 1732 1953 menses

983 1980 999 2001 2
1015 1967 1112 2001 Paral.
1128 1970 1181 2012 36.
1200 1966 1278 2001 vers.
1297 1965 1475 2008 9.Zedekiae
1490 1967 1639 2001 undecim
1652 1969 1732 2003 anni.

984 2029 1000 2050 z
1013 2017 1098 2064 Reg.
1111 2028 1167 2061 24.
1178 2027 1208 2051 v.
1219 2026 1232 2048 1
1241 2016 1271 2048 8.
1284 2015 1358 2049 Hos
1371 2027 1524 2050 numeros
1535 2015 1556 2048 si
1566 2016 1732 2051 additione

981 2063 1341 2112 conjungas‚summam
1354 2065 1494 2099 invenies
1509 2066 1734 2111 quadringen-

981 2126 1091 2149 torum
1112 2115 1245 2160 triginta
1261 2126 1422 2147 annorum
1440 2118 1471 2147 ὃ(
1491 2111 1540 2147 sex
1562 2113 1734 2149 mensium.

983 2162 1086 2210 Qod
1105 2163 1144 2197 ad
1164 2161 1215 2196 sex
1235 2161 1357 2197 menses
1377 2165 1411 2196 in
1423 2162 1656 2198 rotundatione
1668 2176 1733 2198 nu-

982 2214 1064 2247 meri
1083 2212 1294 2255 abjiciuntur,
1321 2222 1383 2246 tres
1400 2213 1498 2246 etiam
1519 2210 1607 2259 supra
1624 2213 1736 2260 praedi-

981 2264 1065 2296 &am
1085 2258 1242 2295 summam
1261 2262 1337 2295 anni
1356 2259 1448 2295 facile*
1461 2262 1710 2308 complanantur
1725 2285 1736 2299 ‚

968 2310 1148 2359 ,jungendo
1161 2311 1266 2357 plures
1279 2311 1497 2357 incompletos
1510 2313 1544 2345 in
1564 2313 1732 2359 pauciores

981 2361 1183 2408 completos,
1199 2370 1234 2393 ut
1244 2371 1320 2393 mox
1332 2359 1523 2397 videbimus.

1147 2463 1448 2503 QuAEsTro
1492 2464 1561 2492 111.

1055 2541 1212 2592 ‚Quomodo
1230 2542 1393 2574 Solomon
1417 2538 1455 2573 ὠ
1467 2550 1538 2586 puer
1557 2541 1590 2577 ά
1603 2550 1662 2586 pa*

1324 2606 1367 2630 ter
1378 2598 1394 2628 ?

986 2691 1043 2752 T
1059 2691 1151 2727 Ertib
1164 2692 1476 2741 quaeras,qu0modo
1490 2690 1672 2727 Rhehoboam
1681 2694 1732 2728 re-‘

1054 2754 1151 2790 gnare
1170 2744 1305 2788 coeperit
1325 2756 1412 2777 anno
1425 2745 1523 2777 aetatis
1535 2743 1736 2790 quadragesi..

987 2805 1045 2827 mo
1059 2793 1167 2838 primo
1194 2803 1206 2824 1
1223 2793 1304 2838 Reg.
1320 2802 1373 2834 14.
1385 2806 1415 2826 v.
1429 2806 1444 2826 2
1457 2804 1484 2827 1.
1502 2792 1589 2826 Cum
1601 2792 1734 2827 Solomon

987 2842 1083 2875 initio
1113 2841 1224 2887 Regni
1259 2840 1305 2875 sui
1339 2841 1462 2875 dicatur
1487 2853 1564 2887 puer
1588 2843 1737 2888 parvulus

992 2903 1005 2924 1
1022 2891 1105 2937 Reg.
1121 2901 1192 2933 3.v.
1204 2902 1233 2934 7.
1256 2887 1489 2923 Rhehoboamum
1502 2902 1571 2924 tum
1588 2893 1738 2936 oportuit

990 2938 1077 2973 fuiss‘c
1101 2937 1261 2973 bimulum
1273 2964 1281 2978 ,
1305 2938 1479 2987 quomodo
1507 2938 1582 2974 vero
1604 2939 1738 2974 Solomon

989 3001 1065 3035 puer
1074 2986 1224 3035 parvulus
1238 2991 1345 3035 potuit
1356 3001 1420 3022 tarn
1441 2989 1560 3023 mature*
1574 2987 1639 3023 fieri
1653 2990 1738 3024 duo-

989 3050 1060 3071 rum
1073 3050 1232 3072 annorurn
1244 3042 1346 3084 pater?
1356 3036 1438 3084 Resp
1454 3038 1543 3071 Cave
1556 3049 1645 3083 putes
1657 3051 1734 3071 cum

991 3084 1128 3120 Rablu'nis
1146 3086 1285 3133 genuiffe
1301 3086 1480 3120 Salomonem
1497 3088 1529 3121 in
1543 3088 1673 3122 decimo
1686 3089 1737 3122 vel

303 3131 372 3169 ulus
403 3135 456 3171 hic
487 3137 652 3175 evidenter
687 3135 946 3173 demonstretur?
990 3136 1186 3173 duodecimo
1198 3148 1305 3175 anno,
1322 3148 1396 3172 nam
1416 3138 1546 3174 Salomon
1558 3148 1632 3174 ante
1644 3150 1738 3172 mor-

1381 3185 1414 3222 K
1440 3198 1459 3221 2
1672 3197 1741 3224 tem
