2048 3343
462 109 527 134 ET
589 97 1237 135 Cnnonotoercr

142 199 146 203 -
180 174 261 211 fuit,
280 175 315 207 δε
327 170 514 216 nuptiarum
529 169 676 205 solennia
694 179 770 202 cum
787 164 932 214 principe

181 221 284 259 tribus
302 221 384 254 Iudae
398 219 552 256 celebrari
565 227 743 266 potuerunt
766 240 777 255 ,
804 226 928 249 annum

181 282 284 308 unuin
302 267 454 304 effluxiss'e
473 269 628 304 convenit
655 280 663 300 ε
691 260 832 312 nupserit
851 275 930 311 ergo

184 323 313 358 salmom
333 320 444 354 {rahab
462 329 551 352 anno
565 317 665 350 aetatis
677 312 738 348 suae
750 314 928 348 decimose-

182 382 293 419 ptimo
314 392 324 406 ,
349 378 519 414 materque
540 363 833 399 fueritliberoruin
844 372 929 410 quot

182 422 274 455 voles
295 422 329 453 &
343 418 462 463 quovis
475 427 628 463 tempore
640 439 647 452 ,
663 412 719 447 scd
731 412 835 448 filium
847 420 931 448 Boaz.

182 465 478 520 produxeritaetatis
489 477 575 498 anno
587 461 819 510 quinqnasimo
830 461 932 496 sexto:

182 519 369 564 frequentes
390 515 531 550 historia:
552 512 625 548 sunt
651 516 751 548 ctiam
772 524 877 560 nuper
898 513 930 544 in

181 579 272 604 tanta
282 577 375 600 :etate
385 575 632 612 puerperarum.
651 561 819 596 Differunt
831 562 933 607 aliqui

183 629 294 654 ortum
318 623 401 651 Boaz.
418 616 455 648 ad
475 615 584 647 mattis
596 625 720 646 annum
734 607 932 659 septuagesi-

182 678 277 702 mum
294 662 469 699 secundum
485 688 496 704 ‚
513 662 613 709 aliqui
631 662 674 696 ad
686 658 933 708 nonagesimum

180 719 338 764 quintum
351 738 360 754 ,
376 710 432 747 sed
444 711 543 746 nobis
559 723 630 745 non
642 710 734 745 lubet
745 708 867 756 absque
880 719 934 742 ne-

179 765 324 802 cessitate
339 763 496 797 miracula
509 759 736 806 multiplicare.
770 758 936 805 Pcpcrerit

179 815 260 863 ergo
288 814 403 848 Rachab
421 811 521 846 filium
551 817 635 847 Boicz
660 822 750 843 anno
773 809 830 842 suo
841 809 937 853 quin-

183 861 376 913 quagesimo
388 861 475 895 sexto
487 885 496 900 ,
515 858 725 904 Principatfis
737 855 877 892 Otbnielis
889 857 936 890 vi-

183 912 306 949 cefimo
318 909 495 948 secundos&
505 907 638 943 transitu
649 904 815 940 tricesimo
828 917 936 940 nono:

183 963 218 998 hi
236 963 370 1011 triginta
388 970 514 993 novem
538 956 766 991 subducantur
783 954 800 988 32
819 953 936 1000 praedi-

187 1014 248 1047 &is
259 1012 415 1046 trecentis
428 1008 595 1054 sexaginta
605 1001 786 1049 sex,reliqui
798 1001 938 1036 trecenti

187 1062 306 1109 viginti
326 1062 444 1104 septem
459 1052 678 1090 distribuendi
699 1054 733 1086 in
751 1053 938 1087 nativitates

1295 98 1359 134 L·1
1379 110 1412 136 n.
1444 99 1473 136 I.
1672 107 1715 141 53

977 176 1140 202 traxerunt
1160 185 1170 207 ς
1198 167 1287 214 degit
1304 168 1403 204 hodie
1426 169 1548 205 Perthae
1562 171 1720 220 Magister
1741 170 1872 211 Magifien·

977 218 1092 250 colinus
1114 219 1237 251 Rhmnus
1251 216 1473 264 ludimagister
1489 222 1570 254 oiim
1595 218 1719 256 Pcrtae'ya-
1740 216 1839 242 C⁰l¹m⁴⁵

976 277 1026 298 nus
1046 289 1056 304 ,
1083 270 1117 300 &
1143 266 1216 313 post
1234 266 1275 300 ad
1298 278 1405 300 annos
1425 268 1588 314 sexaginta
1606 267 1670 317 qud
1687 272 1721 303 in
1742 260 1830 295 Qum.

977 314 1086 348 §cotia
1105 313 1167 362 qua
1178 316 1209 349 in
1224 314 1382 349 Hibernit‘i
1400 339 1409 354 ‚
1438 315 1526 349 sacro
1545 319 1725 353 ministerio

975 358 1120 403 funftus,
1132 366 1188 411 qui
1199 375 1374 399 centenum
1386 365 1508 399 denum
1524 365 1553 400 se
1566 367 1726 403 affirmata

978 412 1068 459 quod
1083 414 1262 448 admodum
1273 414 1446 448 verisimile
1456 441 1463 453 ‚
1484 411 1560 448 crim
1573 427 1640 448 non
1653 427 1728 451 tan-

979 462 1051 496 tum
1074 469 1208 498 loannem
1221 467 1363 498 Knoxt'um
1374 488 1384 502 ‚
1408 467 1560 511 Georgium
1575 467 1729 500 Budmm-

979 522 1047 546 nmn
1058 536 1065 551 ,
1077 515 1256 560 Protogeni
1271 515 1435 547 Moravium
1450 537 1458 550 ‚
1478 515 1642 562 Reginam
1661 521 1730 548 Ma-

980 563 1071 601 riam,
1086 561 1246 596 sedetiam
1259 562 1472 596 cardinalem
1485 570 1730 599 Beronumsseor-

973 613 1059 658 glum
1076 616 1098 645 V
1104 609 1270 656 Vifliartum
1284 637 1293 652 ‚
1311 614 1451 646 Ioannem
1471 611 1730 658 majoremvidffe

983 658 1014 694 se
1024 660 1227 694 demonstret
1236 685 1246 700 ‚
1258 659 1328 694 imo
1343 660 1614 699 Cartufianorum
1626 665 1660 697 &
1671 675 1734 696 cae-

982 720 1048 743 tera
1065 709 1312 744 Monachorurn
1327 714 1428 746 Perthae
1445 711 1617 746 domicilia
1630 736 1640 752 ,
1661 724 1735 757 quae

985 759 1017 792 in
1029 760 1135 805 prima
1151 756 1392 794 reformatione
1407 762 1518 795 diruta
1536 761 1632 801 sunt,
1649 762 1737 794 inte-

985 820 1043 854 gra
1056 811 1089 842 &
1104 809 1298 855 incorrupta
1311 808 1527 856 conspexerit.
1562 809 1738 845 Vivaciffi-

987 869 1058 890 mus
1074 858 1127 890 hic
1148 857 1275 890 senecio
1297 857 1335 891 εἲ)
1351 857 1489 893 sanitate
1503 864 1535 894 δε
1549 860 1666 893 virium
1682 858 1738 892 fir-

987 907 1100 938 mitate
1110 916 1241 938 mecum
1255 905 1470 952 colloquutus
1481 909 1526 942 est
1538 920 1626 941 anno
1639 921 1649 940 i
1660 913 1736 952 650.

988 953 1077 1036 [¹th
1088 953 1213 987 multos
1229 953 1335 989 adhuc
1354 967 1459 988 annos
1475 954 1633 1003 superesse
1645 955 1736 1005 poss'e

987 1015 1019 1037 vi
1049 1013 1151 1038 catur.

1170 1101 1480 1139 QuAEs-rio
1523 1103 1562 1129 v.

33 1125 169 1157 obedssoa-
191 1113 282 1150 obed,
296 1109 368 1155 ieffi,
381 1109 413 1140 δε
425 1104 541 1139 David.-
561 1100 582 1135 fi
598 1100 864 1135 distributiohaec
877 1099 937 1133 fiat

26 1171 67 1205 so,
77 1168 131 1205 lfffe
190 1173 244 1207 per
255 1152 502 1205 partesaequales
511 1161 567 1187 aut
575 1151 754 1197 aequalibus
763 1150 939 1197 proximas,

31 1210 124 1238 0122210,
191 1208 356 1244 dabuntur
373 1202 507 1251 singulis
519 1200 665 1235 Patribus
676 1201 706 1233 in
720 1201 936 1248 generatione

34 1247 171 1286 Davidque
191 1256 337 1291 filiorum
351 1264 484 1286 centnm
497 1252 623 1285 &octo
643 1262 652 1284 ε
679 1253 711 1284 &
729 1250 796 1284 boc
813 1247 939 1282 calculo

1055 1173 1201 1220 Quomodo
1211 1171 1246 1207 ab
1256 1175 1346 1208 Exodo
1356 1174 1396 1207 ad
1405 1171 1584 1221 Jephtham
1599 1173 1671 1207 anni

1303 1232 1431 1258 trecenti.

27 1291 138 1370 11ξὲἷῶ
189 1313 272 1343 Boaz.
283 1305 322 1339 de
334 1305 407 1338 Ruth
420 1301 655 1356 genueritobfd
663 1311 750 1333 anno
765 1301 868 1333 aetatis
881 1301 940 1332 suae
996 1304 1210 1382 QUaetitur
1226 1303 1346 1351 quinto
1357 1328 1367 1344 ,
1397 1301 1582 1350 quiiephtha
1600 1300 1676 1349 Jud.
1692 1312 1740 1336 11.
1762 1303 1883 1343 Qmodo

32 1384 85 1402 rum
98 1381 161 1398 armo
191 1352 369 1389 centesimo
384 1348 727 1395 Ostavofflsfflfflpatfis
739 1348 818 1383 vers)
833 1349 944 1382 Dssbs’m
1068 1369 1097 1390 v.
1108 1359 1164 1388 26.
1193 1355 1326 1401 Israelem
1338 1350 1587 1388 dicathabitfiss'e
1602 1351 1662 1385 suis
1674 1350 1744 1385 die·
1762 1345 1878 1373 ‘'bema‘’

32 1414 156 1450 centefimo
192 1407 316 1440 otstavo
330 1427 338 1442 ‚
359 1406 392 1436 &
413 1402 491 1435 obed
506 1401 659 1448 genuerit
676 1400 744 1443 Ieffae
762 1398 823 1433 suae
841 1399 944 1431 aetatis
1762 1387 1794 1413 ati
1806 1386 1876 1423 Ieph-

32 1456 169 1502 032270’14·
189 1451 370 1490 centesimo
390 1453 487 1486 etiarn
506 1451 650 1489 odram,
676 1449 780 1483 statim
790 1447 833 1483 ab
849 1448 947 1480 initio

32 1499 124 1532 ''Vm“
189 1503 442 1554 gubernationis
451 1497 568 1548 lephthoe
579 1525 588 1540 ,
601 1499 661 1546 Ieffie
670 1511 807 1545 quoque
817 1509 943 1547 genue-

993 1400 1744 1450 busHesboneannis3Comumacaedesitbonis
1777 1429 1784 1454 l
1897 1428 1901 1432 .

995 1458 1029 1488 &
1047 1455 1273 1501 occupatione
1284 1452 1460 1488 Hesbonis
1473 1454 1635 1488 Numzr.
1653 1463 1742 1496 anno
1763 1437 1901 1497 {¹225th

189 1556 233 1588 rit
248 1554 347 1588 David
364 1564 453 1585 anno
466 1552 568 1585 :etatis
578 1546 639 1582 suae
656 1553 838 1583 centesimo
851 1548 947 1581 oCka·

189 1616 251 1651 -νο,
261 1615 297 1636 ac
310 1603 440 1637 decimo
453 1598 661 1647 principatus
673 1600 822 1634 Samuelis.

239 1651 487 1696 Objicientibus
511 1650 613 1684 videri
638 1649 756 1684 durum
782 1659 851 1682 non
871 1658 945 1681 tan-

191 1701 264 1737 tum
276 1713 406 1737 aetatem
417 1699 472 1735 scd
484 1701 518 1733 &
531 1702 679 1746 vigorem
692 1699 733 1732 ad
742 1698 944 1745 gignendum

190 1752 235 1787 ad
246 1749 459 1786 centesimum
475 1749 630 1782 octavum
644 1749 682 1781 iis
696 1746 807 1781 seculis
817 1746 945 1795 produ-

192 1814 274 1836 cere.
287 1798 455 1847 RcspAEtsi
468 1796 568 1844 ipsius
580 1796 660 1841 M⁶fi⁵
670 1795 787 1830 diebus
798 1796 944 1843 legamus

190 1848 271 1884 Psal.
284 1862 341 1892 90.
362 1848 561 1882 ordinariam
574 1845 750 1880 hominum
764 1857 894 1880 aeratern
907 1847 944 1878 iis

187 1898 339 1933 cancellis
358 1895 640 1943 circumscriptam
664 1919 674 1935 ,
698 1895 817 1941 quibus
842 1896 942 1929 etiam

188 1947 291 1982 hodie
312 1952 493 1982 humanam
521 1948 624 1979 vitain
650 1943 752 1991 vulgo
780 1944 944 1979 contineri

188 1998 338 2032 videmus
350 2008 516 2030 annorum
529 1993 730 2041 septuaginta
743 1998 776 2028 &
788 1995 944 2040 ofsogin-

191 2058 224 2081 ta
246 2063 258 2090 3
283 2057 430 2080 attamen
450 2047 484 2078 in
501 2042 738 2090 posterioribus
751 2044 943 2090 &praescnti

191 2108 328 2144 quoque
347 2094 455 2130 seculo
477 2106 548 2127 non
568 2091 793 2138 infrequentes
812 2093 946 2127 ordina-

193 2149 317 2180 riorum
340 2147 561 2179 terminorum
585 2141 850 2189 transgress'iones
873 2141 946 2189 spe-

38 2192 159 2230 Exempla
195 2196 337 2231 §tamur-
364 2193 507 2230 Celebre
527 2193 572 2227 est
595 2191 687 2226 Plinii
707 2192 948 2227 testimonium,

38 2237 158 2304 ἰῖξῖηὼ
196 2247 255 2292 qui
275 2240 390 2280 diebus
409 2243 488 2284 suis,
505 2239 748 2291 imperantibus
771 2240 947 2288 Vespfiam's,

198 2291 339 2328 affirmat
352 2295 383 2327 in
398 2292 547 2328 ccnfibus
558 2291 655 2327 Italiae
669 2292 823 2326 inventos
836 2290 948 2324 homi-

199 2354 254 2376 nes
267 2343 352 2377 duos
363 2343 517 2386 ,alterum
530 2345 666 2382 Evnomia,
676 2344 815 2377 alterum
826 2338 951 2375 Arimini

198 2402 362 2426 annorum
387 2398 452 2433 156
473 2416 482 2429 ,
506 2392 540 2425 in
564 2392 696 2438 regione
721 2402 831 2424 autern
851 2389 948 2422 ltaliae

201 2440 317 2474 οέὶεινᾶ
343 2439 456 2474 censos
491 2450 560 2474 tum
595 2438 684 2474 fuisse
710 2440 950 2487 quinquaginta

201 2499 347 2537 quatuor
368 2500 430 2534 150
449 2512 458 2524 ‚
481 2488 603 2535 septem
621 2487 794 2521 centenum
813 2486 952 2529 densim,

201 2542 287 2573 duos
297 2548 476 2571 centenum
487 2539 637 2570 vicenum
648 2536 952 2581 quinum,qnatuor

203 2598 380 2623 centenum
393 2587 551 2620 tricenum
569 2609 578 2622 ‚
595 2587 826 2631 quatuoritem
838 2593 951 2617 cente-

204 2649 284 2671 num
297 2638 453 2670 tricenum
463 2635 646 2682 septenum,
658 2638 765 2668 &tres
776 2644 952 2667 centenum

204 2685 456 2734 quadragenum
477 2699 486 2725 3
507 2686 584 2731 quid
607 2696 690 2731 ergo
711 2682 901 2717 mirandum
919 2682 953 2714 in

205 2734 315 2770 multo
337 2732 583 2782 antiquioribus
599 2732 710 2767 seculis
728 2734 881 2766 inventos
894 2756 903 2771 ‚
919 2733 953 2764 in

209 2785 419 2832 primisinter
431 2783 572 2817 Domini
591 2785 754 2825 majores,
770 2784 828 2828 qui
841 2781 883 2815 ad
893 2792 954 2813 an-

208 2847 288 2869 num
300 2832 514 2868 centesimum
527 2833 682 2865 o&avum
693 2832 831 2865 vixerint
848 2854 857 2870 ‚
884 2831 954 2862 imo

207 2882 335 2918 liberos
360 2883 605 2931 procreaverint
626 2885 637 2915 ?
674 2876 789 2914 Vixiss'e
815 2878 956 2926 legimus

212 2933 371 2967 leboiadam
384 2930 585 2966 Pontificem
604 2943 625 2966 2
638 2929 825 2974 Cliton.24.
846 2928 890 2962 ad
902 2939 956 2961 an-
978 2935 979 2938 ’

213 2992 291 3014 num
310 2982 524 3016 centesimum
538 2979 734 3016 tricesimum
748 3003 757 3016 ,
777 2977 958 3013 abrahamus

213 3030 312 3063 etiam
334 3031 510 3065 centesimo
538 3026 792 3078 quadragesimo
818 3035 958 3062 Keturam

215 3077 308 3112 duxit
326 3103 336 3116 ‚
355 3083 388 3112 ὃ(
406 3093 443 3114 ex
459 3093 497 3114 ea
519 3083 645 3115 multos
662 3078 785 3113 liberos
812 3076 959 3124 suscepit.

214 3128 340 3162 Nostro
350 3126 416 3160 hoc
426 3127 533 3163 seculo
548 3128 732 3163 referuntur
745 3129 823 3162 varii
835 3130 890 3174 qui
903 3127 960 3160 diu

215 3179 301 3213 ultra
318 3176 532 3212 centesimum
545 3190 696 3228 vegetam
708 3176 871 3214 senectam
883 3188 960 3225 pto-

994 1504 1076 1550 Mosts
1094 1504 1214 1538 ultimo
1235 1507 1266 1538 &
1286 1502 1361 1550 post
1375 1501 1521 1536 exodum
1534 1498 1745 1549 qtiadragtfi·

990 1552 1079 1587 simo
1099 1553 1140 1588 ad
1160 1555 1257 1601 Iephtae
1274 1553 1500 1598 Principatum
1517 1563 1563 1585 tor
1576 1551 1653 1584 anni
1674 1561 1745 1583 non

994 1602 1169 1639 fluxerint?
1195 1600 1290 1650 Resp.
1310 1603 1399 1636 Tam
1410 1598 1620 1647 sacrosquam
1634 1596 1748 1646 profa-

995 1665 1056 1687 nos
1076 1654 1229 1687 austores
1245 1662 1404 1685 numeros
1424 1652 1587 1684 rotundos
1598 1661 1658 1697 pro
1669 1661 1750 1696 prae-

996 1702 1065 1738 cifis
1077 1715 1205 1750 ponere
1225 1726 1235 1738 ‚
1261 1700 1424 1735 addentes
1450 1701 1638 1734 centenario
1663 1697 1749 1744 siqui

996 1751 1104 1787 desint
1120 1778 1129 1793 ‚
1151 1756 1185 1787 &
1206 1748 1411 1785 dementessi
1424 1750 1480 1795 qui
1493 1746 1664 1796 supersint.
1689 1745 1745 1781 Ab

995 1804 1104 1838 exodo
1127 1803 1185 1845 (dc
1198 1797 1339 1847 quasoffi
1354 1800 1449 1845 Regis
1463 1798 1693 1833 ammonitarum
1704 1795 1747 1830 ad

994 1855 1127 1899 lephthcn
1139 1850 1440 1898 quaesti0‚adeo.que
1449 1845 1566 1895 lepbthae
1574 1843 1747 1894 responsio

995 1901 1074 1942 fuit)
1084 1903 1121 1934 ad
1133 1900 1167 1934 id
1176 1911 1305 1945 tempus
1315 1898 1499 1933 secundum
1510 1894 1671 1931 calculum
1685 1907 1751 1928 no-

995 1952 1092 1985 strum
1103 1951 1178 1984 anni
1189 1947 1277 1984 fuere
1288 1948 1640 1994 tercentumquinque,
1653 1946 1751 1991 quin-

994 2012 1058 2046 que
1068 1999 1159 2048 supra
1169 1998 1390 2033 centenarium
1404 2009 1460 2043 per
1470 1996 1748 2030 rotundationem

996 2050 1204 2092 ainciumur.
1229 2048 1283 2080 Sin
1296 2043 1373 2080 veto
1389 2045 1583 2092 respondere
1596 2039 1748 2092 lephtham

999 2111 1068 2133 non
1081 2096 1266 2136 exodoJed
1279 2107 1431 2141 tempore
1440 2095 1666 2138 occupationis
1680 2092 1748 2138 Hes-

998 2149 1071 2183 bonis
1083 2147 1223 2183 velimus
1243 2171 1253 2186 ,
1279 2157 1351 2181 tum
1363 2144 1484 2190 praecist
1496 2145 1571 2177 anni
1585 2153 1678 2177 erunt
1690 2144 1747 2175 tri-

999 2200 1089 2246 ginta
1099 2198 1246 2246 quinque
1259 2195 1429 2243 pauciores
1440 2194 1610 2234 trecentis,
1627 2191 1679 2232 sed
1691 2203 1748 2238 qui

998 2260 1029 2281 in
1041 2247 1277 2282 rotundatione
1288 2256 1355 2278 tarn
1366 2243 1464 2278 facile
1474 2243 1638 2277 adduntur
1647 2240 1748 2288 quam

1001 2300 1150 2346 quinque
1170 2297 1370 2331 demuntur:
1390 2290 1584 2330 tantumhic
1594 2291 1750 2326 observa-

1002 2359 1033 2382 te
1044 2348 1203 2384 calculum
1222 2347 1340 2392 lephtlm
1355 2341 1515 2390 suffragari
1527 2342 1617 2377 valde
1638 2341 1751 2374 nostro

1002 2409 1183 2443 computo,
1202 2397 1259 2441 qui
1274 2393 1467 2431 servitutum
1488 2404 1593 2425 annos
1608 2390 1755 2424 includi-

1003 2459 1076 2480 mus
1086 2448 1180 2480 ann‘is
1192 2441 1454 2488 Iudicnm,iisque
1464 2440 1624 2476 adversari
1636 2441 1692 2484 qni
1704 2450 1757 2471 ex-

1003 2495 1142 2530 dudunt
1153 2520 1163 2535 ‚
1183 2506 1259 2528 narn
1273 2492 1293 2526 fi
1304 2490 1436 2527 seorsim
1450 2501 1603 2524 numeres
1613 2490 1670 2532 qui
1684 2499 1755 2520 me-

1005 2555 1179 2578 morantur
1201 2552 1275 2574 anre
1300 2537 1450 2584 lephtham
1463 2563 1472 2577 ‚
1493 2549 1599 2571 annos
1617 2535 1756 2570 sentitu-

1005 2605 1074 2627 tum
1090 2590 1212 2625 scilicet
1233 2588 1462 2634 Meffipotamenae
1471 2585 1550 2620 osto
1565 2611 1575 2626 ,
1596 2586 1759 2620 Moabiticae

1005 2641 1222 2678 octodecim,
1241 2638 1419 2673 Canamticae
1443 2637 1559 2683 viginti
1578 2660 1588 2674 ,
1610 2637 1758 2669 mediani-

1003 2694 1063 2725 τέω
1082 2689 1204 2735 septem
1227 2711 1236 2724 ‚
1263 2689 1455 2722 Ammoniticae
1475 2684 1665 2720 ostodecim
1683 2711 1692 2724 ,
1720 2687 1755 2717 in

1004 2740 1143 2774 solidum
1156 2737 1360 2785 septuaginta
1373 2748 1475 2770 unum
1489 2740 1519 2768 ἃ
1534 2744 1684 2780 praeterea
1696 2733 1755 2768 de-

1007 2802 1076 2824 cem
1088 2813 1097 2828 ‚
1110 2800 1195 2835 quos
1209 2787 1351 2820 tribuere
1362 2783 1466 2820 solent
1477 2782 1667 2818 Senioribus
1681 2782 1754 2829 post

1008 2839 1145 2884 Ioshuam
1158 2848 1231 2870 ante
1245 2835 1381 2883 primam
1395 2834 1578 2869 servitutem
1591 2858 1600 2873 ‚
1617 2832 1755 2865 babebi-

1011 2900 1083 2921 mus
1099 2887 1139 2921 ab
1154 2885 1264 2921 exodo
1282 2885 1326 2920 ad
1346 2887 1493 2932 lcpbtham
1508 2895 1572 2916 non
1586 2883 1757 2929 pauciores

1009 2938 1109 2985 quim
1123 2934 1359 2983 ocftogintasex
1372 2940 1461 2980 snpra
1481 2943 1646 2966 trecentos
1665 2956 1673 2970 ‚
1699 2933 1756 2976 qui

1011 2990 1171 3031 majorem
1184 2997 1357 3020 numerum
1370 2984 1490 3019 faciunt
1502 2981 1618 3027 ,quam
1630 2979 1758 3028 quiullfi

1011 3036 1246 3072 rotundatione
1259 3035 1366 3084 potest
1375 3031 1636 3068 accommodari.

1403 3182 1426 3209 G
1451 3190 1463 3213 3
1640 3177 1760 3212 QUAE·

1770 2052 1897 2077 qumera-

1769 2101 1820 2117 rum
1829 2093 1888 2117 ime-

1769 2132 1877 2169 qualium

1740 2191 1746 2197 .
1769 2171 1874 2200 rotumlae
1880 2191 1886 2196 .

1769 2221 1812 2241 tw.
