2048 3343
50 335 116 358 Nero
134 327 185 354 bel-

49 370 102 398 lam
120 367 204 396 iudai-

49 419 107 438 cum
123 408 203 445 Vespa-

43 448 116 487 siano
139 457 204 475 com-

39 489 158 518 mittio.

48 1118 96 1145 Ad
104 1118 204 1155 Ascalo·
276 1106 454 1152 Vespafianm
471 1105 582 1136 Titum
595 1101 693 1135 filium
707 1097 849 1146 praemilit
862 1099 893 1131 in
907 1100 981 1131 eAE-
1017 1099 1098 1132 mani
1111 1088 1233 1132 leinbos
1248 1097 1369 1132 assecuti
1383 1096 1462 1134 sunt,
1487 1102 1517 1132 ὅ(
1534 1098 1729 1133 cadaveribus
1743 1113 1777 1134 ac

47 1159 190 1204 nemsim'ai
213 1166 344 1204 gypmm
363 1166 396 1189 ut
409 1153 480 1187 inde
499 1164 571 1186 cum
584 1150 701 1184 duabus
719 1147 917 1196 legionibus,
949 1151 979 1181 &
1016 1147 1158 1194 sanguine
1171 1147 1520 1194 pulcherrimumlacum
1533 1148 1776 1195 compleverunt,

48 1197 118 1242 ”¹⁰¹5
134 1198 200 1226 mul·
219 1203 426 1250 Dynastarum
439 1202 612 1237 vicinorum
625 1199 744 1234 auxiliis
757 1197 785 1231 se
797 1197 979 1232 conveniret
1015 1197 1094 1231 cresis
1113 1197 1150 1231 ad
1167 1197 1260 1231 millia
1276 1194 1334 1231 sex.
1377 1198 1474 1230 Erant
1486 1196 1655 1231 Taricliaeis
1669 1210 1778 1244 praeter

47 1238 117 1264 Hau.
217 1253 430 1291 ptolemaide,
451 1251 511 1285 huc
524 1248 585 1296 ipse
603 1251 650 1284 via
664 1247 833 1295 Byzantina
847 1257 978 1280 conten·
1015 1247 1172 1294 indigenas
1186 1246 1385 1294 quadraginta
1395 1247 1489 1279 millia
1504 1260 1732 1289 convenarum3
1750 1249 1776 1281 i-

216 1303 272 1336 dit.
305 1303 404 1349 Judaei
417 1314 453 1335 ex
467 1299 600 1335 Sestianfi
613 1298 744 1334 viffitoria
764 1295 875 1330 stolide
889 1295 978 1329 infla-
1014 1296 1132 1330 storum
1146 1297 1240 1330 millia
1257 1295 1305 1330 sex
1322 1297 1353 1329 in
1372 1295 1545 1343 essclmjam
1559 1296 1595 1330 ad
1610 1299 1775 1344 Ἇζςναηενη

216 1354 256 1393 ti,
280 1350 466 1385 Ascalonem
481 1362 596 1396 magno
609 1360 680 1382 cum
693 1349 809 1393 impetu
820 1345 904 1379 ibant
918 1359 976 1392 op-
1014 1345 1108 1383 missa,
1122 1357 1156 1380 ut
1168 1347 1199 1380 in
1210 1344 1328 1380 lstbmo
1342 1345 1552 1379 Corinthiaco
1564 1344 1775 1392 perfodiendo

213 1412 383 1450 pugnatum
399 1415 407 1435 ε
432 1400 514 1434 firmi
528 1398 593 1433 satis
608 1409 693 1432 erant
706 1396 792 1430 urbis
807 1396 904 1435 muri,
929 1394 979 1430 sed
1014 1396 1201 1435 laborarent,
1215 1395 1352 1442 trigintia
1365 1395 1458 1429 millia
1473 1393 1526 1429 sub
1539 1398 1659 1430 corona
1671 1396 1776 1430 venie-

214 1452 304 1499 pauci
323 1451 493 1484 admodum
513 1450 593 1483 intus
606 1444 801 1482 defensores:
826 1447 978 1478 Antonius
1014 1456 1106 1480 runt:
1131 1445 1205 1479 nihil
1224 1445 1305 1479 aliud
1319 1445 1350 1478 in
1372 1443 1491 1492 (Jizli'laeai
1510 1445 1689 1479 remanebat
1708 1459 1774 1479 non

216 1502 301 1534 enim
313 1512 378 1533 non
393 1498 479 1547 supra
501 1510 593 1532 unam
612 1495 778 1531 cohortem
793 1499 824 1529 &
838 1507 930 1529 unani
950 1508 979 1529 a·
1014 1495 1172 1529 stibaetum
1191 1506 1299 1542 praetet
1318 1488 1483 1528 Gamalam
1497 1519 1508 1535 ,
1535 1492 1691 1528 Giscalam
1704 1520 1714 1535 ,
1741 1499 1774 1530 &

214 1552 277 1585 lani
290 1549 424 1584 habebat
438 1563 448 1590 ;
467 1561 539 1583 cum
551 1558 614 1581 tam
627 1547 729 1594 paucis
743 1556 907 1592 erumpens
921 1545 979 1591 Ju-
1014 1555 1156 1580 montem
1169 1544 1351 1579 Itabucium.

215 1601 288 1635 daeis
301 1601 437 1634 occurrit
455 1602 486 1634 &
500 1598 656 1646 pugnandi
669 1595 831 1643 imperitos
845 1595 979 1639 conjecit
1073 1595 1237 1629 Gamalam
1248 1595 1280 1628 in
1292 1593 1354 1628 alto
1367 1605 1401 1626 ac
1414 1591 1530 1628 summe
1541 1594 1689 1642 praecipiti
1701 1591 1772 1629 saxo
1789 1605 1900 1632 Gamala
1908 1604 1938 1632 ob

217 1652 249 1684 in
258 1649 372 1698 fugam,
386 1648 465 1683 caefis
479 1648 614 1682 millibus
622 1648 729 1681 decem
742 1661 750 1680 :
764 1644 864 1693 Judaei
876 1655 978 1679 tamen
1013 1645 1189 1692 impositam
1196 1643 1296 1680 valido
1303 1655 1395 1677 muro
1405 1642 1535 1691 Iofifphus
1543 1644 1691 1678 cinxerat:
1705 1657 1771 1678 mu·
1788 1643 1920 1681 Vespafitmt'

195 1696 198 1699 i
217 1702 359 1735 nondum
373 1699 485 1734 domiti
497 1699 609 1733 iterum
621 1696 765 1733 invadunt
775 1693 977 1736 Astalonem3
1011 1706 1080 1729 rum
1094 1695 1234 1729 Romani
1246 1693 1391 1728 arietibus
1403 1692 1468 1727 cito
1480 1691 1720 1734 labefactarunt,
1739 1698 1772 1729 &
1786 1685 1899 1730 vulnera

216 1750 267 1785 sed
281 1749 382 1784 nihilo
395 1749 520 1783 meliori
539 1747 633 1796 quam
652 1745 736 1794 prius
754 1743 879 1779 fortuna
895 1758 905 1785 3
929 1742 978 1778 fu-
1010 1743 1163 1793 fugientes
1182 1745 1213 1778 in
1232 1742 1387 1791 superiora
1404 1743 1536 1777 civitatis
1548 1744 1640 1778 nimis
1654 1743 1771 1778 temere
1786 1726 1935 1753 examitum

218 1800 281 1846 gati
294 1800 378 1835 enim
390 1799 429 1833 ab
447 1800 580 1833 Antonio
603 1797 641 1832 ad
661 1796 740 1831 οᾶο
753 1794 846 1829 millia
858 1794 977 1829 cecide-
1009 1793 1127 1843 sequuti
1140 1793 1205 1828 sunt
1212 1807 1222 1834 ;
1248 1806 1319 1827 nam
1340 1792 1441 1827 statim
1454 1793 1593 1828 conversi
1604 1791 1770 1842 fugientes,

215 1860 297 1884 runt.
951 1888 958 1894 .
1009 1843 1218 1892 persecutores
1237 1842 1306 1878 suos
1330 1855 1386 1890 per
1409 1842 1493 1876 urbis
1511 1843 1640 1877 declivia
1657 1846 1769 1892 magnii

46 1905 199 1945 Vespasianus
262 1897 461 1946 Vespasianus
473 1909 558 1945 pater
570 1901 601 1932 ὃ(
611 1897 693 1931 filius
704 1908 775 1929 cum
789 1893 883 1928 firmo
897 1892 976 1927 sexa·
1009 1908 1079 1929 cuni
1097 1894 1179 1929 caede
1197 1893 1382 1937 disjecerunt
1394 1905 1403 1932 3
1431 1891 1492 1939 ipse
1510 1891 1559 1926 hic
1572 1891 1768 1940 Vespasianus

51 1947 180 1992 Gal-damn
215 1949 299 1996 ginta
311 1949 445 1982 millium
460 1948 594 1981 exercitu
614 1945 810 1983 Ptolemaide
829 1945 927 1978 movit
945 1945 976 1977 in
1008 1942 1166 1992 :egerrime
1181 1942 1284 1978 evasit:
1298 1941 1371 1976 hinc
1385 1954 1494 1989 magna
1506 1941 1657 1975 militibus
1671 1943 1702 1975 in
1715 1956 1767 1976 ur-

44 1987 144 2024 fi‘ffiffi·
216 1999 385 2032 Galilaeam:
400 1998 555 2031 Gadaram
564 1996 773 2044 parvolabore
781 1995 874 2040 cepit,
883 2006 975 2041 quam
1008 1995 1081 2028 bem
1099 1995 1212 2027 irarum
1231 1992 1354 2032 moles;
1381 1991 1430 2024 die
1446 2003 1522 2037 ergo
1542 1990 1713 2038 insequenti
1725 1993 1768 2024 ii·-

214 2060 285 2082 cum
304 2048 409 2082 vicino
424 2059 499 2094 agro
519 2046 655 2080 incendit
669 2071 679 2085 ,
704 2045 815 2079 incolis
828 2043 974 2077 omnibus
1008 2053 1200 2092 rumpentes,
1225 2042 1337 2078 obvios
1352 2037 1506 2088 quosque,
1521 2038 1650 2073 infantes
1665 2039 1766 2080 senes,

213 2096 293 2131 caefis
307 2109 414 2144 praeter
429 2095 560 2130 infantes
575 2100 607 2131 &
619 2096 773 2134 mulieres,
788 2106 868 2141 quos
882 2090 990 2139 capti·¹
1008 2095 1092 2128 viros
1119 2091 1256 2127 faeminas
1275 2088 1492 2125 confoderunt.
1536 2089 1697 2124 Perierunt
1715 2090 1766 2125 hic

213 2159 270 2181 vos
283 2146 428 2183 vendidit,
443 2146 555 2195 Ioftphz'
566 2147 700 2180 exercitu
714 2145 806 2179 etiam
821 2154 889 2177 ante
902 2144 975 2176 Ro-
1008 2144 1215 2178 Galiloeorum
1235 2140 1330 2175 millia
1348 2152 1462 2174 novem
1475 2163 1484 2178 ‚
1517 2149 1651 2185 quatuor
1669 2140 1767 2174 millia

216 2208 380 2230 manorum
393 2194 596 2241 conspeffum
609 2205 695 2228 metu
708 2191 823 2239 dilapso
836 2193 867 2225 in
881 2192 974 2225 urbes
1006 2194 1228 2227 Romanorum
1236 2189 1352 2238 gladiis,
1365 2189 1503 2237 quinque
1514 2188 1552 2222 de
1564 2186 1634 2222 saxo
1647 2201 1717 2222 cum
1730 2202 1770 2222 u-

216 2246 364 2280 munitas:
383 2244 444 2292 ipse
456 2244 658 2279 Tiberiadem
671 2242 826 2282 concessit,
841 2238 890 2274 sed
902 2253 974 2274 cum
1007 2243 1135 2275 xoribus
1144 2240 1286 2275 &liberis
1293 2236 1321 2272 se
1330 2238 1561 2286 praecipitantia:
1575 2237 1693 2272 tantum
1702 2238 1768 2273 duae

46 2308 155 2341 wopam
217 2292 412 2341 Vespasianus
427 2293 582 2327 obsideret
590 2293 786 2339 Josopatam‚
811 2290 851 2325 εὸ
865 2290 901 2324 ad
914 2302 973 2336 po·
1007 2291 1040 2324 in
1053 2290 1185 2324 latibulis
1193 2289 1337 2323 mulieres
1351 2287 1483 2321 conditae
1497 2284 1616 2321 servatae
1629 2286 1706 2322 sunt.

46 2344 112 2387 ἄξῃ*
121 2341 182 2379 obfi—
217 2343 324 2389 pulum
335 2343 531 2377 animandum
545 2342 688 2376 accurrit,
710 2344 740 2374 &
755 2341 881 2386 quidem
895 2337 973 2371 sum·
1066 2339 1215 2373 Itaburius
1235 2350 1327 2371 mons
1346 2349 1439 2383 parvo
1457 2336 1564 2369 labore
1585 2347 1689 2381 captus
1708 2335 1763 2370 est.

48 2383 96 2410 ὥθ’
217 2394 270 2427 mai
287 2393 316 2427 vi
340 2392 412 2426 urbs
436 2391 500 2425 haec
528 2391 682 2425 Romanis
707 2388 828 2422 obstitit
849 2388 885 2421 ad
910 2387 974 2421 dies
1009 2387 1139 2422 Giscalae
1152 2387 1285 2434 populus
1298 2385 1440 2432 cupiebat
1452 2396 1570 2431 pacem,
1585 2383 1633 2417 scd
1645 2383 1767 2431 joannes

215 2442 415 2489 quadraginta
433 2441 571 2488 quinque
585 2464 595 2480 ,
619 2439 744 2487 quando
757 2437 830 2485 post
844 2437 974 2484 plurima
1009 2440 1122 2472 Levita
1143 2434 1358 2471 seditiosorum
1382 2434 1527 2480 Princeps
1546 2432 1709 2481 instigabat
1729 2435 1766 2468 ad

215 2492 354 2525 maxima:
364 2489 552 2525 fortitudinis
560 2490 627 2524 data
639 2487 911 2523 facinora,tandem
924 2499 973 2520 ex·
1009 2500 1105 2521 arma:
1125 2499 1197 2520 cum
1209 2498 1312 2520 tamen
1321 2484 1358 2518 ad
1365 2484 1482 2517 moenia
1497 2485 1588 2515 Titus
1601 2482 1766 2517 adduxisset

215 2552 349 2587 pugnata
363 2539 407 2574 est
419 2544 450 2575 &
465 2537 603 2580 incensa,
624 2538 703 2573 caesis
719 2538 756 2572 ad
774 2536 974 2584 quadraginta
1008 2537 1177 2570 exercitum
1194 2558 1202 2571 ‚
1225 2533 1368 2568 lubentes
1387 2531 1415 2565 se
1428 2544 1492 2565 cras
1505 2532 1649 2578 paeturos
1662 2529 1764 2567 foedus

215 2591 308 2624 millia
321 2605 329 2625 t
355 2589 416 2637 ipse
430 2588 560 2639 Iosephus
573 2603 609 2624 ex
623 2589 708 2636 putei
721 2585 864 2635 spelunca
877 2597 973 2620 extra·
1007 2582 1348 2633 promittebant,m0do
1357 2594 1397 2616 eo
1405 2579 1588 2629 die,quifuit
1597 2579 1764 2619 sabbatum,

215 2641 284 2674 &us
298 2640 342 2674 ob
356 2638 546 2674 fortitudinis
565 2652 598 2674 ac
611 2638 740 2672 solertiae
761 2637 915 2684 egregiam
928 2633 971 2670 fa·
1007 2637 1112 2670 liceret
1120 2634 1164 2668 ob
1172 2634 1356 2681 religionem
1363 2629 1517 2679 quiescere
1528 2641 1694 2665 :annuente
1704 2633 1764 2664 Ti-

214 2703 297 2725 mam
311 2690 327 2724 a
341 2688 522 2736 Vespasiano
536 2687 728 2723 conservatus
742 2686 797 2721 est.
1007 2698 1052 2725 to,
1069 2684 1192 2733 Joannes
1204 2683 1302 2717 nobiti
1315 2694 1385 2716 cum
1398 2681 1501 2715 multis
1514 2679 1764 2725 Hierosolymam

51 2758 118 2790 lippa
126 2754 202 2788 μὴ-
263 2742 354 2774 Dum
367 2743 497 2788 lotopasa
510 2738 721 2774 obsidebatur,
730 2736 829 2784 Japlia
841 2735 914 2770 urbs
927 2736 974 2770 vi-
1007 2733 1110 2771 versus
1119 2732 1216 2781 fugit:
1229 2732 1300 2767 cum
1309 2730 1398 2766 mane
1406 2731 1441 2765 ad
1450 2730 1557 2765 urbem
1565 2729 1695 2764 rediisset
1705 2733 1764 2764 Ti-

51 2802 175 2822 namma.
219 2791 286 2824 cina
293 2802 418 2825 movere
432 2789 528 2835 coepit
542 2800 639 2822 arma:
652 2787 730 2820 lianc
740 2788 831 2818 Tttm
839 2784 908 2818 solis
917 2785 974 2818 sca·
1007 2797 1071 2824 tus,
1093 2794 1201 2830 apertae
1215 2782 1282 2816 sunt
1294 2779 1556 2829 portae&supplex
1569 2779 1699 2826 populus
1711 2794 1763 2816 ve-

607 91 988 130 Canonoi

220 162 451 212 impedimentis
470 161 564 197 essent
577 162 668 210 elapsi
681 161 922 210 Antipatridem,
936 161 984 193 in-

221 213 400 248 ternecione
409 212 541 247 deleturi
549 222 652 247 totum
660 211 927 246 Seftiiexetcitum
939 210 986 244 vi-

220 263 382 298 debantur.

279 313 340 346 His
365 310 536 357 compertis
564 310 655 344 Nero
677 306 892 354 Vespasianum
913 317 985 339 cum

221 362 360 409 pluribus
380 358 558 408 legionibus
572 359 608 391 ad
621 355 853 391 conficiendum
868 355 985 390 bellum

219 412 381 460 Judaicum
395 407 485 443 misit.
512 407 612 455 Judaei
626 407 733 440 divino
746 403 852 440 furore
865 405 985 453 perciti,

224 474 289 496 non
310 471 373 494 tam
394 459 541 503 libertatis
555 454 605 504 spe
618 480 628 496 ,
655 455 747 504 quam
761 456 793 489 in
807 468 909 490 rerum
923 452 985 488 sua-

222 523 292 546 rum
304 507 514 556 desperatione
527 519 567 540 ne
581 507 717 553 perirent
731 505 819 539 inulti
834 530 842 542 ‚
865 503 945 539 serio
959 501 988 537 se

221 561 259 595 ad
272 559 389 594 bellum
401 568 517 606 parant.
538 556 720 591 Provincias
733 555 812 590 inter
826 556 918 589 duces
930 551 986 587 dis-

222 610 380 648 tribuunt,
401 607 550 642 Galilaeam
569 605 680 654 Iofhpho
696 604 869 641 &matthia
887 602 988 637 histo-

222 661 289 694 rico
301 658 512 694 committunt.
543 656 674 690 Maximi
686 655 737 689 liic
750 655 842 689 animi
860 652 989 687 &indu-

222 708 301 744 striae
314 709 433 754 juvenis
449 705 486 752 (si
498 706 543 741 vel
552 705 639 740 tertia
653 716 720 751 pars
730 716 852 746 eorum,
871 715 938 750 quae
951 702 989 735 de

223 757 320 806 seipso
334 755 499 805 magnifice
514 754 580 789 satis
594 758 626 789 &
639 752 706 787 fuse
720 764 831 790 narrat,
846 765 916 786 vera
930 751 986 796 sit)

223 808 428 842 Galilaeorum
443 805 528 853 supra
542 815 668 839 centum
684 805 777 838 millia
791 803 932 840 armavit,
955 805 987 835 &

221 858 259 892 ad
280 855 471 904 disciplinam
487 857 708 890 Rornanorum
727 854 847 900 aliquot
867 847 986 885 menses

222 918 291 942 ante
298 905 643 954 Vespasianiadventum
656 903 803 941 exercuit,
813 901 922 935 multas
935 912 985 933 ur-

222 957 278 990 bes
287 956 445 990 moenibus
455 956 584 1002 aliisque
592 965 701 988 contra
710 951 906 986 obsidionem
914 962 983 983 mu-

222 1007 368 1040 nimentis
381 1005 584 1039 circumdedit
595 1029 605 1043 ‚
631 1002 769 1050 inprimis
778 1001 959 1048 Jotopatam
972 1022 982 1037 ‚

221 1055 410 1095 Tarichaeas‚
425 1059 455 1090 δε
468 1053 648 1088 Tiberiada.

462 103 543 130 ET

219 2840 254 2873 lis
269 2840 349 2886 cepit
365 2864 374 2879 ,
398 2838 505 2873 occisis
524 2839 555 2871 in
576 2839 612 2872 ea
631 2835 766 2870 millibus
784 2834 974 2882 quindecim.

219 2892 336 2923 Interea
354 2889 506 2922 Samaritae
526 2887 808 2922 tumultuabantur,
836 2881 885 2918 sed
904 2881 975 2917 cnm
1010 2883 1028 2931 J

220 2950 330 2972 eorum
339 2938 369 2970 in
377 2949 486 2972 monte
494 2938 636 2972 Garizim
644 2945 905 2984 congregatorum
918 2945 974 2966 un-

223 2987 326 3022 decim
340 2987 432 3020 millia
445 2989 549 3021 necata
561 2986 654 3022 essent
667 3012 676 3026 ,
702 2986 802 3020 caeteri
815 2983 973 3031 quievere.

222 3038 285 3072 His
298 3037 429 3084 pera6tis
447 3038 622 3083 Vespafianm
641 3037 807 3071 exercitum
820 3032 932 3067 dimisit
944 3033 974 3066 in

222 3087 376 3131 il'besflsss
401 3098 437 3119 CX
456 3085 575 3118 Galzlaed
592 3090 622 3120 ὅ(
635 3087 755 3121 aliunde
766 3083 974 3132 fugitiviJop-

222 3148 294 3182 pam
308 3134 515 3169 concesserunt
527 3160 536 3175 ‚
562 3148 653 3182 quam
665 3149 747 3170 anno
761 3134 906 3182 superiori
925 3135 975 3164 Se-

221 3186 299 3237 Him
313 3185 497 3225 incenderat,
505 3183 585 3224 caesis
598 3185 732 3221 millibus
745 3184 809 3221 sex:
828 3182 973 3232 fugitivo-

1018 102 1240 129 oe1<31
1299 91 1438 130 Liss.

1484 92 1538 130 II.
1749 106 1778 143 15

1019 174 1088 196 rum
1101 172 1164 196 erat
1176 160 1336 195 consilium
1356 163 1489 208 piraticis
1502 163 1611 197 lembis
1625 175 1708 197 marc
1722 166 1780 197 Pa-

1019 209 1169 245 laestinum
1178 214 1209 246 δι
1217 211 1430 258 AEgyptiacum
1445 210 1596 252 infestare,
1610 213 1696 259 quod
1708 214 1782 260 qui-⁶⁷

1019 258 1090 292 dem
1109 259 1230 295 strenue
1250 270 1411 306 coeperunt
1423 273 1482 306 prae
1489 259 1566 295 stare
1579 286 1588 301 ,
1617 261 1666 295 scd
1678 261 1779 296 statim

1019 306 1060 340 eo
1075 311 1253 355 Vespafianus
1271 308 1360 348 misit,
1378 312 1431 355 qui
1445 309 1553 343 urbem
1572 311 1676 345 denuo
1689 324 1780 358 cape-

1019 367 1098 390 rent.
1122 358 1229 391 Piratae
1241 357 1348 392 relicta
1363 357 1438 392 urbe
1450 356 1656 404 confugerunt
1668 361 1704 394 ad
1713 373 1780 395 nia·
1810 386 1814 389 ,
1828 368 1830 370 ’

1021 418 1070 446 re,
1091 403 1140 439 sed
1154 407 1298 440 exoriens
1310 406 1474 454 tempestas
1490 419 1578 440 naves
1591 422 1700 444 omncs
1712 411 1779 444 alli-

1021 454 1056 490 sit
1074 455 1192 491 littori,
1215 455 1270 489 ubi
1289 468 1399 490 omnes
1418 456 1455 490 ad
1473 466 1606 503 quatuor
1624 459 1718 492 millia
1732 460 1779 494 vel

1022 505 1099 539 mari
1114 529 1125 545 ,
1148 505 1195 539 vel
1208 505 1348 553 equitum
1361 505 1394 539 iii
1405 505 1503 539 littori
1515 504 1658 540 stantium
1671 508 1778 554 gladiis

1021 553 1119 589 hausti
1132 552 1208 589 sunt.

1080 605 1169 638 Dum
1183 604 1215 637 in
1231 604 1434 638 Gaulonitide
1447 616 1518 637 cum
1532 605 1688 653 eAgas'ppssi
1701 619 1779 640 con-

1021 653 1169 687 vivaretur
1183 655 1378 700 Vespasianus,
1396 652 1552 694 Tiberias,
1565 659 1596 689 &
1610 655 1778 690 Taricliaeae

1022 703 1058 736 ad
1077 703 1176 737 lacum
1195 701 1365 737 Genesaret
1383 702 1442 737 sitae
1461 703 1595 737 civitates
1617 716 1663 738 res
1684 717 1779 738 novas

1021 753 1194 787 tentabant:
1214 764 1319 787 verum
1334 763 1368 786 ut
1381 754 1530 786 exercitus
1543 749 1709 788 Romanus
1717 756 1779 787 Ti-

1021 801 1137 836 beriadi
1150 803 1413 849 appropinquavit,
1427 801 1527 836 statim
1542 803 1677 837 illimetu
1690 801 1717 837 se
1725 805 1778 838 de-

1021 851 1178 885 diderunt:
1199 851 1270 884 inde
1286 853 1377 884 Titus
1388 851 1561 886 Tarichaeas
1575 852 1686 889 invasit,
1700 853 1732 887 hi
1743 866 1778 886 e-

1019 911 1195 947 rumpentes
1209 900 1318 947 magnd
1332 900 1412 934 caede
1426 901 1550 948 repulli3
1569 903 1646 949 quin
1660 907 1691 937 δε
1705 901 1777 937 cum

1021 951 1111 983 Titus
1126 950 1141 983 a
1156 961 1246 997 tergo
1259 961 1401 996 premens
1415 948 1580 997 fugitivos,
1608 951 1717 986 urbem
1731 963 1778 986 at-

1016 999 1149 1033 tonitam
1162 998 1469 1046 cepit,pugnacisiimi
1483 1012 1553 1032 cum
1568 1000 1678 1034 lembis
1690 1003 1721 1035 in
1734 1002 1778 1035 la-

1017 1061 1088 1082 cum
1101 1047 1245 1095 fugerunt
1254 1063 1261 1083 :
1271 1047 1456 1082 construffis
1465 1047 1567 1082 statim
1581 1049 1694 1083 ratibus
1705 1052 1778 1084 Ro-

1008 2835 1089 2867 niam
1102 2833 1255 2871 obtinuit,
1269 2831 1319 2866 sed
1332 2831 1454 2879 aliquot
1466 2830 1559 2863 millia
1572 2828 1763 2876 sequentium

1029 2895 1152 2916 oannem
1165 2881 1293 2916 retratfta
1306 2879 1373 2915 sunt
1388 2894 1423 2915 ex
1435 2878 1508 2926 fuga
1519 2904 1527 2918 ‚
1556 2879 1678 2913 duobus
1692 2881 1764 2913 mil-

1008 2933 1086 2966 libus
1096 2931 1174 2967 caesis
1184 2930 1323 2979 :Jommei
1330 2927 1578 2975 Hierosolymam
1588 2929 1764 2977 intransJu-

1009 2983 1099 3017 daicae
1114 2980 1270 3028 tragoediae
1282 2981 1423 3028 primaria
1436 2992 1509 3013 mox
1522 2976 1568 3012 fax
1583 2978 1679 3013 evasit.

1067 3033 1203 3066 Divinus
1216 3029 1304 3064 furor
1322 3040 1446 3077 gentem
1458 3027 1617 3075 Judaicam
1631 3028 1758 3074 pleram-
1776 3027 1877 3093 {sss-{¹22²
1884 3038 1925 3072 sa<

1787 3074 1898 3093 'lmttcllu

1776 3116 1855 3142 ίῆἶζίᾶ.

1006 3077 1663 3130 queimmaniterpersequebatur:crucifixio
1671 3077 1763 3112 Chri-

1007 3132 1083 3166 sti&
1092 3129 1252 3177 Euangelii
1266 3129 1396 3174 rejeffio
1409 3126 1544 3162 infandas
1557 3127 1655 3162 clades
1670 3138 1761 3162 attra-

1007 3191 1126 3218 xerunt:
1135 3179 1283 3227 raptandae
1291 3179 1436 3215 libertatis
1445 3182 1475 3214 δι
1484 3177 1621 3213 Romani
1633 3179 1699 3224 jugi
1708 3189 1760 3210 eic-

1630 3225 1763 3260 cutiendi
