2048 3343
132 558 244 587 Lare-lx-

132 602 207 627 monii
216 608 263 627 ter-

131 641 162 670 νᾶ
171 643 198 667 in
206 643 271 670 „At-

129 685 268 713 mmmdc-

130 723 265 760 tlwenienses

128 765 201 801 claſse
210 765 238 790 in

129 807 250 841 Pelopon-

130 847 212 882 nefiam

130 895 260 925 quotanms

123 928 237 965 graffim-

169 988 176 996 .

610 91 926 129 OPERIS

288 108 359 133 122

987 85 1476 127 Hrsr0R1c1

282 161 700 210 exulibus,Epidamnenses
710 159 906 209 confugiunt
918 160 955 194 ad
966 161 1035 194 Co·
1080 159 1108 195 se
1131 171 1301 208 cogeretur
1319 162 1478 209 Mitylene
1492 185 1501 199 ‚
1527 162 1756 210 primariorum
1784 166 1833 200 ci*

287 212 485 248 rinthiorum
497 215 645 257 operm&
662 210 875 256 Corcyrenses
884 211 921 245 ad
933 209 1037 244 Athe-

287 261 447 297 niensium
465 275 472 294 :
488 260 653 296 Corinthii
664 261 726 294 hoc
741 262 773 294 in
786 260 873 294 bello
886 259 925 294 ab
938 258 1041 293 Athe·

290 311 454 346 niensibus
463 309 703 357 laesi‚Spartanis‚
713 309 906 357 quibuscum
918 308 1040 343 soedere

289 360 508 408 jungebantur
519 382 528 399 ,
547 361 688 408 querelas
699 357 864 393 deferunt:
892 358 950 393 hac
962 357 1000 392 <le
1011 370 1043 390 re

289 412 426 445 mittunt
452 408 595 444 Athenas
612 408 877 449 Lacedaemonii,
898 406 949 442 sed
967 406 1042 442 crim

288 459 533 506 responderetur
544 457 713 505 superbius
726 482 735 495 ‚
756 457 936 493 decernunt
949 469 1040 490 corn-

288 510 430 544 muniter
441 508 701 556 Peloponnenses
712 506 943 554 persequendas
955 506 1042 549 inju-

289 560 349 593 rias
362 560 459 593 armis
471 583 479 596 ‚
507 560 532 592 it
550 558 677 592 Graecia
689 568 758 591 tota
767 558 800 590 in
811 566 926 602 partes.
955 559 1041 588 eAr—

289 606 434 642 chidamus
445 609 680 655 Spartanorum
690 607 759 639 Rex
773 601 944 638 numeroso
964 614 1041 637 cum

290 660 433 691 exercitu
446 657 628 705 ingreditur
640 656 805 687 Atticam:
833 651 969 687 consilio
981 655 1041 685 Pe-

290 706 361 740 riclis
381 709 465 755 (qui
484 718 567 741 unus
584 715 654 737 tum
676 704 710 736 in
725 701 805 736 urbe
824 699 887 736 fuit
905 703 1042 747 omnia)

290 769 359 790 non
371 764 546 790 occurrunt
558 751 772 786 Athenienses
782 749 862 785 terr&
873 776 883 790 ,
901 750 951 784 sed
961 750 1040 784 clas-

289 803 353 839 sem
373 802 496 839 interea}
508 803 648 836 mittunt
659 824 668 840 ,
691 813 763 848 quae
776 800 1041 847 Peloponnesum

289 855 539 900 depopularetur
555 865 563 885 :
591 849 648 898 ipsi
657 863 694 884 ex
713 851 798 897 agris
807 848 965 897 quicquid
975 861 1043 884 erat

289 902 413 936 mobile
424 901 564 936 ferentes
577 901 611 934 in
631 899 743 934 urbem
752 923 762 940 ‚
783 901 863 934 intra
874 912 983 933 muros
996 898 1041 934 se—

286 953 354 985 curi
367 951 590 1001 considffbant.
601 948 658 983 Ista
669 947 746 983 belli
758 951 841 983 ratio
853 948 927 987 fuit,
940 960 1041 996 quot-

284 1002 378 1036 annis
388 1002 522 1036 ineunte
535 998 638 1034 aestate
648 997 797 1033 veniebat
809 1000 842 1033 in
855 997 1040 1032 Athenien-

268 1059 271 1063 '
285 1050 365 1086 sium
377 1062 470 1097 agros
484 1048 738 1097 populabundus
751 1046 969 1082 eArchidamus
979 1074 986 1085 ‚
1004 1051 1039 1082 &

130 1207 250 1243 Illirape-

120 1248 175 1283 stis.

125 2883 151 2908 G
155 2880 205 2907 mci

124 2920 248 2959 qtalbtafi'is

125 2962 237 2988 Barbaris
248 2978 256 2999 g

118 3003 222 3038 feritate

126 3052 175 3067 non
184 3053 219 3069 Le-

125 3081 195 3110 dunt.

285 1101 321 1134 in
348 1097 614 1146 Peloponnesum
650 1097 803 1133 mittebat
839 1097 1037 1133 vastatricem

284 1148 409 1183 classem
422 1147 567 1183 sPericles.

332 1200 435 1233 Anno
461 1198 539 1233 belli
565 1197 705 1232 secundo
740 1196 920 1245 epidcmica
944 1195 1040 1243 pestis

283 1247 430 1282 Athenas
466 1245 547 1295 pene
582 1248 745 1283 convertit
777 1248 812 1281 in
831 1245 949 1280 deserta
967 1259 976 1287 ς
1000 1259 1037 1280 ex

284 1296 451 1343 AEthiopici
463 1295 594 1344 pervasit
605 1301 782 1344 AEgyptum
793 1320 802 1333 ‚
820 1296 941 1340 Syriam
954 1318 964 1334 ‚
991 1297 1038 1329 A-

283 1345 371 1387 siam,
383 1347 548 1394 Graecjam
560 1346 747 1394 pleramque
759 1344 916 1393 singulare
929 1344 1037 1378 morbi

281 1409 397 1443 genus,
413 1395 585 1431 invadebat
595 1395 774 1430 saniffimos
787 1419 797 1435 ‚
817 1393 959 1441 petendo
973 1395 1036 1441 pri-

279 1456 372 1479 mum
386 1456 484 1493 caput
497 1470 505 1485 ‚
522 1444 593 1492 post
607 1444 890 1493 pe&us,denique
901 1444 1010 1479 alvum
1025 1469 1035 1485 ‚

278 1494 384 1529 donec
394 1494 561 1529 ardoribus
573 1496 707 1529 internis
717 1492 906 1529 exsiccando
916 1493 1036 1528 viscera

276 1541 447 1590 pepulisset
473 1544 586 1578 vitam.
628 1546 659 1578 Si
676 1547 733 1592 qui
753 1541 1036 1580 convalescerent,

276 1594 426 1640 priorum
453 1594 605 1627 omnium
623 1593 802 1641 perdebant
827 1594 1034 1627 memoriam.

277 1643 372 1676 Dum
385 1652 474 1677 extra
494 1654 606 1676 muros
626 1642 830 1677 Athenarum
843 1639 930 1676 fetro
940 1640 1033 1677 flam-

278 1690 394 1738 mz'aquc
404 1689 529 1726 saeviret
541 1690 640 1726 hostis
651 1717 661 1733 ,
684 1693 769 1727 intra
787 1690 892 1725 multo
916 1693 1033 1738 majori

280 1741 366 1775 rabie
377 1740 501 1776 furebat
514 1740 609 1788 pestis
621 1754 630 1782 ς
654 1752 743 1776 tanta
757 1743 792 1775 in
802 1741 862 1775 viis
873 1765 883 1782 ,
903 1742 937 1776 in
949 1752 1034 1776 tem-

280 1791 342 1837 plis
361 1817 370 1829 ,
404 1792 437 1824 in
456 1791 610 1830 navibus,
640 1795 674 1826 δέ
691 1791 814 1838 ubique
842 1793 1032 1826 mortalium

278 1839 396 1886 strages
412 1838 473 1873 fuit
483 1863 491 1876 ‚
503 1850 539 1873 ut
556 1841 709 1886 spe&anti
719 1851 838 1887 magna
849 1851 1035 1882 moveretur

276 1887 458 1928 miseratio,
479 1900 585 1934 eoque
601 1892 705 1934 major
717 1913 726 1929 ,
747 1884 815 1937 quo
833 1902 915 1934 pene
926 1892 1035 1925 nullus

279 1940 338 1985 qui
351 1937 510 1972 morbidis
522 1940 743 1986 propinquius
756 1937 922 1974 accessisset
932 1964 941 1976 ,
957 1953 1034 1975 eva-

279 1988 367 2021 deret
388 1986 404 2020 a
422 1988 525 2021 malo.
563 1988 664 2022 Certe
688 1987 761 2035 ipsae
786 2000 908 2034 rapaces
925 1987 998 2024 ferae
1018 1988 1035 2024 a

280 2048 494 2071 mortuorum
513 2036 720 2071 cadaveribus
742 2037 918 2073 cautissime
935 2038 1033 2074 absti-

279 2086 400 2120 nebant
412 2098 422 2125 ;
448 2086 539 2134 quod
550 2085 570 2120 si
579 2099 648 2133 quae
657 2084 728 2121 ausa
742 2086 847 2122 fuiffet
857 2090 1016 2136 attingere
1025 2113 1034 2125 ,

276 2134 384 2168 statim
416 2137 626 2181 rapacitatem
662 2135 750 2170 suam
785 2137 896 2172 luebat
915 2149 1034 2173 morte.

278 2183 468 2217 Mirandum
490 2185 611 2218 nullam
628 2183 762 2228 hujusce
779 2186 889 2220 morbi
907 2186 1032 2221 scintil-

279 2230 344 2266 lam
357 2234 391 2266 in
404 2231 668 2279 Peloponnesum
680 2232 846 2268 devolafl'e.

328 2283 421 2315 Licet
441 2280 579 2316 historiae
603 2283 722 2316 Graecae
742 2282 923 2316 celebretur
942 2282 1032 2328 prin-

279 2342 354 2377 ceps
368 2327 560 2375 Thucjvdzdes,
569 2333 608 2364 e'x
620 2329 755 2377 plurim&
766 2343 877 2365 tamen
889 2332 976 2365 illius
986 2332 1033 2365 le-

279 2380 391 2414 &ione
412 2378 595 2425 paucissima
613 2380 708 2415 vobis
726 2381 844 2415 diffitare
867 2380 940 2415 sinit
966 2381 1035 2415 ani-

280 2441 353 2463 mus
366 2453 375 2468 ,
393 2431 533 2464 rationes
542 2431 628 2464 enim
643 2433 677 2464 δέ
689 2428 934 2465 observationes
946 2431 1034 2477 poli-

280 2480 358 2512 ticas
371 2501 379 2512 ‚
400 2479 432 2512 in
451 2479 572 2526 quibus
590 2480 643 2514 ille
659 2478 827 2527 scriptores
840 2492 958 2514 omnes
967 2490 1036 2514 tam

281 2540 372 2562 ante,
399 2540 497 2575 quam
511 2528 582 2574 post
594 2528 622 2562 se
641 2529 768 2563 videtur
782 2528 929 2576 superare
941 2553 950 2568 ‚
977 2542 1039 2563 no-

280 2577 380 2612 strum
392 2589 453 2610 nos
473 2575 657 2612 institutum
671 2590 741 2612 non
760 2580 882 2626 patitur
896 2579 1038 2625 attinge-

281 2640 327 2662 re.
354 2627 419 2661 Res
430 2625 534 2673 gestas
544 2625 704 2661 habetille
717 2627 848 2674 quidem
868 2629 1033 2675 plurimas,

281 2674 378 2710 sedin
388 2675 508 2722 quibus
521 2687 619 2721 pauca
629 2674 699 2709 sunt
710 2675 877 2722 singularia
891 2700 901 2716 ‚
921 2677 1036 2722 quaein

282 2723 466 2759 universalis
489 2723 627 2758 historiae
647 2723 829 2759 brevissimz‘i
847 2724 1034 2772 synopsilo-

280 2785 355 2806 cum
371 2784 547 2808 mereantur
557 2772 639 2811 ,haec
650 2784 758 2809 tamen
767 2785 952 2810 memoratu
964 2786 1035 2809 non

284 2822 431 2867 indigna.

329 2873 456 2906 Bellum
481 2872 571 2921 quod
590 2886 651 2920 prae
669 2872 821 2906 manibus
845 2870 889 2907 est
908 2871 1034 2907 abunde

282 2919 479 2956 demonstrat
496 2950 505 2962 ,
538 2922 644 2957 nihilo
670 2923 863 2956 Graecorum
889 2923 1035 2957 indolem

284 2969 378 3014 quam
402 2971 619 3006 Barbarorum
638 2973 804 3006 mitiorem
816 2968 905 3005 fuisse
916 2994 925 3007 ,
937 2974 970 3006 in
983 2974 1035 3005 vi-

284 3019 354 3050 c'tos
375 3022 462 3053 enim
483 3033 617 3069 utraque
637 3020 827 3056 bellantium
848 3032 918 3068 pars
937 3020 1037 3056 saeviit

285 3064 382 3112 quam
395 3068 610 3103 barbariffime
622 3096 632 3111 ‚
650 3071 825 3117 Mitylenaei
842 3080 946 3104 totam
961 3083 1037 3118 pro-

285 3127 323 3160 pe
336 3114 465 3149 Lesbon
479 3118 517 3150 ab
529 3119 775 3155 Atheniensium
785 3119 936 3154 societate
948 3132 1036 3154 aver-

286 3173 413 3203 tcrunt3
440 3164 486 3198 ob
499 3165 559 3200 boc
579 3167 704 3203 lacinus
714 3169 791 3205 cum
804 3168 915 3217 postea
927 3168 1039 3205 dedere

1062 3223 1067 3242 l

1082 212 1172 246 vium
1192 212 1281 246 mille
1303 211 1428 246 miffum
1445 211 1592 246 Athenas
1607 225 1712 249 morte
1725 213 1834 248 statim

1084 261 1275 295 mutuatum
1295 261 1358 298 est,
1375 262 1454 309 quin
1475 265 1505 296 &
1528 261 1675 296 obtinuit
1686 263 1778 298 Cleon
1795 264 1835 298 de

1086 311 1238 345 necandis
1255 310 1294 344 ad
1307 323 1407 345 unum
1419 336 1430 352 ,
1453 321 1622 358 quotquot
1639 312 1671 345 in
1691 312 1770 347 urbe
1789 325 1838 347 re-

1086 370 1116 390 m
1123 358 1265 393 ausissent
1276 362 1438 400 mortales,
1446 360 1624 395 decretum.
1642 359 1734 395 Missa
1744 363 1839 396 trire-

1088 408 1150 440 mis
1169 420 1239 454 quae
1255 408 1421 444 decretum
1439 410 1697 458 indignisfimum
1716 411 1836 446 Graeco

1089 458 1224 490 nomine
1246 457 1440 505 significaret
1450 461 1603 494 exercitui
1614 484 1624 500 ,
1644 459 1730 494 istius
1742 472 1839 494 revo-

1088 506 1249 539 cationem
1267 506 1426 543 sententiae
1451 509 1594 555 plurimo
1629 522 1705 543 cum
1730 510 1840 544 labore

1089 554 1234 589 Diodotm
1251 557 1381 592 extorsit
1404 559 1530 605 populo
1549 582 1559 594 ‚
1584 556 1636 591 sed
1646 556 1771 599 frustra,
1783 559 1841 593 nisi

1089 602 1230 639 secunda
1251 607 1388 641 triremis
1401 606 1553 653 postridie
1566 609 1635 641 vela
1648 607 1727 641 dans
1738 610 1845 642 maxi-

1088 653 1141 688 mzl
1156 667 1320 689 remorum
1342 658 1558 690 contentione
1579 658 1676 703 priori
1694 656 1814 691 instans
1827 656 1846 692 ὲ

1087 713 1181 751 tergo
1195 728 1205 744 ,
1225 705 1408 752 Mitylenen
1419 704 1549 740 veniss'et
1560 707 1591 740 in
1603 705 1671 753 ipso
1686 707 1823 740 articulo
1835 729 1846 744 ,

1087 764 1161 787 cum
1186 766 1306 800 pararet
1332 758 1452 789 Praetor
1470 755 1674 790 decretorum
1687 756 1770 802 prius
1785 769 1846 790 ex·—

1086 802 1185 847 equi=
1209 802 1275 837 haee
1293 802 1456 839 festinatio
1477 815 1567 839 tutos
1585 803 1716 839 amorre
1736 805 1845 852 Mity-

1086 850 1205 884 lenaeos
1226 851 1369 896 praestitit
1387 875 1396 888 ‚
1423 852 1478 887 sed
1503 867 1609 902 neque
1629 853 1715 903 ipsos
1735 866 1841 902 neque

1088 900 1248 947 reliquam
1268 900 1408 933 insulam
1423 899 1440 934 a
1460 901 1607 937 servitute
1627 929 1638 944 ‚
1664 917 1733 952 quae
1744 906 1843 940 Persi-

1086 960 1155 983 cam
1178 948 1249 983 imo
1266 948 1449 996 Scythicam
1470 963 1604 985 omnem
1624 955 1779 1001 gravitate
1790 956 1844 988 su-

1085 1008 1220 1046 peraret.
1658 1039 1659 1042 Ἴ

1131 1048 1248 1082 Nihilo
1260 1046 1512 1082 Atheniensibus
1524 1049 1735 1085 humaniores
1747 1053 1838 1098 Spar—

1082 1099 1149 1131 tani
1165 1122 1174 1138 ,
1199 1097 1249 1131 isti
1260 1095 1334 1131 cum
1345 1096 1416 1144 post
1428 1098 1614 1133 diuturnam
1628 1100 1839 1137 obsidionem

1086 1144 1268 1182 Plataeenses
1288 1145 1372 1181 fame
1391 1149 1619 1194 compulissent
1640 1150 1679 1184 ad
1696 1151 1839 1185 deditio-

1086 1209 1161 1231 nem
1171 1220 1181 1234 ,
1201 1195 1444 1231 benemeritam
1458 1197 1496 1230 de
1507 1198 1576 1232 tota
1588 1199 1715 1234 Graecizl
1724 1200 1838 1234 civita-

1084 1257 1151 1280 tem
1163 1272 1172 1286 ,
1192 1258 1261 1280 non
1273 1245 1374 1280 modo
1390 1245 1532 1281 funditus
1552 1259 1759 1286 everterunt,
1782 1249 1839 1285 scd

1085 1299 1116 1330 &
1137 1297 1170 1330 in
1191 1308 1305 1330 omnes
1327 1297 1449 1330 incolas
1465 1296 1677 1331 crudelissime
1691 1298 1776 1333 ferro
1787 1299 1841 1333 sae·

1084 1342 1219 1379 vierunt.
1257 1345 1370 1380 Mirari
1392 1344 1567 1380 desinimus
1592 1347 1784 1382 Graecorum
1803 1349 1838 1383 in

1084 1395 1218 1429 Graecos
1230 1393 1337 1429 hostes
1349 1394 1528 1429 barbariem
1542 1422 1550 1434 ,
1569 1395 1649 1430 dum
1661 1397 1706 1431 ob
1717 1399 1836 1431 oculos

1085 1446 1222 1479 veniunt
1235 1446 1358 1479 civium
1369 1446 1400 1478 in
1415 1447 1564 1479 concives
1572 1446 1670 1493 gella.
1690 1445 1838 1481 Corinthii

1083 1494 1192 1528 navali
1204 1493 1348 1541 quodam
1361 1494 1468 1540 praelio
1481 1505 1618 1529 centena
1628 1497 1756 1543 aliquot
1767 1503 1841 1530 Cor·

1081 1544 1228 1585 cyrenfium
1239 1545 1310 1579 viva
1322 1555 1453 1590 cepere,
1463 1543 1580 1578 horum
1591 1545 1747 1590 plurimos
1759 1558 1841 1591 prae-

1081 1593 1161 1626 senti
1173 1592 1288 1628 dedere
1304 1594 1396 1633 neci,
1409 1594 1536 1640 aliquos
1549 1593 1613 1627 sine
1625 1594 1842 1639 pretiodimi-

1081 1640 1148 1676 sere
1164 1641 1318 1682 domum,
1336 1643 1470 1690 quirem
1485 1642 1793 1689 Peloponnesiacam
1805 1645 1840 1678 in

1085 1690 1232 1737 Corcyrfi
1242 1702 1358 1726 contra
1367 1690 1583 1726 Athenienses
1596 1704 1840 1739 promoverent.

1081 1740 1133 1775 Isti
1153 1739 1216 1774 suis
1235 1740 1361 1775 artibus
1382 1753 1453 1775 eam
1478 1740 1643 1776 seditionis
1666 1741 1836 1778 flammam

1080 1788 1286 1831 excitarunt,
1311 1790 1608 1839 cuirestinguendae
1634 1794 1766 1826 maximi
1788 1794 1837 1826 ci-

1082 1841 1169 1874 vium
1192 1838 1354 1887 sanguinis
1374 1840 1432 1874 rivi
1446 1853 1514 1874 non
1531 1839 1619 1874 fuere
1628 1841 1834 1887 satia-Dum

1081 1890 1223 1937 populus
1235 1887 1376 1930 Athenis,
1385 1888 1538 1923 nobilitas
1548 1888 1691 1925 Corintho
1702 1894 1733 1924 &
1747 1893 1835 1936 Spar-

1081 1949 1112 1973 tae
1124 1938 1226 1973 studet
1235 1962 1246 1979 ,
1258 1952 1300 1974 eae
1318 1938 1402 1973 fiunt
1413 1939 1527 1975 caedes,
1539 1952 1574 1973 ea
1585 1940 1736 1974 oboritur
1747 1941 1837 1973 lerna

1070 1986 1246 2023 ‘malorum
1259 2013 1268 2026 ‚
1283 1988 1350 2037 ipse
1363 2001 1432 2036 quae
1448 1989 1500 2024 vix
1511 1985 1691 2034 ‘Thucydides
1709 1990 1793 2023 valet
1803 2001 1836 2023 e-

1082 2051 1248 2073 nunciare.

1134 2087 1217 2122 Non
1227 2085 1343 2131 injuriz'i
1355 2086 1471 2122 mirere
1481 2088 1576 2121 unius
1586 2086 1676 2120 urbis
1688 2085 1833 2120 Athena-

1079 2149 1153 2171 rum
1169 2139 1249 2171 vites
1268 2150 1278 2176 ;
1302 2137 1381 2170 octo
1395 2136 1560 2170 continuis
1569 2136 1660 2169 annis
1677 2133 1833 2169 vastfitant

1082 2185 1189 2218 hostes
1212 2184 1355 2230 ipsorum
1387 2196 1483 2230 agros
1500 2208 1510 2223 ,
1544 2183 1719 2230 absumpsit
1740 2183 1835 2232 pestis

1080 2233 1183 2266 multa
1194 2232 1315 2267 civium
1335 2230 1437 2267 millia
1449 2255 1459 2269 ‚
1474 2235 1507 2267 in
1529 2234 1624 2269 variis
1636 2233 1835 2268 adornandis

1081 2280 1231 2315 claffibus
1247 2282 1462 2328 impensarum
1487 2281 1664 2329 plurimum
1684 2282 1834 2330 perissrau

1080 2329 1137 2378 ipsi
1159 2328 1380 2365 nihilominus
1401 2330 1529 2366 diversis
1549 2333 1631 2366 locis
1651 2334 1837 2378 complures

1080 2379 1210 2414 alebant
1220 2382 1374 2415 exercitus
1385 2405 1395 2421 ,
1407 2382 1440 2415 in
1451 2379 1587 2417 Thracii,
1596 2383 1629 2416 in
1641 2379 1839 2429 Peloponmffi,

1082 2430 1120 2464 ad
1139 2435 1308 2472 Corcyram.
1330 2430 1435 2464 modo
1455 2431 1488 2465 in
1511 2431 1568 2466 hac
1581 2455 1591 2471 ‚
1611 2430 1712 2465 modo
1731 2433 1763 2464 in
1782 2433 1837 2464 illa

1084 2480 1194 2529 eAEgaei
1205 2478 1305 2514 insula
1321 2503 1331 2519 ,
1354 2481 1387 2513 in
1400 2478 1519 2520 Sicilii,
1538 2484 1574 2514 &
1585 2481 1658 2515 alibi
1670 2482 1744 2514 cum
1759 2480 1839 2514 terra*

1083 2540 1154 2563 tum
1165 2530 1244 2563 mari
1257 2528 1321 2563 fine
1333 2527 1395 2563 ulla
1407 2531 1491 2575 pacis
1504 2530 1685 2570 mentione,
1695 2527 1765 2562 imo
1776 2529 1838 2563 ob-

1084 2580 1181 2613 latam
1193 2578 1358 2624 repudiare
1367 2577 1593 2612 concordiam.

1133 2626 1273 2661 Leontini
1284 2627 1316 2659 in
1327 2625 1431 2660 Sicilia
1440 2632 1513 2660 cum
1527 2624 1729 2673 Syracusanis
1738 2626 1838 2675 depu-

1084 2686 1222 2722 gnantes
1232 2674 1402 2710 inferiores
1412 2674 1443 2709 se
1454 2676 1576 2711 viribus
1589 2675 1771 2717 sentientes,
1781 2677 1836 2710 ad-

1086 2723 1243 2759 vocarunt
1257 2726 1291 2758 in
1302 2726 1457 2759 auxilium
1469 2725 1682 2760 Athenienses
1692 2750 1701 2762 ‚
1715 2738 1765 2759 am
1773 2725 1836 2773 ple-

1085 2773 1277 2808 &unturisti
1293 2773 1479 2809 societatem
1489 2799 1499 2814 ,
1513 2776 1728 2810 existimantes
1744 2788 1837 2820 aper-

1084 2834 1196 2857 turum
1214 2823 1271 2858 fibi
1294 2825 1377 2858 viam
1399 2824 1431 2858 id
1451 2824 1571 2858 bellum
1594 2835 1661 2857 non
1682 2823 1784 2857 mode>
1799 2825 1839 2859 ad

1084 2874 1247 2911 Siciliam,
1277 2872 1328 2906 sed
1347 2871 1492 2907 Africam
1510 2885 1642 2919 quoque
1662 2876 1694 2905 ὃ(
1713 2875 1838 2909 Italiam

1084 2921 1337 2968 subjugandam:
1360 2934 1433 2955 nam
1447 2922 1584 2968 populus
1596 2920 1651 2954 iste
1661 2923 1839 2970 inopinatis·

1084 2970 1233 3017 prospera*
1245 2969 1383 3004 fortunae
1393 2969 1520 3004 flatibus
1532 2968 1640 3004 ebrius
1650 2997 1657 3011 ,
1673 2972 1839 3006 nilminus

1083 3020 1194 3054 animo
1229 3018 1382 3053 volvebat
1409 3018 1506 3065 quam
1536 3019 1627 3053 orbis
1654 3022 1840 3068 imperium.

1085 3066 1238 3103 Profeffl)
1252 3067 1348 3101 Siculi
1361 3065 1436 3101 cum
1459 3068 1531 3102 satis
1543 3069 1605 3104 sese
1616 3073 1737 3104 mutuis
1746 3072 1840 3105 eolli-

1084 3116 1195 3151 dissent
1209 3116 1365 3158 cladibus,
1377 3128 1558 3152 metuentes
1570 3132 1608 3153 ne
1622 3120 1761 3166 utrisque
1772 3123 1839 3163 jam

1085 3166 1211 3201 afflitPris
1224 3165 1428 3202 Athenienses
1438 3170 1605 3209 irruerent,
1619 3170 1653 3203 in
1663 3170 1837 3203 amicitiam

1767 3217 1837 3252 red-

1854 2100 1983 2129 Athena.

1854 2151 1907 2169 rum
1914 2152 1967 2169 ma·

1853 2183 1923 2209 xima
1930 2184 1973 2211 ‘vi-

1854 2233 1898 2251 res.

1859 2649 1904 2676 ,Δ
1896 2646 1996 2685 spirant

1859 2687 1978 2717 „Athene

1858 2728 1892 2755 ad
1900 2728 1964 2755 orbis

1859 2772 1994 2808 imperium
2039 2771 2041 2783 '

2038 2824 2041 2854 l
