2048 3343
135 951 235 988 cyrillus

133 994 259 1023 ,Ale-tan·

132 1033 250 1069 drimtsje
256 1050 261 1054 >

123 1084 205 1115 Juma
213 1084 252 1100 ta-

130 1122 258 1152 pttwtatu

131 1156 199 1184 ren&
209 1167 252 1184 ex-

129 1199 208 1236 ponit.

142 2507 205 2534 Λόη
215 2502 270 2531 item

140 2549 261 2583 Herouy-

142 2596 201 2615 mus.

286 124 361 173 ¹922
466 120 470 123 ’
632 121 1474 162 09ER18H18TOR1C1

283 210 333 234 tes
345 196 453 232 adhuc
473 194 643 242 Babylone
654 195 727 245 post
741 195 877 231 solutam
893 194 1034 240 captivi-

288 259 388 281 tatem
401 271 410 284 ,
435 259 534 294 prout
553 248 689 281 Calvinus
707 250 741 280 &
760 245 855 279 turba
868 246 1033 289 Interpre-

288 308 359 331 tum
372 314 380 330 ε
408 295 448 330 de
461 295 509 329 his
521 298 587 340 jam
602 295 889 340 noninquirirnus.
917 291 1034 326 Nostra

288 345 426 392 quaestio
448 344 550 379 solum
568 344 614 379 est
633 344 674 378 de
695 341 850 390 responso
864 341 1036 388 Prophetae
1060 374 1062 392 s

1084 387 1181 420 verba
1203 387 1375 434 Prophetae
1394 389 1703 439 fintintelligenda?
1734 392 1834 427 Certe

286 396 326 429 ad
354 391 524 440 quaefitum
535 395 746 440 Legatorum.
787 393 970 426 Movebant
996 388 1038 421 illi

288 442 419 477 tantum
440 442 565 478 denno
594 443 719 488 jejunio
756 443 876 488 quinto
912 438 1039 476 mense,

286 493 468 538 quotannis
481 488 823 534 Babylonecelebrare
835 488 940 523 solito.
970 487 1037 517 Re-
1060 514 1062 524 ,

287 540 432 588 spondet
443 540 605 588 Propheta
618 540 659 574 de
670 535 964 588 omnibusjcjnniis
977 532 1037 587 sal-

290 600 359 625 tem
371 590 412 624 de
420 600 564 636 quatuor
576 591 607 622 in
620 590 761 622 maximo
775 584 829 619 usu
840 608 848 623 ‚
866 592 1037 629 captiwta-

290 641 331 673 tis
349 651 508 687 tempore.
546 641 631 681 Quae
650 649 729 683 ergo
748 634 880 668 fuerunt
899 632 1035 665 istorum

290 700 433 734 quatuor
445 699 511 723 tem
518 698 630 732 porum
641 685 782 729 jejunia?
807 684 990 730 Hieronymus
1002 682 1035 712 in

288 739 404 772 locum
425 736 626 771 Christianos
653 730 827 777 Prophetae
845 731 1037 776 interpretes

288 788 332 820 de
343 785 526 830 hisjejuniis
536 783 677 816 omnino
688 778 778 814 filere
791 779 934 812 testatur.
956 779 1037 812 Cer-

287 833 320 867 te
338 835 531 872 theodoretus,
542 833 706 874 Hieronymo
719 838 1040 875 contemporaneus,

287 883 320 915 in
332 879 389 916 suo
407 881 649 914 commentario
659 880 784 924 jejunia
795 878 913 911 intaeta
925 873 1037 910 transi-

286 931 335 965 lit.
371 933 493 975 cyrillus
515 941 627 964 tamen
651 929 863 963 Alexandrinus
892 926 1036 969 ejusdem

287 977 381 1013 seculi
395 979 532 1025 scriptor
545 989 595 1012 tot
615 989 689 1010 ante
701 976 775 1011 sein
788 978 936 1009 minores
955 976 1038 1008 Pro·

288 1030 403 1076 phetas
421 1026 569 1076 scripsisse
582 1025 756 1074 profitetur
785 1023 977 1069 (utcunque
990 1023 1039 1056 isti

289 1076 357 1112 fere
371 1090 489 1111 omnes
504 1077 677 1111 videantur
689 1076 813 1110 dudum
828 1072 977 1122 periisse)
1005 1082 1040 1106 ut

293 1126 399 1173 ipsein
411 1125 466 1161 suo
477 1127 620 1174 Prologo
632 1123 747 1159 scribat
762 1125 963 1171 Apologiam
978 1133 1039 1169 pto

293 1175 427 1224 suopost
440 1186 492 1210 tot
503 1177 583 1210 alios
594 1174 757 1214 labore‚ut
767 1185 830 1207 non
841 1173 979 1206 omnino
991 1173 1039 1205 in-

292 1228 379 1261 utili.
409 1227 473 1259 Hic
484 1224 618 1271 quidem
634 1223 671 1257 de
682 1222 898 1270 quatuorjstis
911 1221 1041 1266 jejuniis

290 1287 328 1309 ea
339 1274 423 1308 clare
438 1278 471 1308 δε
483 1271 955 1320 perspicue‚exipsisScripturis
967 1282 1041 1316 pto-

290 1325 352 1357 mit
366 1325 400 1357 in
413 1322 531 1370 quibus
543 1334 603 1355 nos
613 1319 869 1367 acquiescimus:
886 1321 1039 1352 nimirum

285 1373 446 1417 jejunium
468 1372 576 1418 quarti
596 1370 714 1404 meniis
733 1369 918 1402 institutum
932 1367 1040 1401 obca-

288 1432 381 1469 ptam
405 1421 421 1456 a
442 1422 706 1457 Nebuclmdnezare
734 1416 941 1452 Hierusalem
964 1440 972 1454 ‚
1005 1420 1039 1450 &

286 1473 393 1518 quinti
406 1469 524 1504 mensis
537 1469 583 1503 ob
595 1469 763 1503 incensum
776 1465 960 1514 templum:
987 1465 1037 1500 se—

286 1521 385 1566 ptimi
404 1517 480 1554 vero
500 1517 620 1553 mensls
634 1517 679 1550 ob
700 1528 853 1551 necatum
867 1517 1014 1550 Godoliam
1027 1540 1036 1555 ‚

289 1568 455 1602 &decimi
474 1567 521 1601 ob
542 1565 659 1601 utbisa
673 1562 934 1601 Nebuchadnezare
953 1563 1037 1597 obfi-

289 1619 442 1652 dionem.
466 1616 527 1649 Ista
544 1614 699 1663 lugubria
709 1626 780 1661 quae
795 1615 903 1659 magni
916 1615 1038 1648 doloris

291 1667 536 1711 &jejuniorum
556 1663 759 1709 justissimam
780 1662 907 1697 causam
921 1662 1040 1708 Judaeis

289 1714 536 1762 suppeditiirunt
556 1715 652 1748 dietis
672 1711 839 1748 mensibus
855 1711 1042 1759 contigisse,

290 1777 329 1798 ex
342 1763 433 1798 claris
450 1766 620 1810 Scripturae
640 1763 836 1798 testimoniis
855 1773 963 1809 patet,
992 1762 1040 1794 ni-

293 1813 616 1858 mirumexJetemiae
631 1825 679 1858 52.
691 1824 720 1847 v.
732 1824 765 1858 4.
776 1812 905 1844 decimo
922 1811 973 1845 die
984 1812 1040 1845 de-

293 1863 370 1896 cimi
386 1860 502 1895 mensis
519 1861 692 1895 obsidione
711 1862 796 1908 cingi
808 1859 943 1907 'coepisse
961 1861 1041 1893 Hie-

292 1912 430 1946 tusalem
451 1924 458 1944 :
487 1914 519 1944 Sc
533 1909 659 1943 ibidem
672 1908 759 1944 sexto
772 1922 808 1942 ac
820 1908 1042 1957 septimoino-

293 1972 341 1993 no
355 1960 408 1994 die
425 1961 534 2005 quarti
562 1958 677 1992 menfis
701 1970 831 1992 murum
853 1969 1043 2005 perruptum

294 2013 330 2043 &
347 2009 462 2043 urbem
483 2019 633 2056 captam:
661 2006 751 2042 versu
765 2019 901 2054 quoque
915 2007 1042 2042 duode-

296 2060 383 2091 cimo
403 2057 519 2092 urbem
539 2069 576 2091 ac
593 2055 754 2101 templum
772 2055 901 2090 incensa
913 2058 1044 2091 decimo

297 2107 352 2141 die
369 2108 478 2152 quinti
492 2106 619 2142 mensis.
647 2107 687 2139 Et
705 2118 741 2140 ex
762 2118 777 2138 2
791 2107 873 2152 Reg.
885 2116 975 2152 25.v.
988 2117 1042 2152 25.

295 2154 456 2188 habemus
483 2157 632 2189 Gocloliam
659 2154 767 2188 mense
791 2153 928 2200 septimo
951 2158 1042 2188 occi—

294 2202 375 2236 sum.
407 2204 514 2248 Qod
526 2205 624 2236 etiam
640 2213 785 2248 quatuor
802 2203 866 2236 istis
880 2202 1043 2237 meufibus

297 2250 345 2285 ob
356 2250 463 2285 causas
475 2250 571 2285 dietis
589 2253 761 2294 Scripturae
774 2251 853 2284 locis
863 2251 1043 2284 nominatas

294 2302 416 2345 jejunia
435 2299 604 2346 Babylone
625 2298 641 2333 a
665 2298 786 2344 Judaeis
804 2300 941 2345 captivis
958 2298 1041 2332 cele-

298 2349 391 2382 brata
403 2347 696 2397 fint‚p0stCyrilltmz
708 2349 896 2381 communis
905 2347 949 2380 est
961 2348 1040 2381 Scri-

294 2409 397 2445 pmrae
432 2400 649 2444 interpretum
686 2401 720 2432 &
742 2397 1042 2445 Chronologorum

294 2447 468 2480 sententia.

343 2495 524 2538 Hieronymus
558 2506 596 2527 ex
632 2493 831 2529 Calendario
856 2493 1044 2542 Judaeorum

298 2547 400 2580 multa
411 2544 470 2578 alia
484 2544 521 2576 iis
532 2553 672 2589 quatuor
683 2542 994 2588 meufibusjejunia,
1011 2546 1044 2577 δε

299 2595 345 2629 ob
353 2595 424 2628 alias
434 2592 542 2627 causas
554 2591 668 2626 affert:
683 2593 836 2626 nimirum
850 2592 903 2626 die
914 2593 1045 2626 decimo

294 2645 402 2689 quarti
420 2641 534 2676 mensis
551 2641 596 2674 ob
611 2640 794 2675 confractas
815 2641 830 2675 a
847 2642 921 2686 Mose
932 2653 973 2674 eo
991 2641 1045 2675 die

297 2691 533 2739 legistabulas:
557 2689 664 2736 quinti
677 2688 793 2723 mensis
806 2689 979 2736 dieprimo
1001 2688 1047 2722 ob

299 2752 440 2775 mortem
454 2740 551 2784 Mofis:
577 2738 630 2772 die
641 2735 730 2773 sexto
747 2738 791 2771 ob
809 2749 914 2783 raptas
933 2737 951 2771 οἶ
972 2745 1045 2772 Ben-

296 2791 407 2836 jamitis
421 2791 584 2838 virgines;
608 2788 659 2820 die
680 2799 774 2820 nono
796 2787 840 2820 ob
855 2785 1045 2821 seditionem

302 2839 344 2872 ab
371 2835 633 2887 exploratoribus
650 2846 741 2870 terrae
770 2837 905 2871 canaan
926 2837 1046 2870 excita-

301 2899 399 2922 tam:
441 2888 493 2922 die
514 2887 771 2921 decimooCtavo
799 2886 844 2919 ob
872 2887 1044 2919 exrinffitam

301 2938 469 2971 lucernam
482 2938 515 2968 in
529 2937 656 2982 templo
665 2933 783 2969 diebus
796 2937 910 2970 Λύκις.-
923 2932 1046 2969 Mensis

299 2983 487 3031 septimidie
497 2987 594 3018 tertio
605 2985 650 3018 ob
660 2982 804 3017 occisum
815 2983 1047 3023 Godoliam,die

302 3035 420 3077 quinto
446 3033 491 3066 ob
518 3032 644 3067 occisos
663 3032 818 3067 Israelitas
843 3034 880 3067 ad
900 3034 1048 3067 Godoliam

303 3082 467 3115 venientes
486 3095 493 3114 :
520 3083 569 3115 die
590 3083 724 3116 decimo
743 3081 789 3115 ob
809 3081 920 3128 populi
943 3082 1047 3116 solen-

304 3140 381 3161 nem
394 3132 568 3173 quotannis
582 3134 826 3178 expiationem:
856 3129 977 3166 Mcnfis
990 3130 1048 3164 de-

305 3176 440 3212 cimidie
454 3178 569 3224 quinto
579 3179 622 3212 ob
635 3181 720 3215 triste
731 3182 887 3216 nuncium
898 3179 993 3228 quod
1005 3179 1045 3214 de

1084 190 1214 225 incensa
1225 192 1303 226 urbe
1317 193 1406 226 venit
1417 193 1458 227 ad
1471 197 1657 238 Ezechielem,
1671 197 1722 235 die
1732 198 1826 234 offla-

1083 254 1125 275 vo
1137 241 1231 287 quod
1252 242 1269 275 a
1287 244 1501 289 Septuaginta
1527 247 1759 294 Interpretibus
1777 251 1828 284 lex

1083 290 1169 323 versa
1182 290 1255 324 esset
1269 291 1392 325 Graece.

1134 341 1300 385 Qaeritur
1310 352 1387 374 num
1400 341 1436 374 de
1447 340 1832 387 omnibushisceyejuniis

1080 437 1242 479 jejunium
1272 437 1317 470 ob
1340 450 1423 485 opus
1449 452 1466 472 1.
1482 452 1560 475 xx.
1589 445 1831 487 interpretum,

1085 483 1177 529 quod
1190 483 1247 518 diu
1264 488 1405 521 Zechariae
1415 488 1482 521 dies
1494 488 1661 535 sequutum
1678 490 1741 531 est,
1760 502 1832 525 non

1086 533 1344 582 potestintelligi.
1374 535 1530 582 Pleraque
1544 550 1659 572 caetera
1679 540 1752 586 post
1764 543 1834 574 Hie-

1083 594 1228 626 ronymum
1244 582 1366 629 Jcsuita
1378 585 1476 618 Ribera
1495 586 1615 631 prolixe
1626 599 1755 624 tuetur,
1781 588 1834 623 sed

1085 631 1242 665 doctores
1256 634 1374 678 reliqui
1391 635 1492 666 etiam
1506 635 1687 677 Pontificii‚
1700 644 1834 686 Lyramrs,

1088 682 1241 720 Vatablus,
1262 685 1411 722 sanetius,
1433 686 1468 716 &
1488 684 1539 730 alii
1559 687 1592 718 in
1606 684 1680 719 solis
1695 697 1836 731 quatuor

1085 726 1103 763 ὲ
1126 733 1231 774 (yrzllo
1266 732 1446 764 nominatis
1473 733 1658 768 consistunt.
1695 736 1735 768 Et
1755 735 1836 769 vero

1091 776 1211 823 (quod
1223 778 1328 814 solum
1341 779 1481 826 probare
1492 794 1632 817 conatur
1642 784 1765 825 Ribera)
1793 797 1836 818 an

1086 827 1166 872 Mofis
1179 839 1287 866 mors,
1314 829 1560 874 exploratorum
1576 831 1692 866 seditio
1705 858 1714 874 ,
1729 837 1763 868 &
1774 835 1836 868 alia

1087 873 1350 910 diebusistorum
1365 878 1525 912 mensium
1539 881 1628 928 supra
1644 885 1837 917 memoratis

1087 926 1285 971 contigerint
1309 936 1376 958 non
1395 927 1610 972 inquirimus:
1638 931 1698 964 Sed
1716 944 1754 966 an
1771 932 1836 966 hoc

1086 974 1162 1008 dato
1175 972 1352 1021 propterea
1370 972 1522 1020 sequatur
1543 976 1673 1023 publica
1692 983 1726 1013 &
1744 983 1840 1014 anni-

1087 1021 1218 1057 versaria
1229 1024 1348 1067 jejunia
1361 1020 1509 1071 &populo
1523 1025 1571 1059 his
1586 1025 1627 1060 de
1636 1028 1737 1062 causis
1749 1029 1839 1062 insti-

1088 1083 1157 1106 tuta
1167 1069 1258 1106 fuisse
1271 1097 1280 1112 ,
1295 1073 1370 1106 &in
1382 1074 1571 1118 captivitate
1586 1077 1684 1110 etiam
1695 1076 1840 1123 Babylo·

1089 1121 1158 1155 nica
1170 1121 1340 1161 celebrat35
1350 1122 1474 1155 nullum
1488 1136 1547 1169 pro
1557 1123 1614 1159 hac
1623 1124 1685 1160 fide
1696 1124 1837 1161 solidum

1088 1182 1317 1218 argumentum
1329 1168 1419 1203 affert
1431 1173 1543 1209 Ribera‚
1558 1186 1618 1208 nec
1630 1175 1647 1207 :i
1662 1186 1839 1222 quoquam

1088 1218 1196 1267 potest
1209 1218 1325 1254 afferri.
1349 1220 1537 1265 Judaeorum
1550 1223 1745 1257 Calendaria
1759 1249 1768 1264 ‚
1785 1226 1839 1257 in-

1089 1269 1201 1315 primis
1224 1267 1309 1302 istud
1329 1270 1422 1314 quod
1447 1269 1463 1304 ὲ
1485 1272 1663 1307 Genebrardo
1683 1271 1837 1307 excusum

1087 1318 1144 1354 est,
1154 1318 1274 1351 scatent
1287 1315 1420 1351 fabulis.

1130 1368 1190 1401 Sed
1205 1380 1302 1414 grave
1313 1367 1400 1414 quod
1413 1366 1464 1402 hic
1474 1370 1597 1403 moveri
1608 1369 1686 1404 solet
1698 1370 1835 1406 dubium

1087 1415 1200 1459 dejure
1215 1416 1546 1461 instituendijejunia,
1557 1418 1630 1452 ciim
1648 1420 1839 1467 Theologi-

1086 1478 1160 1499 curn
1174 1477 1240 1499 non
1256 1464 1549 1513 Chronologicum
1563 1467 1599 1501 sit
1615 1491 1624 1506 ,
1647 1482 1716 1503 uno
1727 1482 1780 1503 aut
1792 1471 1839 1504 al-

1085 1525 1157 1548 tero
1178 1514 1278 1549 verbo
1290 1511 1419 1547 tantum
1438 1514 1695 1563 perstringemus.
1721 1517 1839 1552 Afl'eri-

1087 1576 1159 1597 mus
1177 1576 1245 1598 non
1264 1561 1349 1597 fuisse
1367 1563 1456 1609 quod
1479 1567 1592 1598 Grotzus
1614 1564 1676 1599 hoc
1702 1566 1735 1599 in
1761 1567 1837 1601 loco
1855 1570 1969 1608 Hugom‘e

1087 1611 1564 1660 quereretur‚moveri?1nostris
1576 1614 1787 1661 quaestionem
1799 1615 1837 1650 de
1856 1613 1939 1657 Gran-1
1946 1620 1987 1638 Μ·

1083 1665 1156 1706 jure
1174 1663 1288 1709 populi
1308 1661 1466 1696 Israelitici
1495 1661 1682 1698 instituendi
1708 1665 1838 1711 publica
1856 1651 1958 1680 lumm.

1083 1713 1216 1756 jejunia,
1229 1711 1292 1744 hoc
1301 1712 1388 1745 enim
1398 1723 1494 1745 nemo
1507 1709 1651 1746 nostrum
1668 1713 1840 1762 quisquam

1088 1762 1216 1794 vocavit
1232 1762 1262 1794 in
1277 1760 1424 1794 dubium.
1456 1761 1555 1796 Certe
1570 1764 1707 1797 Calvmm
1718 1786 1727 1800 ‚
1744 1763 1835 1797 Gual-
1856 1759 1993 1808 «Affimm‘,

1086 1814 1332 1850 term‚Danaeus‚
1352 1814 1383 1844 ἃ
1402 1821 1568 1858 quotquot
1579 1824 1613 1845 ex
1626 1812 1833 1847 protestanti-
1855 1802 1993 1868 &saman

1088 1859 1188 1893 busin
1201 1858 1431 1906 locumlegisse
1450 1873 1500 1894 me
1512 1862 1675 1901 memini,
1693 1865 1745 1906 jus
1758 1862 1835 1895 illud
1851 1849 1992 1909 {sxta-acle-

1088 1909 1238 1943 astruunt.
1264 1908 1400 1943 Ecclesia
1417 1909 1564 1956 judaica,
1589 1909 1663 1944 cum
1685 1910 1790 1945 adhuc
1803 1912 1834 1944 in
1848 1920 1971 1956 fiaeinsti-

1089 1957 1123 1992 efi
1145 1961 1291 1993 viverent
1307 1957 1442 2006 insignes
1462 1957 1631 2005 Prophetae
1648 1983 1658 1999 ,
1683 1960 1815 1993 Ieremias
1827 1986 1835 1998 ‚
1852 1961 1983 2001 tuendijeq

1089 2006 1223 2047 Efzektel,
1237 2006 1349 2042 Daniel
1358 2013 1389 2041 ὃς
1400 2008 1451 2041 alii
1464 2025 1472 2047 ,-
1500 2007 1579 2055 quid
1591 2009 1679 2052 nijus
1690 2008 1838 2043 habuerit
1852 2003 1929 2038 junia.

1089 2057 1126 2091 de
1138 2057 1233 2092 caufis
1243 2055 1366 2091 summe
1379 2056 1581 2104 lugubribus,
1594 2059 1705 2104 quales
1718 2059 1839 2092 Hiero-

1088 2107 1290 2153 solymorum
1303 2110 1336 2140 &
1348 2104 1462 2151 templi
1475 2105 1699 2153 conflagratio,
1716 2105 1838 2139 Godoliae

1088 2156 1201 2196 caedes,
1214 2160 1245 2190 δέ
1259 2155 1368 2201 populi
1381 2154 1426 2188 ob
1438 2154 1520 2187 lianc
1532 2155 1730 2199 captivitatis
1742 2179 1752 2195 ‚
1778 2154 1840 2188 hu-

1089 2202 1287 2237 miliationes
1302 2202 1447 2236 solennes
1461 2202 1623 2236 instituere
1644 2205 1841 2237 continuan-

1086 2251 1141 2284 das
1155 2273 1164 2286 ‚
1187 2251 1292 2284 donec
1311 2252 1403 2284 Deus
1423 2250 1462 2284 ab
1481 2252 1531 2284 irae
1547 2248 1608 2286 suae
1627 2250 1790 2287 severitate
1811 2251 1840 2286 se

1089 2297 1288 2333 convertisset
1304 2299 1342 2333 ad
1359 2298 1574 2333 miserendum
1594 2299 1700 2335 affliffi
1724 2302 1840 2348 populi

1090 2347 1135 2381 sui
1152 2351 1162 2380 ?
1197 2347 1258 2381 Sed
1278 2347 1299 2381 fi
1317 2347 1393 2382 hinc
1409 2348 1507 2395 Judaei
1522 2347 1664 2383 inferant
1677 2375 1685 2387 ,
1707 2351 1836 2384 licitum

1092 2394 1231 2443 profanae
1250 2401 1281 2431 &
1307 2395 1457 2444 perversae
1484 2396 1628 2444 ipsorum
1656 2401 1836 2447 Synagogae

1091 2447 1257 2492 imponere
1281 2447 1408 2493 populo
1429 2448 1541 2481 omnia
1555 2471 1563 2483 ,
1580 2460 1650 2494 quae
1666 2450 1699 2482 in
1722 2460 1837 2482 eorum

1092 2495 1286 2529 Calendario
1305 2496 1442 2543 legimus
1462 2496 1604 2531 solennia
1614 2497 1662 2530 seu
1683 2494 1839 2531 festorum

1091 2542 1142 2578 seu
1157 2545 1360 2589 jejuniorum
1373 2569 1383 2584 ‚
1402 2557 1456 2590 per
1473 2545 1584 2579 omnia
1603 2544 1707 2578 secula
1723 2558 1841 2592 perpe-

1092 2593 1209 2627 tuanda
1229 2617 1237 2631 ‚
1271 2593 1310 2626 de
1329 2593 1425 2626 caulis
1445 2606 1645 2640 quaecunque
1663 2607 1841 2640 paucorum

1093 2641 1283 2676 exem-dium
1305 2640 1535 2675 Rabbinorum
1558 2642 1690 2677 cerebro
1704 2644 1843 2678 allibue-

1093 2692 1178 2729 rint3
1196 2694 1227 2724 ὅ(
1242 2690 1318 2724 hinc
1331 2692 1426 2724 etiam
1438 2690 1563 2736 Jesuitae
1574 2692 1716 2732 sanfam,
1727 2691 1841 2732 lebera,

1093 2738 1241 2774 Cornelius
1252 2764 1261 2779 ‚
1281 2744 1311 2773 ἃ
1323 2740 1374 2773 alii
1387 2740 1597 2780 concludant,
1610 2741 1645 2775 ad
1656 2741 1842 2788 Judaeorum

1092 2789 1278 2835 exemplum
1291 2812 1299 2825 ‚
1316 2789 1513 2835 probandam
1526 2789 1670 2823 Ecclesiae
1682 2790 1842 2825 Romana:

1092 2839 1202 2885 praxin
1223 2838 1261 2872 de
1279 2839 1408 2882 jejuniis
1435 2849 1573 2885 quatuor
1601 2836 1727 2872 suorum
1752 2850 1842 2873 tem-

1091 2898 1221 2932 porum,
1235 2885 1485 2933 Quadragefimfi
1498 2889 1529 2919 in
1546 2888 1625 2919 Vere
1638 2910 1647 2924 ,
1662 2886 1795 2935 aliisque
1807 2890 1842 2922 in

1092 2934 1221 2973 AEstate,
1232 2937 1404 2968 Autumno
1416 2939 1446 2968 &
1461 2935 1602 2980 Hyeme,
1620 2934 1764 2985 festisque
1775 2936 1843 2971 fere

1091 2983 1222 3030 singulis
1242 2985 1316 3017 anni
1336 2983 1445 3016 diebus
1473 2984 1506 3015 in
1522 2983 1679 3018 honorem
1704 2988 1841 3033 plurium

1093 3031 1393 3078 San&orum‚qudm
1408 3032 1636 3066 Calendarium
1651 3035 1840 3069 Romanum

1094 3081 1197 3126 potest
1209 3093 1329 3126 capere.
1353 3081 1414 3113 His
1437 3093 1503 3113 non
1514 3081 1718 3118 obstantibus
1733 3108 1742 3123 ,
1763 3096 1836 3118 cor·
1856 3089 1957 3118 Sedno-

1094 3130 1157 3164 dati
1170 3129 1338 3177 Theologi
1350 3129 1388 3162 ab
1403 3129 1559 3174 ejusmodi
1570 3132 1708 3178 Judaicis
1722 3137 1754 3166 ὃ(
1768 3135 1838 3165 An-
1857 3132 1910 3159 lunt
1921 3141 1972 3159 Μ’·

1093 3178 1293 3214 tichristianis
1312 3178 1591 3226 superstitionibus
1612 3180 1840 3218 abstinebunt3
1858 3174 1946 3200 &0³³⁰

1784 3228 1842 3263 etfi
