2048 3343
37 1083 110 1112 mm
122 1081 164 1107 In·

35 1124 90 1152 dum
99 1122 173 1149 Taxi-

37 1166 70 1191 les
77 1173 110 1194 <9⁶
121 1165 171 1192 ,Λ-

35 1205 122 1239 Infizres
129 1213 154 1228 o·

34 1248 104 1273 mnia
119 1241 153 1269 ad

33 1284 172 1322 Hydaspem

33 1324 143 1354 tradide-

34 1374 96 1395 711113.

477 72 549 101 ET
603 62 1196 100 (ΣΗκοΝοιοε-ιςι

184 151 260 189 gem
269 137 415 172 belluam
431 146 552 169 necans
570 159 580 172 ‚
605 136 652 170 ob
670 135 752 169 hanc
764 134 931 167 temerita-

185 200 250 222 tem
264 188 365 233 Regis
378 184 542 228 iratijuss'u
553 184 661 233 flagris
670 182 763 218 caesus
774 181 819 216 est
830 193 929 226 puer:

183 235 238 270 ista
251 233 455 270 contumelia
472 236 612 269 irritatus
630 232 793 266 sociorum
805 230 932 276 aliquot

183 288 218 320 in
241 283 517 332 conspirationem
537 283 667 316 attraxit
692 291 809 314 contra
830 281 932 327 Regis

183 337 285 369 vitam
304 350 313 370 :
333 331 521 379 discipulihi
537 341 628 364 erant
645 330 823 365 Callisthenis
846 341 933 375 quos

184 384 237 419 ille
266 380 474 427 Philosophia
500 379 673 414 imbuebat
687 405 695 413 .
735 379 930 414 Admodum

184 445 256 468 turn
268 442 416 465 creverat
436 430 593 464 Alea-andri
613 427 781 477 superbia,
801 429 933 469 divinos

184 483 333 516 honores
358 478 400 514 ab
417 477 492 526 ipsis
513 478 760 513 Macedonibus
770 477 931 526 exigebat.

181 535 216 566 ln
234 530 413 564 multotum
425 527 602 564 foediffima
617 525 835 563 ass'cntationc
853 527 930 560 stre—

182 580 247 615 nue
267 579 470 627 repugnabat
486 575 676 614 Callisthenes
696 577 771 612 huic
790 575 932 616 insaniae,

183 631 230 665 ob
242 629 321 664 hanc
332 628 550 663 constantiam
565 629 665 675 Regis
676 626 773 674 grati&
787 627 833 659 vir
851 637 930 672 pra:-

182 679 268 713 stans
279 679 410 720 excidit,
419 690 560 723 cumque
571 688 753 724 puerorum
767 674 931 722 conspira-

183 729 233 763 tio
248 727 265 762 a
276 727 478 775 complicum
492 739 558 760 uno
575 723 750 760 emanziffet
769 749 777 761 ‚
802 724 849 759 illi
860 724 931 770 qui-

182 779 256 812 dem
271 789 362 811 more
376 776 606 811 Macedonum
618 778 650 808 in
660 772 933 822 publicoiudicio

183 826 352 873 lapidibus
370 828 483 861 obruti
502 826 575 860 sunt
589 850 599 863 ‚
616 828 652 859 &
667 826 852 858 callisthenes
861 832 932 855 tor-

186 878 306 912 mentis
319 876 481 910 laceratus
501 900 510 915 ,
536 873 624 920 quasi
644 874 761 906 aurstor
774 870 935 916 discipulis

187 928 339 972 concepti
350 925 477 960 sceleris
492 948 501 964 ‚
514 924 626 957 multis
637 920 801 956 mensibus
812 921 847 951 in
862 919 934 951 vin-

190 976 269 1008 culis
281 974 528 1008 circumduc'kus
540 997 549 1012 ‚
563 972 672 1006 omnis
684 969 829 1003 criminis
837 977 935 1002 exors

192 1025 226 1058 iti
241 1024 364 1069 pedore
376 1023 512 1057 carceris
523 1019 694 1066 expiravit.

241 1072 292 1108 Ut
301 1074 318 1108 a
329 1070 504 1106 miseranda
513 1064 856 1114 hacccsuppliciorum
872 1062 936 1111 qua

193 1122 226 1156 in
238 1124 357 1156 noxios
367 1119 431 1166 quai
449 1120 481 1152 in
493 1118 648 1152 innoxios
658 1115 802 1163 pernicie
813 1116 931 1148 exerci-

193 1181 245 1204 tus
259 1170 453 1204 liberaretur
470 1191 479 1206 ‚
501 1168 533 1200 in
554 1167 681 1199 Indiam
693 1167 753 1198 iter
769 1168 936 1198 decretum

190 1219 236 1252 est
249 1220 383 1266 ,partim
392 1217 504 1263 gloria*
515 1216 634 1264 partim
648 1214 832 1258 occupandi
844 1212 938 1259 quod

191 1267 332 1302 restabat
346 1265 460 1301 Persici
471 1267 606 1312 Imperii
618 1264 786 1312 cupidine.
816 1264 939 1296 Donec

189 1318 227 1351 ad
240 1317 361 1350 Indum
381 1315 424 1349 est
442 1324 766 1362 perventum,paucae
775 1316 809 1347 δε
820 1312 939 1345 tolera-

189 1364 270 1401 biles
287 1365 317 1400 se
336 1362 548 1400 difficultates
560 1363 755 1397 obtulerunt
766 1387 776 1402 ,
793 1363 877 1395 ultra
888 1363 939 1394 ln-

189 1417 268 1450 dum
278 1428 416 1464 quoque
426 1417 542 1448 omnia
556 1413 610 1461 spe
620 1413 834 1460 procliviora,
846 1413 939 1446 Taxi-

190 1467 226 1500 les
239 1470 274 1500 &
291 1465 417 1511 Abisares
427 1463 567 1511 praeclari
585 1465 695 1510 Reges
714 1462 744 1496 se
758 1465 792 1496 &
806 1460 862 1495 sua
877 1462 938 1495 Ale-

188 1516 303 1548 xandro
325 1513 502 1561 permisere
524 1539 534 1553 ‚
562 1513 617 1547 sed
639 1525 713 1546 cum
731 1511 774 1545 ad
787 1511 939 1557 Hydaspem

189 1574 332 1610 quatuor
348 1563 452 1596 stadia
470 1562 574 1597 latum
599 1566 633 1597 ὃ(
653 1559 862 1610 profundum
880 1559 938 1593 ad-

189 1613 328 1647 modum
339 1611 463 1646 flumen
479 1614 646 1645 veniretur
655 1639 662 1651 ,
673 1608 811 1644 omnino
820 1608 938 1656 despe-

189 1674 299 1696 ratum
312 1687 321 1703 ,
335 1665 369 1696 &
379 1663 430 1697 :ilii
440 1660 538 1707 quam
551 1662 710 1695 Alexandro
719 1658 938 1706 insuperabile

189 1711 373 1759 periculum
391 1709 420 1744 se
440 1710 564 1744 obtulit
577 1736 587 1750 ,
607 1714 692 1744 Porus
702 1707 940 1744 maximianimi

188 1760 403 1808 corporisque
414 1763 462 1794 vir
473 1772 547 1793 cum
561 1760 744 1806 elephantis
756 1759 939 1805 ossoginta,

187 1813 222 1843 &
241 1809 372 1845 falcatis
393 1810 542 1842 curribus
563 1811 736 1850 trecentis,
760 1821 797 1842 ac
816 1819 937 1856 magno

186 1855 325 1892 fortium
345 1860 490 1893 virorum
504 1860 649 1892 exercitu
661 1883 671 1898 ,
687 1859 879 1893 ulteriorem
889 1859 939 1891 in-

189 1907 317 1942 sidebat
330 1910 454 1955 ripam.
492 1908 671 1954 Postquam
694 1910 728 1941 in
749 1906 884 1941 obscura
904 1909 939 1940 δε

169 1974 176 1978 -
191 1964 222 1992 ὃ(
234 1954 418 2006 procellosa¹
426 1959 523 1991 noste
534 1957 651 2004 magnii
662 1968 737 1991 cuin
748 1957 939 2001 trepidatio-

38 2069 118 2096 Porus
125 2063 165 2093 de-

37 2109 119 2136 ·ru‘lus
125 2118 164 2134 re-

34 2147 78 2185 gie
85 2147 153 2176 lmln'-

39 2197 85 2218 tus.

44 2510 154 2545 Gangem

45 2549 129 2575 »uolunt
137 2548 181 2574 mi-

45 2589 97 2615 lites
111 2597 162 2616 tra-

45 2631 120 2664 jitcre.

192 2020 234 2042 ne
255 2007 487 2042 Macedonum
506 2019 580 2054 pars
601 2005 768 2049 traiecisset
793 2005 918 2040 flumen
931 2030 941 2045 ,

191 2068 282 2091 atrox
291 2069 402 2104 pugna
411 2057 457 2090 est
470 2058 551 2089 inita
567 2081 577 2096 ‚
595 2057 698 2090 vietus
710 2056 844 2091 tandem
858 2063 943 2090 Porus

191 2109 225 2141 in
240 2107 400 2141 Alexandri
412 2118 531 2139 manus
541 2106 675 2139 devenit
691 2120 700 2140 :
718 2107 941 2152 interrogatus

194 2155 372 2205 quomodo
393 2154 422 2189 se
438 2154 537 2190 vellet
549 2154 567 2189 a
578 2157 704 2189 viciore
717 2156 848 2188 traciam·
860 2179 870 2193 ,
890 2166 937 2188 re-

193 2207 338 2253 spondit,
349 2203 434 2253 regie
446 2219 453 2239 ε
467 2208 584 2239 iterum
597 2207 817 2252 interrogatus
831 2210 845 2243 ‚'
861 2215 940 2237 num

196 2256 276 2301 quid
295 2255 382 2288 aliud
392 2265 518 2302 peteret
539 2279 550 2295 ‚
574 2256 684 2289 omnia
696 2253 727 2288 se
737 2254 820 2287 dixit
831 2254 940 2300 primo

197 2302 349 2348 responso
360 2301 657 2348 comprehendisse.
683 2300 942 2336 Alexandersurn-

199 2362 270 2384 mas
285 2353 346 2384 viri
373 2354 506 2385 virtutes
530 2352 702 2399 suspiciens
721 2374 729 2387 ‚
752 2363 889 2399 regnum
908 2355 942 2384 δε

200 2401 315 2433 omnia
336 2400 396 2434 alia
412 2399 522 2432 amiffa
540 2403 572 2433 ei
591 2401 729 2435 restituit
749 2426 760 2441 ‚
789 2399 894 2447 ipsum
910 2402 944 2432 in

198 2449 378 2483 amicorum
390 2447 525 2482 chorum
538 2450 709 2494 recipiens.

248 2499 410 2532 Devic'tus
421 2500 508 2532 Porus
519 2509 622 2531 totam
633 2499 713 2531 citra
727 2499 878 2542 Gangem
892 2498 947 2529 In-

202 2548 293 2582 diam
304 2549 464 2582 Alexandro
475 2549 600 2594 aperuit
612 2572 621 2586 ,
635 2546 687 2581 sed
701 2548 778 2581 dum
795 2549 946 2592 Gangem

201 2608 326 2645 pararet
337 2597 483 2644 superare
494 2622 502 2634 ,
521 2607 613 2630 totus
624 2598 784 2629 exercitus
793 2596 947 2628 reclama-

202 2649 249 2680 vit
262 2659 270 2679 :
283 2658 358 2678 nam
370 2648 602 2693 praeteringens
613 2644 781 2680 laboribus
794 2643 948 2679 festorum

203 2693 395 2730 defiderium
407 2694 561 2733 finiendi,
579 2695 672 2741 quod
685 2693 750 2729 sine
763 2693 829 2728 ullo
839 2691 950 2728 fruCltu

204 2745 375 2792 gerebatur
393 2743 468 2778 belli
483 2768 492 2783 ‚
512 2743 533 2777 si
546 2742 851 2777 Ducisimmensam
861 2755 950 2776 vanae

206 2795 311 2841 gloriae
323 2795 488 2828 avaritiam
500 2795 633 2840 excipias
656 2805 664 2826 ε
684 2795 818 2837 Ganges
827 2791 952 2824 flumen

209 2854 272 2875 erat
282 2846 383 2878 totius
401 2844 500 2877 Indiae
515 2844 692 2877 maximum
716 2855 724 2873 ε
752 2843 784 2874 in
803 2840 953 2875 ulteriori

210 2890 277 2936 ripa
296 2893 556 2940 Gangaridarum
580 2894 651 2926 Rex
675 2903 749 2925 cuin
761 2889 865 2924 tribus
877 2887 952 2922 mil-

212 2939 297 2974 libus
314 2941 525 2989 elephantum
544 2967 554 2982 ,
579 2939 709 2975 duobus
724 2940 867 2975 millibus
879 2951 953 2972 cur-

211 3001 319 3027 ruum,
330 2993 461 3036 triginta
471 2994 637 3038 equiturn,
650 3003 686 3025 ac
698 2991 849 3024 ducentis
861 2988 954 3036 pcdi-

211 3049 282 3071 tum
297 3039 438 3074 millibus
448 3041 662 3074 adventantes
674 3039 811 3088 parabat
828 3041 957 3085 excipe-

211 3100 254 3121 re.
271 3090 334 3120 Pro
346 3088 504 3122 militibus
518 3097 614 3123 Caenus
625 3092 807 3124 orationem
819 3099 955 3136 gravem

210 3135 339 3173 habuit.
352 3137 472 3184 Regem
485 3136 657 3173 obsecrans
668 3138 761 3175 vellet
772 3135 955 3185 aliquando

1257 62 1320 100 Li
1341 74 1379 102 B.
1414 58 1440 102 I.
1652 69 1721 109 141

978 133 1143 169 bellorum
1162 131 1262 166 finem
1283 133 1388 167 facere
1411 148 1420 168 ε
1440 143 1592 169 exoratur
1603 137 1726 170 nolen—

979 183 1101 217 rimmo
1120 181 1231 215 animo
1252 183 1432 223 Alexander,
1453 183 1724 218 decerniturcum

979 243 1100 278 magno
1121 231 1280 265 exercitus
1296 231 1420 277 gaudio
1448 234 1567 266 reditus
1586 235 1618 266 iu
1637 236 1726 267 occi-

977 281 1109 315 dentem
1119 306 1128 321 ,
1141 280 1238 316 sedin
1251 281 1302 312 via
1313 279 1489 312 Meridiem
1502 284 1535 314 &
1548 284 1724 316 Oceanum

977 329 1125 363 Indicum
1137 342 1172 363 ac
1185 327 1351 362 Persicum
1364 328 1469 362 voluit
1480 329 1551 362 lusti
1561 342 1621 364 are.

1026 378 1082 412 Ad
1094 379 1283 412 citeriorem
1298 378 1421 424 Gangis
1432 379 1533 424 ripam
1545 378 1635 421 jubet
1644 391 1724 413 con-
1745 385 1880 426 Reditst—

978 426 1053 461 sttui
1064 427 1165 461 castra
1178 425 1288 473 duplo
1302 439 1425 471 maiora
1436 427 1518 460 veris
1531 450 1540 462 ‚
1556 424 1725 473 led³tosqiie
1744 428 1860 455 lexander

979 478 1134 517 militum,
1148 479 1182 511 δε
1195 473 1344 523 praesepia
1357 488 1525 522 equorum
1539 488 1576 509 ac
1587 476 1724 511 deorum
1742 477 1785 507 per
1794 467 1868 495 ''²¹¹¹'‘

978 538 1060 566 aras,
1071 527 1184 560 omnia
1194 524 1230 560 ea
1239 525 1342 573 specie
1353 529 1386 559 &
1400 524 1643 570 magnitudine,
1655 539 1727 572 quae

979 575 1117 611 credulae
1128 573 1308 623 posteritati
1318 574 1554 621 persuaderent
1570 577 1729 610 Alexandri

981 626 1100 659 milites
1132 626 1281 673 gigantes
1315 628 1349 658 &
1383 624 1560 658 hominum
1586 624 1730 658 monstra

979 671 1081 708 fuiffe.
1111 675 1222 709 Taxiles
1241 677 1276 708 &
1295 677 1380 708 Porus
1397 675 1483 707 inter
1503 672 1532 707 sc
1551 674 1732 715 certabant,

980 734 1052 758 uter
1072 722 1180 770 plures
1202 727 1236 757 δε
1255 723 1408 756 meliores
1429 720 1527 757 naves
1550 735 1587 757 ex
1597 722 1733 756 suisim-

982 772 1101 806 mensis
1122 770 1216 819 sylvis
1237 773 1464 818 compingeret
1480 796 1487 808 ‚
1502 772 1561 806 hac
1581 773 1673 807 claiie
1683 772 1734 807 se-

981 821 1093 856 tundo
1107 819 1258 867 Hydaspe
1270 824 1401 867 navigat
1421 822 1582 855 Alexander
1594 823 1633 856 ad
1644 825 1733 856 Ace-

983 869 1056 903 sinis
1071 868 1307 902 confluentium
1320 881 1393 902 cum
1405 871 1490 904 indo
1517 883 1524 903 :
1550 871 1605 904 ubi
1624 881 1688 904 tres
1700 870 1733 904 lii

982 919 1157 952 maximi&
1172 916 1363 964 rapidissimi
1375 929 1487 952 amnes
1506 919 1733 960 confluebant,

982 966 1080 1002 classis
1092 978 1162 1001 tota
1173 964 1265 1000 valde
1276 966 1320 1001 est
1332 966 1558 1010 conquassata:
1583 971 1733 1013 praetoria

982 1018 1124 1050 triremis
1138 1015 1362 1064 praesentaneo
1380 1014 1541 1050 Alexandri
1556 1018 1629 1049 vitae
1646 1019 1735 1062 peri-

983 1067 1060 1100 culo
1075 1068 1215 1099 immani
1231 1067 1357 1099 vortice
1378 1075 1578 1098 tantumnon
1589 1064 1634 1097 est
1654 1065 1737 1098 liau-

984 1116 1044 1150 sta.
1076 1114 1251 1150 Multoties
1270 1115 1312 1148 de
1331 1113 1467 1147 navibus
1487 1115 1520 1147 in
1536 1112 1650 1146 littora
1675 1115 1736 1148 de-

986 1164 1164 1199 scendebat
1172 1166 1332 1198 exercitus
1343 1164 1380 1197 ad
1392 1162 1614 1211 subjugandas
1624 1175 1740 1210 gentes

985 1216 1125 1248 vicinas:
1138 1225 1215 1247 cum
1229 1214 1383 1258 Oxydracis
1393 1216 1425 1247 δέ
1439 1214 1534 1247 Mallia
1546 1211 1740 1260 pugnaciffi-

986 1265 1048 1297 mis
1066 1263 1238 1300 Indorum,
1250 1262 1430 1310 periculosa
1442 1260 1574 1296 fuerunt
1587 1263 1742 1296 certami-

989 1326 1029 1346 na
1041 1327 1050 1347 ε
1062 1312 1142 1347 dum
1156 1311 1239 1347 urbe
1252 1311 1346 1359 captfi
1359 1312 1397 1344 ad
1407 1313 1486 1346 arcis
1500 1314 1626 1346 moenia
1638 1312 1740 1358 appli-

987 1375 1137 1397 carentur
1152 1361 1262 1401 scalae,
1285 1364 1411 1409 primus
1429 1364 1594 1396 Alexander
1606 1362 1638 1395 in
1653 1361 1739 1393 muri

987 1412 1118 1447 summo
1130 1412 1293 1447 constitit.-
1307 1409 1384 1444 cum
1396 1410 1638 1458 insequentium
1651 1409 1739 1443 mul-

987 1462 1099 1496 titudo
1117 1460 1256 1509 fregisset
1266 1461 1383 1495 scalam
1407 1487 1415 1500 ‚
1444 1462 1476 1494 in
1488 1461 1596 1495 solum
1610 1462 1739 1494 Alexan-

987 1514 1071 1548 drum
1090 1523 1206 1545 omnia
1226 1510 1370 1543 hostium
1389 1511 1454 1543 tela
1474 1511 1626 1554 conjedba
1646 1506 1739 1542 sunt.

987 1562 1036 1597 Ut
1048 1561 1115 1595 hoc
1125 1563 1265 1595 evitaret
1280 1560 1462 1607 periculum
1481 1561 1612 1593 attraxit
1624 1561 1741 1602 majus,

986 1613 1069 1645 intra
1079 1622 1188 1645 arcem
1208 1610 1242 1642 in
1260 1609 1389 1642 medios
1399 1607 1509 1642 hostes
1529 1607 1663 1641 audacis
1673 1619 1740 1641 tre-

987 1659 1106 1695 menda
1116 1659 1244 1695 desiluit
1258 1683 1267 1699 ‚
1284 1660 1329 1691 ita
1346 1656 1469 1691 librato
1488 1669 1632 1704 corpore
1649 1668 1684 1691 ut
1704 1659 1738 1690 in

986 1709 1088 1758 pedes
1110 1710 1244 1744 caderet
1273 1721 1280 1740 :
1311 1707 1653 1755 appropinquantium
1679 1705 1739 1740 fibi

987 1771 1090 1794 unum
1115 1770 1171 1792 aut
1197 1760 1335 1792 alterum
1363 1769 1400 1790 ex
1425 1755 1607 1790 fortiffimis
1625 1754 1741 1802 gladio

987 1808 1165 1848 confodit,
1184 1805 1265 1840 dum
1284 1804 1416 1840 eminus
1430 1807 1653 1852 plurimorum
1667 1805 1740 1838 telis

989 1861 1199 1895 obrueretur,
1217 1852 1359 1889 obverso
1373 1855 1415 1889 ad
1427 1867 1559 1888 murum
1572 1865 1667 1901 tergo
1681 1851 1741 1887 ali-

988 1906 1138 1955 quandiu
1150 1908 1265 1953 clypeo
1276 1902 1293 1938 a
1304 1903 1479 1939 lethalibus
1497 1903 1527 1938 se
1547 1904 1740 1938 vulneribus

990 1967 1114 1991 tutatus
1132 1955 1176 1990 est
1196 1971 1207 1997 ς
1232 1953 1288 1988 sed
1308 1952 1445 1987 tandem
1459 1955 1577 2000 clypeo
1598 1950 1740 1985 simul&

989 2005 1091 2040 loricfi
1103 2005 1247 2049 trajectis
1266 2001 1381 2048 sagitta
1398 2029 1407 2042 ,
1428 2004 1531 2036 altum
1543 2005 1575 2035 δε
1589 2000 1694 2034 latum
1706 2003 1740 2034 in

990 2058 1124 2104 petitore
1141 2053 1234 2101 supra
1251 2052 1428 2085 mamillam
1456 2052 1575 2084 vulnus
1593 2052 1739 2097 accepit,

990 2118 1027 2140 ex
1046 2105 1113 2138 hoc
1132 2100 1360 2139 deficientibus
1388 2099 1510 2134 viribus
1535 2101 1570 2133 in
1597 2101 1743 2147 poplites

990 2155 1167 2188 inclinatur
1188 2166 1203 2193 ‚¹
1225 2151 1305 2186 dum
1326 2160 1439 2184 tamen
1459 2151 1542 2184 indus
1561 2160 1743 2183 accurreret

991 2204 1034 2237 ad
1042 2201 1281 2237 detrahendum
1294 2211 1396 2239 arina,
1409 2199 1604 2245 recolligens
1617 2197 1744 2244 spiritus

990 2255 1201 2301 ingruentem
1213 2248 1401 2285 transfodit.
1414 2249 1495 2282 Aliis
1505 2259 1617 2282 autem
1632 2246 1745 2281 inultis

991 2300 1180 2350 parantibus
1194 2299 1322 2334 eminus
1333 2311 1409 2333 eum
1422 2300 1495 2333 telis
1503 2297 1746 2336 conficerem&-

992 2350 1064 2385 sunt
1077 2351 1229 2397 Peucestes,
1243 2357 1381 2383 Leonatus
1391 2352 1425 2381 ὃς
1437 2346 1489 2380 alii
1500 2348 1567 2381 duo
1576 2346 1741 2384 satellites,

993 2400 1025 2434 hi
1038 2411 1180 2446 quatuor
1190 2402 1222 2432 in
1236 2399 1349 2445 primis
1366 2396 1523 2436 Peucestes,
1533 2394 1747 2438 sctitojacen-

994 2461 1061 2484 tem
1084 2460 1263 2496 protegens
1276 2473 1285 2487 ‚
1303 2445 1496 2491 aliquandiu
1511 2456 1630 2477 omnes
1642 2444 1747 2488 impe-

995 2509 1099 2531 tentes
1109 2496 1386 2534 sussinenr,donec
1396 2494 1462 2526 duo
1473 2492 1622 2526 satellites
1631 2492 1749 2532 necati,

999 2554 1136 2581 Leonatus
1145 2549 1179 2579 &
1191 2542 1330 2584 Peucestes
1339 2541 1479 2588 graviter
1491 2541 1648 2575 vulnerati
1661 2539 1747 2576 sunt.

998 2599 1122 2629 Interea
1136 2591 1359 2642 perfregerunt
1386 2602 1515 2624 murum
1545 2591 1748 2641 Argyraspides,

1000 2651 1032 2679 δέ
1053 2655 1122 2677 non
1144 2640 1274 2676 tantum
1297 2638 1418 2673 obvios
1440 2638 1492 2674 sed
1506 2652 1621 2674 omnes
1635 2641 1747 2672 omnis

999 2695 1100 2727 :etatis
1113 2697 1147 2727 ὃς
1159 2690 1246 2726 sexus
1259 2690 1423 2724 dederunt
1437 2690 1747 2729 inorti‚Alexandr1tm

1000 2755 1061 2789 pro
1072 2754 1208 2776 mortuo
1221 2740 1401 2774 retulerunt
1419 2739 1450 2771 in
1461 2739 1647 2777 tentorium,
1659 2736 1750 2785 scissfi.

1002 2791 1115 2838 sagitta
1128 2795 1161 2825 δι
1175 2792 1242 2824 lato
1252 2789 1293 2823 de
1306 2788 1393 2823 costa
1411 2787 1536 2835 spiculo
1552 2786 1675 2821 educto
1697 2799 1751 2820 ac-

1001 2838 1113 2873 curata
1133 2839 1365 2885 chirurgorum
1380 2834 1453 2872 cura
1468 2849 1517 2870 vix
1539 2837 1611 2883 post
1624 2838 1750 2871 multos

1002 2890 1072 2924 dies
1082 2888 1209 2923 sanitati
1221 2888 1387 2922 restitutus
1399 2886 1463 2921 cst.¹

1054 2941 1091 2971 ln
1104 2939 1315 2985 navigatione
1336 2937 1395 2970 bac
1410 2933 1564 2982 insumpti
1576 2933 1647 2968 sunt
1658 2933 1752 2969 multi

1004 2986 1129 3022 menses
1149 3000 1157 3021 ι
1184 2988 1335 3033 apparuit
1354 2997 1423 3019 tum
1442 2986 1601 3032 temporis
1613 2987 1752 3019 Graeco-

1005 3050 1076 3071 rum
1100 3035 1307 3071 doctissimos
1327 3034 1483 3082 magnziin
1512 3033 1752 3083 Geographicis

1007 3085 1187 3134 ignoranti&
1204 3084 1361 3120 laborasse
1376 3108 1385 3123 ‚
1404 3081 1654 3118 Navarchorum
1665 3085 1750 3131 apud

1008 3137 1202 3172 Alexandrum
1215 3132 1396 3181 peritissimi
1416 3132 1622 3168 nesciverunt
1635 3135 1749 3177 Hyrca?

1387 3183 1408 3218 S
1433 3197 1450 3230 3
1678 3192 1759 3215 num

1747 509 1859 536 meridio-

1725 575 1728 579 .
1747 554 1827 580 nalla-

1761 1371 1885 1407 Despera-

1761 1418 1811 1438 tum
1821 1412 1898 1441 ,ΛἸε-

1761 1453 1853 1479 xandri
1865 1455 1892 1478 m

1760 1493 1848 1520 Malla
1854 1502 1897 1530 pe-

1760 1535 1871 1562 rivulum.

1772 2941 1897 2974 Periiissi-

1772 2984 1910 3010 mi'Gmco-
1940 2977 1943 2979 ’

1770 3035 1821 3051 rum
1833 3027 1891 3050 Na-

1773 3064 1859 3091 wanlin

1772 3107 1910 3132 munitum

1774 3147 1864 3183 ignari.
