2048 3343
116 832 219 871 Confeffi'
230 833 248 860 ἰι

115 876 222 903 Euromo
230 884 269 901 er—

114 925 179 942 rores
193 924 240 940 mm

115 954 253 981 debuerunt

117 993 135 1021 ὰ
153 994 248 1027 Cauſsa.

116 1034 176 1061 bom
183 1035 268 1072 proni.

125 2365 238 2393 oblatio-

125 2416 181 2432 nem
195 2406 277 2431 mani—

123 2446 270 2482 pttltscqtm-

126 2494 181 2513 tum
189 2486 220 2519 est
226 2484 277 2518 (ab.

128 2566 275 2604 πςᾶνπζωπν.

272 108 321 151 7⁶
658 89 957 127 Opers

272 168 452 205 diximus‚&
466 160 612 210 quantum
626 157 749 193 differat
761 156 944 204 Epiphanius
959 164 1033 186 mox

274 217 441 252 audiemus,
469 211 605 260 Qarto.
618 210 698 244 Non
711 205 921 242 animadvertit
935 205 1033 236 Baro-

275 268 342 301 nius
355 262 480 298 crassum
494 261 590 308 Isidori
603 256 832 296 errorem‚cum
847 252 1035 299 manipulum

278 314 383 350 offerri
397 311 484 346 faciat
497 323 562 344 non
577 308 709 343 secundo
724 305 774 339 sed
787 305 880 339 tertio
895 305 1035 349 Azymo-

280 377 347 399 rum
364 377 372 403 3
398 361 496 395 nullus
508 360 558 394 hic
575 361 661 392 locus
675 355 794 403 effugio
809 353 870 393 est,
891 351 972 400 quasi
988 352 1034 384 in-

279 410 435 448 tellexiffet
450 410 569 456 Isidorus
583 408 707 442 tertium
721 403 882 442 Paschatis,
894 415 964 436 nam
977 401 1034 434 ibi-

279 463 350 496 dem
367 459 503 507 expresse
522 457 679 505 distinguit
698 456 776 489 inter
790 455 853 487 dies
870 450 1033 486 Paschatis‚

279 516 310 547 δι
324 511 388 545 dies
403 513 615 556 Azymorum,
636 507 770 553 primum
788 506 979 548 Azymorum
993 496 1038 530 fa-

280 562 365 596 ciens
383 558 547 593 secuudum
560 556 723 593 Paschatis,
739 554 779 586 ita
792 549 937 595 manipuli
950 547 1036 580 obla-

278 612 415 648 tionem,
442 607 675 656 proutlegimus
689 603 789 636 Levit.
805 610 894 644 23.11.
919 608 1038 643 ponere

279 657 426 693 debuisset
439 660 468 691 in
483 658 576 691 tertio
591 654 717 701 quidem
732 648 896 687 paschatis,
912 646 961 680 sed
974 656 1038 679 tan-

280 708 347 742 tum
363 706 493 742 secundo
501 731 511 746 ,
525 704 574 739 seu
587 701 717 737 crastino
730 698 800 746 post
813 698 946 746 primum
959 698 1040 742 Azy-

280 770 416 792 morum.

328 811 518 840 Paroramata
529 802 594 835 haec
607 800 711 833 omnia
723 799 847 830 Baronii
857 792 1040 840 Canfhbonus

283 854 493 902 praetermittit,
508 851 578 885 cum
592 861 694 883 tamen
706 857 794 881 notet
807 847 837 879 in
850 858 890 881 eo
903 855 1041 878 errorem

283 906 374 938 alium
389 915 483 950 quem
504 903 568 946 jure
581 899 683 947 potuit
705 893 920 944 praetermilisse
933 919 943 934 ,
969 892 1041 927 cum

283 967 355 988 eum
369 952 428 1000 ipse
442 953 593 985 ‘Baromus
606 946 748 995 agnoscat
759 942 925 981 &deseram
940 956 975 976 ex
988 940 1041 976 fal-

281 1005 315 1037 sa
328 1004 410 1037 enim
425 1001 521 1047 Isidori
534 997 759 1046 suppolitione‚
778 995 967 1041 manipulum
981 991 1041 1026 ob-

282 1054 375 1087 latum
395 1052 444 1085 die
469 1053 663 1095 Azymorum
683 1047 777 1081 tertio
798 1070 807 1084 ‚
838 1044 892 1092 qui
916 1041 1041 1076 sabbato

283 1100 467 1141 δάπξοπςῶτῳ
483 1099 605 1134 duobus
618 1096 725 1131 diebus
740 1106 801 1129 erat
810 1094 966 1142 posterior
978 1092 1042 1126 col-

283 1149 357 1196 legit
370 1152 515 1182 Baronius
527 1144 689 1182 Pharisaeos
703 1147 733 1178 in
749 1143 909 1190 Apostolis
923 1140 1041 1179 taxasse,

283 1197 370 1246 quod
389 1209 494 1232 contra
509 1199 609 1245 legem
627 1194 686 1229 ausi
701 1193 819 1228 fuissent
831 1194 925 1226 novas
939 1190 1043 1238 fruges

283 1247 448 1282 comedere
471 1257 540 1281 ante
566 1245 710 1291 manipuli
735 1243 929 1276 oblationem
945 1255 953 1274 ε
980 1240 1042 1273 hoc

283 1297 411 1344 quidem
430 1309 466 1329 ex
487 1294 561 1330 falsa
579 1291 897 1340 suppositionelfidori
912 1287 1043 1323 necessa—

283 1345 332 1380 rio
347 1343 497 1393 sequitur,
523 1343 572 1378 sed
589 1343 652 1377 istis
666 1344 817 1375 ‘Rammius
831 1352 896 1373 non
910 1337 1042 1376 adhaefit,

284 1393 390 1430 verum
404 1394 440 1428 ad
453 1395 532 1428 aliud
546 1394 643 1439 lstdori
657 1390 888 1425 fundamentum
899 1387 1042 1426 tranfivit‚

286 1444 407 1480 &diem
419 1445 504 1478 illum
517 1457 582 1491 quo
595 1442 772 1478 vellicarunt
781 1438 926 1486 Apostoli
939 1436 1042 1485 spicas,

285 1492 371 1528 fuiffe
379 1492 451 1528 vere
464 1492 618 1527 sabbatum
625 1489 850 1525 hebdomadale
858 1488 959 1522 docet.
968 1488 1043 1521 Hoc

285 1542 307 1577 fi
320 1543 367 1577 vel
381 1542 501 1588 Ifidorus
519 1544 566 1579 vel
585 1543 730 1576 Baronius
754 1536 947 1586 probassent,
972 1549 1042 1570 om-

286 1593 335 1627 nia
348 1590 512 1626 fuissentin
526 1593 605 1627 vado
618 1616 628 1632 ‚
655 1588 704 1623 sed
717 1599 824 1622 neuter
836 1587 969 1635 probare
988 1599 1043 1621 co-

286 1653 375 1675 natur
387 1666 396 1681 ‚
424 1642 509 1689 quod
523 1653 624 1676 tamen
639 1650 707 1674 ante
720 1639 825 1672 omnia
842 1637 910 1684 ipfis
923 1639 1043 1671 incum-

286 1691 397 1725 bebat:
411 1692 477 1726 imo
491 1705 525 1725 ex
539 1691 602 1725 hoc
613 1688 678 1738 ipso
692 1687 776 1723 τεᾶὲ
789 1697 1014 1735 argumentatur
1028 1685 1044 1720 a

289 1740 402 1789 Lapz'de
410 1753 516 1775 contra
530 1753 628 1776 totam
641 1738 744 1782 lfidori
751 1743 782 1774 ὃς
792 1740 915 1771 Barom'i
927 1736 1043 1771 senten-

288 1792 378 1829 tiam,
403 1789 513 1825 scilicet
529 1792 662 1838 primum
677 1792 871 1835 Azymorum
884 1798 948 1820 non
962 1783 1045 1819 fuiffe

290 1839 445 1874 sabbatum
459 1839 660 1879 δείπξόπςωπν,
686 1851 725 1872 eo
742 1837 827 1884 quod
841 1836 901 1870 hoc
915 1833 1044 1870 necessa-

291 1890 339 1923 rio
352 1888 442 1922 fuerit
456 1887 610 1921 sabbatum
624 1887 823 1925 hebdomalc,
840 1887 869 1919 in
884 1898 949 1933 quo
959 1887 1047 1919 Deus

290 1939 387 1972 vetuit
404 1950 506 1986 parare
519 1949 585 1984 quae
599 1937 636 1970 ad
650 1937 766 1970 viehim
781 1935 955 1983 spestabant
969 1949 977 1969 ι
1002 1945 1047 1968 at-

290 1988 345 2034 qui
363 1989 481 2034 primus
497 1989 690 2031 Azymorum
710 1999 774 2019 non
794 1983 852 2019 fuit
871 1985 929 2019 tale
943 1983 1047 2018 fiabba-

290 2048 356 2070 tum
369 2061 379 2076 ‚
408 2037 440 2070 in
458 2036 604 2070 omnibus
626 2036 709 2069 enim
730 2034 837 2069 diebus
855 2033 1002 2069 Paschatis
1016 2038 1046 2069 ὃ(

291 2089 483 2130 Azymorum
502 2085 612 2119 licebat
626 2097 728 2131 parare
741 2098 807 2132 quae
822 2082 997 2130 spectabant
1011 2084 1048 2118 ad

290 2136 418 2174 vidium,
427 2146 460 2168 ut
475 2134 569 2180 supra,
583 2135 731 2174 diximus3
759 2134 844 2181 quod
857 2146 932 2168 vero
945 2147 984 2168 eo
997 2146 1048 2167 an-

291 2196 334 2217 no
344 2182 498 2217 sabbatum
510 2183 785 2216 hebdomadarium
798 2184 938 2216 inciderit
947 2184 977 2216 in
986 2183 1048 2229 pri-

290 2245 377 2266 mum
391 2234 585 2276 Azymorum
600 2232 704 2265 dicunt
716 2232 837 2274 lfidorm
850 2236 880 2264 &
891 2235 1047 2265 earmina,

292 2279 343 2316 sed
355 2294 419 2314 non
432 2281 574 2327 probant.

338 2337 433 2372 Addo
445 2337 525 2370 aliud
537 2349 573 2370 ex
586 2335 718 2383 Janft’mo
731 2344 954 2381 argumentum.
971 2332 1046 2367 Sab-

293 2386 399 2424 batum
420 2385 607 2424 δσὶπξᾶπξωπν
624 2397 689 2417 non
706 2383 857 2418 antecessit
875 2381 924 2417 sed
938 2381 1047 2430 sequu-

294 2448 359 2470 tum
368 2435 411 2470 est
424 2435 568 2480 manipuli
578 2434 788 2468 oblationem:
801 2446 869 2466 nam
882 2432 903 2465 si
915 2430 1047 2466 anteces-

295 2485 369 2520 s1fl'ct
382 2510 389 2522 ,
415 2496 482 2518 tum
497 2482 714 2518 Pharisaeorum
728 2483 900 2517 criminatio
914 2483 944 2515 in
959 2484 1047 2528 Apo-

236 2529 275 2552 00‘
294 2535 378 2570 stolis
396 2534 533 2582 inprimis
546 2532 665 2568 taxaffet
677 2531 808 2566 solennis
820 2531 903 2565 istius
919 2532 996 2579 legis
1010 2531 1047 2565 de

294 2598 358 2618 non
381 2583 580 2618 comedendis
600 2580 740 2630 frugibus
764 2592 833 2615 ante
854 2582 1047 2615 oblationem

295 2635 439 2681 manipuli
452 2633 654 2667 violationem
670 2656 678 2671 ‚
704 2630 752 2665 sed
765 2631 884 2664 nullum
898 2629 1048 2676 ejufinodi

295 2695 453 2729 peccatum
467 2680 604 2716 Pharisaei
626 2682 656 2714 in
678 2680 841 2726 Apostolis
855 2680 1046 2726 arguebant,

294 2734 334 2766 ita
350 2744 467 2766 certum
481 2731 525 2766 est
539 2730 694 2764 sabbatum
708 2729 892 2767 ἕόῦπξᾶπξωπν
908 2741 972 2776 quo
985 2729 1046 2763 vel-

294 2782 422 2816 licfirunt
436 2780 582 2828 Apostoli
596 2779 699 2826 spicas,
715 2776 874 2825 sequutum
889 2775 973 2813 fuisse
985 2778 1045 2812 ob-

296 2830 440 2865 lationem
454 2855 464 2871 ,
486 2833 546 2874 jam
559 2829 632 2864 vero
646 2829 760 2876 primus
775 2829 838 2862 dies
852 2832 1046 2875 Azymorum

296 2893 360 2913 eam
374 2880 534 2914 antecessit.
577 2878 676 2925 Qod
690 2877 782 2912 habet
794 2877 845 2912 hic
863 2875 1046 2922 Cataefizbonm

296 2941 331 2962 ex
344 2929 437 2972 lfidorc'
450 2927 595 2962 sententifi
603 2927 794 2961 oblationem
808 2928 992 2974 manipuli&
1003 2925 1046 2963 fa-

297 2978 380 3011 etum
391 2977 618 3024 Apostolorum
627 2978 658 3010 in
665 2977 797 3011 cundem
807 2976 943 3012 incidisse
952 2977 1045 3018 diem,

296 3027 376 3059 illam
388 3027 472 3061 horis
486 3028 641 3061 matutinis
655 3026 716 3061 hoc
728 3026 947 3074 pomeridianis
961 3051 972 3066 ‚
997 3028 1044 3061 ni-

296 3075 353 3107 mis
366 3075 381 3108 a
393 3089 466 3109 vero
473 3077 602 3110 alienum
611 3075 663 3112 est,
671 3089 740 3110 nam
751 3086 950 3123 praeterquam
959 3077 1046 3124 quod

295 3123 414 3168 ffidorm
427 3124 561 3171 expresse
574 3124 689 3160 foetum
703 3125 928 3173 Apostolorum
939 3137 1045 3174 ponat,

296 3176 487 3220 Azymorum
501 3174 602 3220 primo
614 3199 624 3215 ‚
650 3179 681 3211 &
695 3176 889 3212 oblationem
901 3177 1047 3225 manipuli

1013 80 1461 118 HisTOR1c1

1073 159 1180 183 contra
1200 146 1391 192 Scripturam
1414 145 1607 190 Azymorum
1624 142 1719 177 tertio
1734 167 1744 182 ‚
1771 142 1842 175 licet

1078 199 1219 232 daremus
1237 194 1377 239 Isidorum
1391 205 1463 226 cum
1482 192 1635 237 Scriptura
1648 191 1842 225 oblationem

1077 249 1109 282 in
1122 246 1254 281 secundo
1270 247 1464 290 Azymorum
1478 238 1617 288 posuisse,
1630 250 1731 274 tamen
1749 242 1841 274 etiam

1075 297 1114 332 fic
1134 295 1365 343 Apostolorum
1386 290 1502 326 faelum
1516 302 1582 323 non
1603 287 1720 336 aliquot
1732 289 1817 323 horis
1831 314 1840 328 ‚

1078 345 1127 380 sed
1149 348 1271 392 integro
1292 344 1340 377 die
1353 346 1385 377 δι
1401 341 1497 376 ηοὲὶε
1514 339 1667 373 oblationi
1680 351 1841 385 praepone-

1077 406 1170 429 retur.

1126 446 1215 477 Sexta
1228 440 1371 475 sententia
1384 439 1428 474 est
1440 439 1610 473 multorum
1626 447 1689 471 tam
1706 448 1741 469 ex
1755 438 1838 470 Pon·
1852 447 1991 475 Sabbatum

1077 492 1180 528 tificiis
1195 491 1288 537 quam
1303 488 1546 524 Protestantibus
1560 485 1716 520 sabbatum
1734 483 1836 523 ὃοῦπξέ-
1853 486 1959 525 Saone&-

1079 555 1170 581 πεωπν
1191 539 1423 586 intelligendum
1441 538 1479 571 de
1500 534 1681 571 Pentecoste
1703 547 1770 582 quae
1794 530 1839 567 se-
1853 539 1941 573 wem
1957 537 2005 554 ’²⁰⁷³

1079 587 1170 624 sunda
1188 588 1349 623 solennitas
1365 585 1423 621 fuit
1438 586 1508 634 post
1521 584 1653 625 Pascha3
1679 568 1909 643 sabbatumscrffe
1918 571 2006 594 Peme-

1080 651 1142 673 erat
1155 640 1226 687 quia
1239 636 1363 676 festum,
1377 635 1482 675 ἷόῦπξον
1495 636 1566 683 quia
1578 633 1742 669 secundum
1755 632 1771 666 :i
1784 635 1840 666 Pa-
1912 628 1918 634 ’

1081 686 1180 723 schate
1193 690 1295 735 primo
1307 685 1425 720 solenni
1439 682 1537 725 festo,
1556 685 1648 719 etiam
1662 685 1753 721 πξόπν
1769 681 1841 728 quia

1082 739 1186 785 primo
1201 736 1312 772 scilicet
1325 733 1458 771 Paschati
1471 735 1594 782 aequale.
1635 732 1798 766 Calvinum
1811 731 1843 763 in

1082 788 1138 821 hac
1152 787 1238 822 claffe
1252 783 1430 820 locaffemus
1441 808 1450 822 ,
1478 784 1549 832 quia
1562 782 1666 831 aperte
1681 780 1751 827 post
1765 782 1844 826 reje-

1084 837 1147 871 θεᾶς
1166 837 1298 870 aliorum
1317 833 1477 867 sententias
1493 857 1502 873 ,
1527 846 1638 867 eorum
1652 830 1796 876 ampletsti
1815 827 1844 863 se

1084 885 1246 933 profitetur
1255 885 1308 932 qui
1318 882 1474 917 sabbatum
1488 881 1669 921 δώπρᾶπρωπν
1683 878 1844 913 secundam

1084 935 1297 970 solennitatem
1313 932 1507 978 intelligunt,
1531 941 1598 976 quae
1611 939 1714 962 autem
1727 929 1782 962 alia
1795 929 1843 962 in-
1880 927 1882 932 '

1084 986 1181 1033 telligi
1202 983 1303 1032 potest
1324 981 1452 1016 secunda
1477 979 1547 1013 anm
1569 976 1730 1011 solennitas
1750 977 1844 1024 quam

1083 1034 1276 1070 Pentecoste.
1306 1033 1431 1066 Tamen
1445 1041 1512 1078 quae
1525 1026 1643 1072 subjicit
1657 1026 1701 1062 vir
1715 1026 1843 1061 exImius

1084 1085 1121 1120 de
1130 1083 1269 1119 Paschate
1280 1086 1311 1117 &
1319 1080 1461 1129 primitiis
1474 1080 1505 1113 in
1518 1090 1569 1117 e0,
1583 1074 1721 1111 efficiunt
1733 1086 1766 1110 ut
1778 1088 1843 1110 non

1084 1134 1218 1168 omnino
1234 1138 1297 1177 ejus
1311 1141 1447 1165 mentem
1460 1128 1676 1175 intelligamus.

1148 1184 1336 1217 Sententiam
1355 1180 1433 1214 hanc
1452 1177 1565 1212 sextam
1585 1175 1720 1223 sequitur
1741 1185 1842 1222 aperte
1856 1182 1983 1210 Calvinus

1083 1232 1314 1269 &Maldonatm
1323 1255 1331 1270 ,
1356 1234 1387 1265 δι
1402 1230 1549 1262 Cornelzus
1561 1225 1581 1258 d
1591 1225 1720 1274 LapMe,
1735 1229 1766 1259 ὃ(
1775 1235 1842 1258 ante
1854 1223 1897 1250 ln'c
1905 1221 1986 1259 obscu-

1084 1296 1155 1316 eum
1168 1281 1273 1315 noster
1282 1284 1443 1316 Mercator
1451 1289 1544 1326 quem
1558 1288 1629 1309 cum
1642 1274 1843 1322 approbatio-
1856 1273 1905 1290 ’Μ’

1083 1345 1121 1367 ne
1134 1332 1206 1366 citat
1219 1331 1358 1375 Pzscator.
1377 1329 1407 1362 Si
1421 1328 1508 1361 illum
1522 1339 1558 1360 ex
1571 1325 1634 1358 istis
1646 1325 1754 1372 legerit
1768 1326 1846 1357 Gro-

1082 1385 1159 1418 tius,
1183 1378 1287 1414 nescio
1307 1378 1381 1426 quid
1400 1375 1455 1423 ipsi
1475 1377 1507 1409 in
1525 1385 1662 1408 mentem
1681 1373 1799 1407 venerit
1812 1383 1846 1406 ut

1082 1429 1234 1465 sententiae
1249 1428 1339 1473 hujus
1353 1427 1514 1460 auetorem
1531 1422 1557 1457 se
1570 1423 1681 1468 jaetet,
1694 1426 1724 1456 δι
1739 1423 1769 1455 in
1782 1420 1845 1455 hoc

1083 1479 1137 1527 ipsi
1150 1477 1325 1527 parafitetur
1336 1500 1347 1516 ,
1373 1486 1407 1510 ut
1418 1472 1495 1508 solet
1509 1497 1521 1514 ,
1545 1471 1636 1520 ipsius
1654 1469 1758 1505 affecla
1776 1472 1846 1505 Ha-

1082 1529 1214 1563 mondus.

1141 1582 1354 1614 Annotatores
1372 1571 1537 1622 Anglicani
1560 1575 1592 1606 &
1611 1580 1693 1604 nota:
1710 1568 1843 1616 Belgicae
1856 1577 1934 1615 Mff5
1946 1579 2004 1606 hor-

1086 1627 1263 1663 sententiam
1279 1627 1360 1660 hanc
1377 1622 1513 1658 referunt
1526 1622 1606 1656 inter
1618 1620 1687 1654 alias
1700 1643 1710 1660 ‚
1737 1622 1768 1654 &
1781 1630 1843 1653 tam
1855 1619 1945 1668 denega
1958 1629 1990 1664 ας

1083 1678 1223 1712 videntur
1233 1675 1403 1724 approbare
1416 1673 1508 1721 quam
1518 1671 1606 1705 aliam
1616 1680 1844 1718 quamcunque,
1856 1659 1892 1704 ΙΨ
1904 1670 1924 1706 a,
1943 1666 1990 1686 m·

1084 1726 1133 1762 sed
1145 1740 1249 1762 tamen
1261 1739 1326 1760 non
1338 1724 1458 1760 videtur
1471 1721 1589 1770 proba:
1613 1720 1710 1767 prima
1722 1719 1845 1753 enim&
1857 1707 1933 1726 ΨΜ·

1085 1779 1234 1825 praecipua
1251 1776 1330 1810 ratio
1351 1775 1400 1809 cui
1421 1786 1487 1808 eam
1502 1783 1613 1805 omnes
1626 1771 1690 1815 ejus
1708 1765 1845 1803 fautores

1088 1826 1291 1874 superstruunt
1304 1825 1347 1860 est
1361 1824 1494 1858 omnino
1506 1819 1573 1855 falsa
1583 1844 1593 1859 ‚
1618 1820 1765 1853 nimirum
1779 1814 1846 1850 fru-

1086 1891 1139 1925 ges
1154 1878 1185 1911 in
1194 1876 1301 1925 Judaefi
1314 1887 1378 1909 non
1391 1871 1476 1907 fuiffe
1489 1881 1618 1905 maturas
1633 1879 1774 1915 tempore
1789 1868 1847 1900 Pa-

1088 1927 1193 1961 schatis
1207 1952 1216 1966 ,
1245 1937 1278 1960 ut
1297 1936 1401 1959 earum
1413 1933 1479 1956 tum
1496 1919 1580 1967 spicae
1593 1919 1751 1966 potuerint
1763 1915 1848 1951 velli-

1088 1978 1147 2011 cari
1161 2002 1170 2017 ,
1197 1976 1247 2011 sed
1262 1977 1293 2009 in
1305 1971 1489 2009 Pentecoste
1506 1969 1655 2017 primitias
1670 1965 1755 2001 fuisse
1769 1962 1848 1999 mes-

1087 2026 1133 2061 fis.
1170 2024 1301 2071 Crassum
1314 2024 1376 2058 hoc
1395 2021 1458 2060 est,
1483 2018 1538 2055 etsi
1551 2018 1720 2052 multorum
1733 2016 1846 2050 doeto-

1087 2089 1153 2110 rum
1168 2101 1178 2115 ,
1205 2074 1337 2123 sphalma
1348 2098 1357 2113 ,
1385 2072 1439 2119 qui
1452 2081 1516 2104 non
1531 2066 1733 2102 observarunt
1745 2063 1845 2110 dupli-

1086 2139 1154 2160 cem
1173 2127 1204 2159 in
1218 2125 1326 2173 Judaea
1340 2120 1464 2156 messem
1478 2115 1614 2165 expresse
1627 2114 1693 2148 satis
1706 2114 1737 2146 in
1753 2111 1843 2146 variis

1086 2173 1237 2221 scripturis
1252 2172 1427 2207 distinetam
1445 2167 1559 2201 Ruthae
1573 2177 1599 2198 2.
1617 2176 1660 2210 23.
1690 2161 1788 2196 Levit.
1802 2173 1845 2207 23.

1086 2226 1216 2266 ‘RH-15·
1242 2219 1429 2263 Exod.9.31.
1440 2228 1484 2262 32.
1500 2215 1637 2261 priorem
1650 2212 1772 2250 hordei,
1789 2223 1847 2256 po-

1086 2268 1246 2303 steriorem
1261 2267 1363 2302 tritici.
1384 2267 1415 2299 in
1426 2264 1524 2312 priori
1537 2261 1722 2296 offerebatur
1731 2260 1849 2293 Domi-

1087 2338 1130 2359 no
1150 2324 1320 2371 manipulus
1340 2321 1487 2370 spicarum
1502 2318 1562 2354 seu
1592 2322 1672 2372 '75:235
1699 2319 1737 2353 de
1760 2318 1847 2362 cujus

1087 2382 1186 2416 modo
1205 2382 1273 2417 vide
1294 2380 1561 2425 eAinsvvorthnm
1580 2380 1610 2413 in
1629 2379 1728 2413 Levit.
1742 2391 1785 2424 23.
1811 2390 1847 2412 ex

1088 2431 1322 2471 maimonide,
1335 2435 1366 2467 &
1376 2431 1579 2464 Chemnin'um
1591 2429 1623 2463 in
1635 2430 1726 2463 Lucae
1734 2433 1765 2463 6.
1775 2441 1797 2461 1.
1815 2428 1847 2461 in

1086 2482 1257 2531 posteriore
1274 2482 1323 2515 die
1336 2480 1447 2516 scilicet
1459 2478 1656 2516 Pentecostes
1669 2477 1846 2512 offereban-

1086 2544 1136 2567 tur
1147 2545 1238 2580 panes
1252 2532 1363 2566 triticei
1377 2531 1589 2577 primitiarum.
1630 2527 1845 2562 Concedimus

1089 2583 1120 2617 in
1134 2582 1275 2617 Paschate
1288 2581 1429 2614 nondum
1438 2591 1589 2613 maturum
1600 2575 1684 2611 fuisse
1697 2578 1845 2616 triticum,

1087 2630 1136 2667 sed
1149 2631 1246 2666 meffis
1260 2629 1565 2664 hordeaceaeinitium
1579 2626 1718 2675 inJudaefi
1730 2625 1846 2672 semper

1087 2679 1144 2715 fuit
1163 2682 1194 2714 in
1212 2679 1374 2721 Paschate3
1403 2679 1435 2712 in
1453 2681 1589 2726 AEgypto
1608 2677 1662 2711 ubi
1681 2676 1781 2710 nihilo
1795 2685 1844 2708 aut

1088 2730 1180 2777 paulo
1193 2730 1343 2764 maturior
1354 2727 1455 2764 messis
1464 2728 1506 2762 est
1515 2727 1608 2775 quam
1621 2727 1652 2760 in
1659 2725 1775 2773 Judae3‚
1790 2724 1844 2756 ali-

1087 2790 1166 2827 quot
1179 2779 1286 2814 diebus
1300 2789 1367 2813 ante
1382 2778 1504 2812 initium
1524 2775 1633 2811 mensis
1647 2773 1738 2809 Nisan
1749 2797 1759 2812 ‚
1789 2774 1843 2820 qui

1086 2830 1198 2878 magna
1210 2842 1245 2864 ex
1259 2839 1342 2876 parte
1357 2826 1519 2875 respondet
1531 2824 1639 2859 nostro
1652 2823 1769 2857 Martio
1779 2847 1789 2861 ‚
1803 2823 1841 2856 li-

1087 2892 1162 2913 num
1180 2882 1211 2913 &
1230 2878 1384 2912 hordeum
1403 2887 1488 2911 erant
1506 2877 1537 2909 in
1551 2872 1717 2909 virentibus
1732 2870 1818 2919 spicis
1831 2897 1840 2911 ‚

1086 2927 1158 2961 cum
1185 2925 1274 2975 spelta
1298 2930 1330 2960 &
1350 2926 1484 2960 triticum
1504 2922 1643 2957 nondum
1663 2932 1843 2969 apparerent

1085 2975 1170 3024 supra
1181 2986 1309 3014 terram,
1334 2974 1420 3022 quod
1433 2971 1525 3007 essent
1537 2970 1682 3012 serotina,
1704 2981 1737 3005 ut
1748 2970 1843 3005 habet

1086 3027 1173 3060 locus
1187 3025 1289 3060 Exodi
1302 3023 1386 3072 supra
1398 3022 1511 3057 difens.

1135 3075 1235 3125 Qod
1246 3073 1332 3110 affert
1344 3073 1393 3107 hic
1403 3072 1536 3106 Grotius
1554 3069 1645 3118 spicas
1654 3071 1783 3106 virentes
1795 3067 1839 3104 se-
1853 3078 1962 3102 Temem-

1086 3126 1190 3161 cundo
1207 3127 1399 3172 Azymorum
1417 3132 1535 3157 tantum
1557 3121 1632 3155 dicis
1651 3118 1736 3156 causa
1754 3119 1839 3153 obla·
1851 3116 1920 3141 rium
1937 3119 1999 3142 ΘΜ·

1085 3186 1144 3215 tas‚
1161 3175 1245 3216 valde
1258 3185 1373 3211 temere
1386 3177 1418 3211 &
1430 3169 1559 3221 profane
1572 3170 1689 3205 dietum
1702 3169 1836 3206 videtur:
1850 3153 1998 3192 meffamm.

1767 3228 1836 3250 nam
