2048 3343
38 2188 133 2236 kontra
138 2206 177 2233 lu·

0 2259 1 2263 ¹
40 2246 144 2276 horum

33 2288 180 2326 finiendam

425 161 488 188 ET
546 151 1231 189 CuRoNoLoclc1

184 224 398 265 extenderunt
409 248 419 264 ,
445 238 481 260 ac
499 225 748 260 Meridionalern
769 235 838 257 non
864 232 935 255 tan-

182 274 252 310 ttim
265 275 303 310 ad
313 277 475 309 civitatem
481 277 699 321 Tantas-,quam
713 270 795 306 male
805 271 934 304 Sanflius

182 321 547 360 vultIcr1cho‚civitatcm
561 325 737 369 palmarum
751 331 820 365 qux
832 320 863 352 in
877 319 933 351 tri-

182 373 227 409 bu
243 375 399 419 Benjamin
410 397 420 412 ,
438 371 506 406 totzi
517 372 602 405 tribu
616 370 689 403 luda
699 374 728 403 ἃ·
741 366 935 413 Hierosoly-

181 425 352 458 miseriam
370 421 432 455 fuit
452 420 760 464 Septentrionalior:
788 415 874 450 Male*
887 428 936 451 et-

178 476 248 519 jam
268 472 285 506 ὲ
304 470 415 518 Lapide
427 475 457 505 ὅ(
470 471 523 504 alii
534 467 652 505 volunt
665 467 836 505 palmiram,
863 478 934 513 quae

178 522 338 569 Euphrati
353 521 534 568 propinqua
544 517 604 553 fuit
614 543 622 554 ,
636 517 772 564 politam
784 517 882 550 etiam
896 515 934 548 ad

179 573 285 606 rivum
296 571 448 618 AEgypti:
476 582 544 604 non
555 567 688 614 quidem
701 567 814 600 Nilum
823 576 876 599 aut
886 565 936 598 ul-

179 621 247 655 lum
260 625 328 664 ejus
340 618 459 654 ostium
475 643 485 659 ‚
501 618 551 653 sed
563 616 679 652 Sichor
689 617 744 663 qui
760 615 798 649 ad
811 614 936 648 Rinoco-

176 669 270 704 Iuram
284 670 436 712 (limitem
448 667 551 702 tribus
561 668 677 701 Simeon
684 666 934 712 AEgyptiacum)

179 721 213 754 in
227 720 319 753 Mare
332 718 609 753 Mediterraneum
629 714 795 750 influebat.
826 714 895 761 jam
914 712 935 747 fi

180 770 360 816 unicuique
378 781 416 801 ex
438 768 610 801 duodecim
634 762 787 799 tribubus
806 764 873 797 dies
886 762 936 796 vel
959 775 961 798 ι

180 818 351 852 dimidium
363 845 371 857 ‚
388 818 457 850 imo
479 817 529 851 vel
539 814 658 850 sextam
670 839 681 854 ,
695 814 744 848 vel
758 810 825 847 fere
837 813 936 846 ullam

179 867 458 915 proportionalem
482 876 605 913 partem
625 876 701 898 cum
722 863 876 910 portione
888 860 937 895 sa-

179 915 266 951 crata
278 917 516 964 quinquaginta
528 915 720 949 milliarium
730 935 739 951 ‚
764 911 872 945 nullus
883 923 937 958 pes

180 967 325 1013 Principi
347 967 379 1000 in
397 976 487 999 terrae
506 962 712 1010 longitudine
734 959 936 995 remanebit:

180 1029 258 1051 nam
270 1026 341 1049 tota
352 1025 433 1049 terra
441 1012 541 1061 longa
550 1011 652 1047 fuerat
662 1009 854 1045 milliaribus
864 1020 938 1044 tan-

181 1063 254 1103 nim
268 1075 400 1098 centum
421 1063 677 1110 quinquaginta,
691 1063 722 1094 &
736 1071 771 1093 cx
782 1058 830 1094 his
842 1059 939 1107 quin-

182 1115 338 1164 quaginta
352 1124 443 1148 erant
453 1111 607 1146 attributa
618 1107 835 1144 sacerdotibus
846 1131 856 1148 ‚
876 1109 939 1141 Le-

182 1165 259 1199 vitis
270 1189 279 1204 ,
301 1167 332 1197 &
353 1162 495 1200 civitati,
520 1160 542 1196 fi
559 1159 682 1206 reliqua
700 1168 834 1192 centum
856 1157 938 1190 inter

183 1212 365 1248 duodecim
386 1209 508 1245 dividas
520 1232 530 1246 ,
547 1208 724 1256 unicuique
745 1219 812 1241 non
829 1204 938 1252 super-

183 1272 278 1297 erunt
290 1261 438 1295 milliaria
447 1271 582 1298 novem,
596 1269 702 1305 neque
712 1257 806 1290 etiarn
821 1256 891 1302 plus
905 1257 938 1289 in

181 1322 271 1346 terrae
280 1308 451 1344 latitudine
461 1309 604 1355 Principi
615 1307 739 1342 videtur
753 1303 939 1352 superfutu-

179 1372 264 1398 rum,
277 1371 352 1393 narn
365 1356 428 1406 quai
439 1356 598 1397 latissima,
608 1355 846 1400 transjordauas
855 1366 941 1402 quo-

181 1421 245 1457 que
259 1418 365 1455 partes
379 1407 569 1442 assumendo
583 1433 591 1445 ‚
615 1417 684 1440 non
707 1405 837 1452 patebat
857 1405 940 1438 ultra

182 1458 334 1494 milliaria
353 1455 526 1504 sexaginta.
563 1457 604 1493 Et
626 1454 706 1489 vero
726 1455 808 1488 intra
829 1453 942 1501 Jorda-

183 1519 262 1543 nem
272 1511 303 1541 δι
315 1519 401 1541 mare
413 1507 680 1552 Magnum‚extra
688 1516 770 1552 quos
782 1504 942 1538 terminos

183 1554 313 1596 Ezekiel
323 1556 473 1590 reducem
485 1553 576 1588 suum
589 1553 749 1601 populum
761 1565 830 1588 non
844 1553 943 1591 locat,

183 1605 425 1654 quinquaginta
443 1615 613 1651 nunquam
632 1601 782 1643 excessit,
807 1601 944 1637 ficredas

187 1656 262 1690 ullis
274 1666 354 1702 quas
365 1653 460 1688 hodie
482 1653 638 1688 habemus
655 1651 784 1687 chartis.
810 1653 874 1685 His
885 1664 942 1699 po-

190 1702 258 1739 fitis
267 1703 374 1738 nullus
387 1704 450 1750 agri
463 1704 588 1750 palmus
599 1703 651 1736 vel
664 1702 785 1750 digitus
794 1703 893 1736 etiarn
908 1702 941 1736 in

189 1752 360 1790 latitudine
381 1753 525 1800 Principi
551 1750 690 1786 restabit.
723 1752 808 1786 Nam
843 1751 942 1786 vicies

187 1804 363 1852 quinquies
379 1802 468 1837 mille
483 1802 599 1836 calami
616 1799 710 1835 sortis
720 1801 839 1836 sacratae
851 1801 945 1848 quin-

149 1858 153 1862 *
189 1854 346 1901 quaginta
369 1852 422 1885 illa
443 1851 593 1885 milliaria
615 1847 710 1898 plene*
739 1848 945 1884 exhauriunt.

195 1902 298 1946 Quod
310 1901 328 1935 ὲ
339 1900 453 1949 Lapide
463 1901 532 1935 vult
552 1900 694 1934 calamos
712 1912 768 1934 eos
781 1911 850 1934 non
864 1913 944 1943 con-

192 1953 296 1987 tinere
309 1952 390 1985 ultra
406 1950 619 1998 quadraginta
630 1950 777 1998 quinque
788 1950 947 1989 milliaria,

190 2002 236 2036 ita
247 2012 283 2036 ut
294 2001 356 2048 ¹hac
369 2002 496 2035 ratione
515 2001 720 2046 aliquantum
736 1999 878 2045 Principi
894 2010 948 2033 re-

192 2049 265 2090 stet,
282 2049 345 2085 hoc
356 2048 434 2084 facit
445 2063 483 2084 ex
497 2061 603 2084 errore
615 2046 730 2084 calculi
742 2062 751 2089 3
767 2048 944 2083 attribuens

191 2098 341 2140 Ezekielia
353 2100 478 2134 calamo
488 2099 583 2146 pedes
590 2096 719 2133 tantum
730 2111 865 2135 novem,
875 2110 948 2133 cum

191 2150 223 2185 ei
233 2150 305 2198 plus
317 2146 413 2197 quam
425 2149 536 2184 decem
548 2147 742 2183 debeantur.

245 2201 325 2234 Haec
341 2199 380 2233 de
391 2197 548 2233 sententia
561 2196 662 2245 primii
674 2225 683 2237 ‚
701 2208 830 2233 caeteras
843 2195 949 2232 brevi‘

197 2258 246 2284 ter
257 2248 519 2297 perstringemus.
537 2246 682 2282 Secunda
695 2247 741 2281 est
751 2246 951 2293 judaeorum,

198 2300 253 2346 qui
264 2297 320 2333 etsi
327 2299 421 2333 olim,
430 2309 465 2331 ut
475 2296 574 2331 habet
584 2296 777 2341 Hieronymus
786 2296 955 2334 inlocum,

198 2349 232 2382 in
246 2347 351 2394 prima
361 2356 450 2382 erant
460 2345 613 2380 sententia
623 2369 633 2385 ‚
652 2356 767 2380 tamen
778 2344 817 2380 ab
827 2345 953 2390 aliquot

200 2399 266 2442 jam
276 2394 388 2429 seculis
398 2418 407 2434 ‚
427 2405 462 2428 ut
472 2394 569 2428 docet
580 2395 709 2437 Lyranus
718 2417 728 2433 ‚
756 2393 817 2440 ipse
828 2393 954 2439 Judaeus

200 2454 311 2493 gente,
324 2443 390 2478 haec
401 2442 548 2483 Ezekielis
558 2453 593 2476 ca
599 2443 665 2489 pita
675 2441 713 2476 de
722 2443 820 2476 tertio
831 2443 955 2488 templo

199 2498 232 2529 &
248 2490 376 2528 novain
387 2494 479 2526 terris
496 2491 652 2526 felicitate
668 2503 725 2538 per
744 2489 883 2534 Meffiam
896 2504 956 2537 po-

200 2544 282 2591 pulo
300 2541 475 2576 Israe‘litico
495 2539 676 2576 obventura
693 2541 957 2586 interpretantur.

201 2595 408 2628 Commento
419 2589 497 2625 huic
509 2588 694 2638 pravisfimo
705 2587 877 2624 refutando
889 2601 957 2622 non

202 2640 474 2678 immorabimur,
497 2652 701 2688 quaecunque
717 2640 805 2673 enim
824 2650 882 2684 pro
903 2650 959 2671 ve-

205 2693 298 2726 ritate
318 2691 500 2737 Religionis
523 2687 713 2724 Christianae
732 2687 957 2727 adducuntur,

206 2741 271 2776 huc
286 2739 421 2775 faciunt.
446 2742 575 2784 Lyranus
591 2741 690 2774 etiam
708 2739 740 2772 in
753 2739 867 2772 locum
880 2740 910 2771 ἃ
922 2749 959 2770 ex

206 2804 246 2825 eo
265 2788 281 2823 ὰ
299 2789 410 2835 Lapide
422 2791 454 2823 in
472 2788 536 2822 hoc
557 2798 752 2836 argumento
772 2786 912 2822 breviter
929 2790 960 2820 δέ

209 2838 343 2875 nervose
359 2837 477 2884 Judaeis
494 2850 531 2871 os
549 2836 874 2874 abundeobssruunt,
900 2848 962 2870 nos

210 2901 309 2935 pauca
318 2899 445 2922 tantum
457 2887 496 2921 ad
507 2887 677 2921 hominem
687 2885 854 2920 addemus.

259 2935 380 2970 Prima.
395 2935 586 2971 Doffisfimi
597 2935 830 2970 Rabbinorum
842 2943 963 2980 negant

211 2986 373 3032 templum
385 2987 419 3020 in
436 2988 528 3021 terris
547 2985 762 3020 extruendum
776 3007 784 3020 ‚
809 2983 908 3029 idque
924 2994 964 3016 ex

213 3032 322 3068 divina
339 3033 464 3079 prorsus
481 3035 554 3083 ipsis
573 3036 769 3073 traditione,
793 3031 850 3066 etsi
871 3032 966 3066 nobis

213 3080 371 3118 faififfima
387 3081 506 3117 fabula.
530 3086 666 3120 Docent
686 3085 774 3118 enim
787 3108 796 3121 ,
821 3080 964 3116 uthabet

216 3130 368 3166 Galatinue
379 3129 436 3165 lib.
448 3142 478 3177 5.
490 3145 557 3179 cap.
574 3146 626 3176 14.
640 3134 748 3179 Mosen
760 3130 862 3179 pridie
874 3142 964 3165 mor-

215 3183 256 3216 tis
275 3180 334 3215 suae
351 3179 541 3215 transsatum
559 3183 592 3216 in
611 3184 714 3217 coelos
732 3194 768 3216 ac
786 3181 967 3227 colloquu-

157 3261 161 3265 .
212 3241 285 3266 tum
298 3241 373 3265 cum
386 3240 524 3267 venturo
537 3231 664 3278 Messid,
678 3243 776 3280 quem
785 3230 866 3267 vidit
884 3229 966 3264 stan-

1288 149 1464 191 L113.1.

980 232 1046 256 tem
1073 235 1148 257 curn
1176 223 1338 257 Aaronem
1356 226 1453 259 tertio
1472 224 1598 273 templo
1612 248 1621 265 ,
1641 223 1733 272 quod

981 272 1071 305 Deus
1085 283 1157 306 tum
1172 277 1281 307 nonin
1294 274 1382 306 terris
1395 297 1404 312 ,
1419 273 1470 308 sed
1482 273 1630 322 supremo
1642 275 1731 308 coelo

980 331 1017 352 ex
1030 322 1172 366 gemmis
1184 332 1289 355 totum
1302 320 1489 358 fabricabat.

1030 369 1191 403 Secundo.
1218 371 1370 417 Princeps
1397 370 1547 410 Ezekielii
1574 384 1642 406 non
1667 368 1731 405 fuit

982 418 1104 461 Messms
1113 442 1123 456 ,
1137 418 1190 451 hie
1201 421 1288 453 enim
1301 419 1419 454 liberos
1431 432 1536 467 neque
1546 420 1735 456 succefl'ores

981 463 1159 501 secuudum
1168 468 1340 503 Rabbinos
1351 473 1381 503 δι
1394 470 1436 503 rei
1447 470 1613 504 veritatem
1625 469 1734 506 habet:

982 517 1086 563 Atqui
1109 514 1262 563 supponit
1282 514 1409 554 Ezekiel
1433 517 1526 552 suum
1553 520 1736 564 Principem

981 564 1095 599 habere
1107 576 1179 599 tum
1193 566 1313 600 liberos
1325 579 1396 601 tum
1410 565 1610 608 successores,
1622 569 1739 614 regulae

983 615 1071 648 enim
1091 614 1140 648 isti
1163 617 1305 663 Principi
1325 615 1572 663 praescribuntur
1591 617 1630 651 de
1648 616 1741 652 filio-

985 676 1055 697 rum
1069 660 1202 698 suorum
1213 664 1474 706 haereditatibus,
1504 671 1535 701 &
1555 676 1687 701 cavetur
1698 679 1740 700 ne

986 714 1136 759 Princeps
1148 713 1203 747 iste
1212 726 1287 748 cum
1298 713 1509 751 successorum
1519 714 1651 751 suorum
1660 727 1741 763 ptae-

978 762 1121 806 judicio,
1149 765 1255 811 regios
1269 776 1363 812 agros
1375 767 1408 800 in
1422 763 1588 802 servorum
1600 766 1739 814 gratiam

984 811 1113 845 alienet.

1034 859 1165 895 Tertib.
1190 862 1342 897 Tertium
1360 864 1518 910 templum
1537 863 1626 912 quod
1637 863 1739 912 Judaei

984 908 1001 943 ὲ
1014 909 1134 956 Pseudo·
1145 911 1266 956 Adeffia,
1278 916 1309 946 ἃ
1321 911 1490 947 Pontificii
1501 913 1541 947 ab
1552 909 1740 948 Antichriflo

983 958 1196 993 extruendum
1209 958 1395 995 fabulantur
1407 985 1415 997 ‚
1437 963 1520 996 intra
1532 963 1683 998 Sanetam
1697 964 1742 997 ci-

983 1009 1115 1042 vitatem
1129 1009 1316 1043 collocant:
1343 1013 1449 1057 Atqui
1469 1012 1631 1058 templum
1652 1015 1742 1049 Eae-

985 1055 1063 1096 kielis
1083 1059 1136 1091 28.
1150 1057 1328 1094 minimum
1342 1059 1537 1094 milliaribus
1552 1072 1643 1095 extra
1658 1063 1743 1098 civi-

986 1118 1085 1141 tatem
1099 1107 1193 1141 situm
1204 1107 1256 1143 est.

1036 1155 1183 1201 Qartd.
1209 1158 1394 1205 Templum
1421 1156 1555 1191 tertium
1580 1158 1681 1204 Judaei
1708 1161 1741 1193 &

985 1204 1154 1239 Pontificii
1171 1204 1278 1240 multo
1297 1206 1562 1254 magnificentius
1587 1219 1655 1241 tam
1674 1205 1744 1255 pr?-

985 1267 1042 1289 mo
1053 1254 1210 1289 Solomonis
1221 1254 1317 1302 qutim
1336 1255 1472 1291 secundo
1489 1254 1677 1291 zorobabelis
1693 1253 1744 1290 af-

984 1303 1126 1339 firmant.
1151 1306 1212 1339 Sed
1230 1306 1392 1353 templum
1418 1303 1564 1344 Ezekielis
1589 1319 1657 1340 non
1679 1304 1745 1340 fuit

986 1354 1150 1401 augustius
1166 1355 1216 1388 vel
1235 1354 1376 1389 secundo
1390 1353 1600 1396 Zorobabelis,
1623 1355 1745 1390 nedum

987 1405 1096 1450 ptimo
1109 1403 1283 1443 Solomonis5
1305 1405 1396 1452 quod
1416 1406 1506 1440 enim
1527 1405 1565 1439 de
1588 1403 1746 1451 magnifi-

988 1452 1092 1487 centia
1103 1455 1218 1502 templi
1234 1451 1382 1494 Ezektelis
1394 1467 1455 1501 prae
1474 1453 1632 1489 Solomonis
1643 1453 1746 1489 habet

991 1503 1196 1548 Hieronymus,
1224 1503 1255 1537 id
1268 1503 1309 1538 de
1325 1506 1411 1538 atriis
1423 1507 1455 1538 δε
1465 1505 1603 1538 circuitu
1621 1504 1748 1538 intelli-

988 1553 1155 1599 gendum:
1179 1565 1255 1587 nam
1267 1553 1370 1601 ipsum
1381 1554 1535 1587 Sanetum
1551 1566 1618 1588 non
1636 1550 1746 1588 exces-

988 1601 1024 1637 sit
1036 1602 1251 1650 quadraginta
1270 1602 1459 1636 cubitorum
1479 1601 1746 1649 longitudinem,

989 1652 1237 1686 &latitudinem
1261 1653 1402 1698 viginti,
1415 1664 1451 1685 ac
1464 1652 1671 1686 altitudinem
1685 1651 1748 1685 tri-

989 1703 1093 1747 ginta.
1105 1702 1258 1735 Sanetum
1272 1699 1349 1735 vero
1362 1702 1553 1736 &mdiorum
1566 1700 1680 1735 diebus
1692 1704 1748 1734 So-

986 1750 1106 1785 lomonis
1125 1764 1192 1785 non
1210 1751 1385 1785 excedebat
1407 1751 1526 1797 viginti
1544 1750 1676 1785 cubitos
1696 1750 1746 1784 vel

987 1801 1216 1849 longitudine,
1244 1801 1295 1835 vel
1313 1800 1482 1834 latitudine
1499 1802 1551 1835 vel
1571 1799 1748 1835 altitudine

997 1864 1006 1885 ι
1024 1851 1107 1897 Reg.
1119 1855 1149 1883 6.
1161 1862 1190 1883 v.
1206 1862 1235 1895 3.
1261 1849 1367 1896 Qod
1380 1860 1487 1885 autem
1507 1851 1649 1898 legimus
1659 1850 1749 1884 Ezrae

988 1905 1022 1934 6.
1041 1913 1069 1933 v.
1084 1912 1111 1944 3.
1124 1898 1161 1933 de
1172 1899 1423 1946 longitudine&
1436 1900 1606 1933 latitudine
1616 1899 1749 1933 cubito-

989 1962 1061 1983 rum
1076 1949 1238 1995 sexaginta
1248 1973 1257 1987 ,
1277 1946 1399 1983 necesse
1410 1948 1453 1982 est
1469 1948 1501 1983 id
1514 1948 1564 1983 vel
1575 1960 1651 1982 cum
1667 1947 1748 1982 Iunio

991 1999 1028 2033 de
1055 1997 1172 2035 cubitis
1207 1997 1442 2032 communibus
1477 1999 1661 2045 intelligere
1673 2021 1683 2033 ,
1708 1995 1748 2031 ad

992 2061 1075 2097 quos
1096 2045 1174 2081 sacri
1194 2045 1321 2081 fuerunt
1341 2046 1454 2093 dupli3
1480 2048 1528 2080 vel
1543 2048 1651 2092 potius
1672 2057 1749 2080 curn

997 2095 1255 2132 Annotatoribus
1268 2097 1460 2142 Anglicanis
1474 2097 1598 2130 ultimis
1616 2095 1653 2129 de
1665 2106 1752 2129 tem-

994 2145 1048 2194 plo
1061 2146 1156 2181 simul
1168 2159 1241 2181 cum
1254 2144 1397 2180 aedificiis
1415 2143 1560 2193 proxime.
1571 2144 1753 2189 adjacenti-

995 2198 1069 2231 bus.
1095 2198 1275 2243 Utcunque
1285 2193 1448 2241 templum
1462 2191 1611 2234 Ezekielis
1622 2194 1752 2240 templo

995 2246 1155 2280 Solomonis
1166 2244 1269 2279 nihilo
1282 2243 1345 2279 fuit
1356 2248 1479 2290 majuS,
1493 2242 1539 2278 vel
1550 2245 1584 2278 in
1597 2244 1753 2288 longitu-

997 2296 1071 2329 dine
1082 2297 1132 2329 vel
1151 2294 1369 2328 inlatitudine
1388 2299 1448 2334 (ut
1461 2293 1567 2328 videre
1588 2291 1632 2327 est
1655 2291 1754 2329 Ezek.

997 2356 1052 2390 41.
1061 2357 1092 2378 v.
1104 2356 1132 2377 z.
1146 2348 1179 2377 &
1195 2343 1238 2377 ibi
1252 2344 1337 2390 apud
1349 2342 1569 2390 Villapandum‚
1583 2340 1753 2376 Maldona-

997 2405 1069 2432 tum,
1080 2391 1097 2426 ἁ
1109 2392 1229 2440 Lapide‚
1242 2393 1367 2432 Iunium,
1380 2396 1580 2425 Annotatores
1592 2389 1755 2438 eAnglica-

998 2456 1048 2476 nos
1077 2442 1213 2476 ultimos
1224 2466 1234 2481 ,
1261 2445 1293 2475 <Sc
1317 2442 1397 2475 alios
1412 2443 1425 2486 )
1456 2440 1602 2486 adeoque
1627 2437 1756 2472 Herodis

999 2492 1125 2538 templo
1137 2489 1287 2530 Ezekielis
1306 2490 1424 2525 domus
1438 2487 1499 2524 fuit
1511 2485 1619 2523 multo
1631 2489 1755 2528 minor,

1001 2542 1021 2576 fi
1035 2537 1146 2587 losbpho
1158 2541 1318 2574 credimus
1329 2540 1493 2586 Antiquit.
1510 2548 1563 2582 15.
1574 2549 1602 2571 v.
1622 2547 1674 2580 14·
1699 2535 1755 2572 hic

1001 2591 1089 2624 enim
1104 2588 1241 2622 Herodem
1253 2586 1356 2621 afferit
1368 2599 1491 2621 novum
1505 2584 1520 2620 ἆ
1533 2584 1755 2621 fundamentis

1002 2637 1138 2674 struxiffe
1150 2637 1310 2685 templum
1322 2661 1330 2673 ‚
1349 2634 1555 2684 longitudine
1567 2633 1755 2670 cubitorum

1005 2699 1157 2724 centum,
1183 2691 1215 2721 ἃ
1237 2686 1408 2721 latitudine
1427 2684 1559 2722 eadem,
1583 2683 1756 2720 altitudine

1006 2735 1082 2772 vero
1097 2746 1232 2771 centum
1248 2737 1379 2783 viginti.

1051 2789 1173 2821 Verum
1193 2785 1238 2820 est
1257 2784 1453 2821 vestibulum
1472 2784 1587 2831 templi
1603 2782 1759 2818 Solomonis

1006 2838 1145 2882 longum
1166 2836 1286 2883 viginti
1307 2834 1427 2869 cubitis
1448 2838 1477 2867 ὅ(
1495 2833 1609 2868 decem
1635 2834 1736 2868 latum
1751 2856 1760 2870 ²

1007 2883 1095 2918 fuiss‘c
1105 2884 1207 2918 altum
1218 2895 1351 2918 centum
1365 2884 1478 2930 viginti
1492 2895 1500 2915 ε
1523 2882 1576 2916 sed
1587 2894 1696 2917 caetera
1707 2893 1763 2917 to-

1009 2944 1041 2967 ta
1061 2933 1180 2967 domus
1196 2947 1265 2968 non
1284 2933 1461 2967 excedebat
1483 2932 1618 2979 triginta
1631 2931 1761 2966 cubitos

1009 2984 1042 3017 in
1059 2983 1233 3017 altitudine
1255 3008 1264 3022 ,
1298 2984 1450 3017 δαηέωῐῃ
1474 2980 1551 3016 vero
1572 2982 1763 3016 San-§torum

1009 3033 1151 3067 omnino
1187 3032 1376 3081 quadratum
1414 3043 1483 3066 non
1514 3028 1684 3078 superabat
1714 3032 1765 3068 vi-

1008 3093 1102 3130 ginti.

1057 3129 1160 3175 Qod
1171 3131 1274 3177 igitur
1294 3127 1422 3164 Herodis
1441 3129 1601 3176 templum
1614 3139 1681 3163 tam
1693 3140 1763 3163 am-

1654 157 1730 188 281

988 3216 991 3230 1
1014 3179 1102 3225 plum
1118 3177 1213 3212 fuerit
1232 3190 1267 3212 ut
1285 3179 1318 3212 in
1337 3190 1376 3213 eo
1395 3176 1496 3223 ipsum
1510 3179 1663 3213 Santssmm
1683 3181 1764 3212 San-

989 3255 995 3298 l

1010 3231 1159 3271 storum,
1187 3228 1309 3266 nedum
1336 3228 1516 3275 Sanetum3
1540 3229 1640 3264 altum
1666 3225 1767 3262 fucrit

1356 3277 1421 3312 Nn
1690 3285 1764 3308 cen-
