2048 3343
141 1056 262 1095 Spartani

140 1098 266 1125 declinant

142 1150 195 1167 sum
204 1139 283 1174 Persis

138 1188 258 1218 pugnam,

141 1231 214 1258 quam
223 1224 275 1251 „sl-

140 1261 274 1296 thenienfi's

142 1303 259 1333 ambiunt.

148 3125 284 3164 Il‘sornpbo-

147 3175 210 3196 rems
229 3177 276 3195 noa

304 107 424 140 118·
652 90 1512 135 OpuntsHtsToutot

297 175 417 209 Atticae
430 170 580 205 involant
599 165 828 215 unguibusque
850 166 1045 212 discerpunt.

301 221 392 259 Cum
411 219 497 255 nulla
510 222 577 264 jam
595 218 748 253 Mardonia
767 215 1048 251 conciliandorum

304 267 554 309 Atheniensium
576 265 647 314 spes
668 265 859 314 superesset,
883 275 998 300 movet
1018 266 1050 298 in

304 323 448 357 Atticam
462 318 582 361 castra·,
607 316 751 351 secundo
763 317 888 363 capitur
901 313 978 349 urbs
989 338 999 351 ‚
1018 317 1050 348 &

305 369 512 406 deformatur
529 367 707 406 incendio;
733 364 789 399 secl
811 375 885 399 ante
902 366 935 398 in
955 374 1053 397 naves

306 423 336 456 se
348 422 533 464 conjecerat
546 427 617 450 tota
629 427 708 462 gens
719 440 729 454 ,
749 413 946 460 miseratque
958 415 1054 458 Spar-

306 482 374 506 tam
387 470 443 516 qni
462 466 774 515 postularentopem
790 479 797 499 z
824 461 963 498 unaillic
982 471 1058 493 cura

307 521 370 557 fuit
390 516 674 566 perficiendorum
691 517 725 547 in
740 513 863 547 Isthmo
883 520 1054 544 murorum

308 574 341 605 &
354 567 544 603 solennibus
556 564 692 601 vacandi
706 562 803 596 ludis.
830 561 920 593 Cum
932 559 1054 592 nullam

305 618 472 653 suicuram
494 611 707 649 Athenienses
722 609 738 644 ὲ
756 609 923 655 Spartanis
942 606 1054 642 haberi

305 668 466 703 viderent,
479 665 521 699 ad
534 665 607 698 suos
618 660 758 694 reditum
773 668 906 704 parant,
923 658 1055 690 minan-

304 729 352 753 tes
365 729 439 751 cum
453 711 746 749 Perfisl'ociaturos
756 706 785 741 se
795 709 910 743 arma&
920 705 972 741 hic
984 718 1054 740 me-

304 778 356 801 tus
370 768 551 812 Spartanos
568 771 642 793 cum
655 756 746 791 sociis
759 756 899 789 extrahit
917 757 949 788 in
961 767 1053 788 cam-

302 828 383 862 pum
395 839 404 855 ,
419 810 581 847 conflatur
592 804 825 852 exercitusque}
841 805 948 851 gravis
961 829 969 842 ‚
986 802 1051 850 qua

300 865 382 898 levis
392 871 557 895 armatura:
567 858 606 893 ad
620 856 773 891 undecim
787 853 965 900 myriadas;
979 852 1052 886 nus-

301 925 400 959 quam
414 913 608 945 Graecorum
628 907 731 948 major
745 905 777 937 in
791 905 861 937 unis
874 901 981 936 castris
995 914 1051 949 ap-

300 962 408 1010 paruit
420 969 575 994 numerus
587 981 595 997 ‚
615 959 648 990 δε
662 954 754 1002 quod
766 953 882 987 mirere
894 978 904 994 ,
927 952 1054 998 pedites

301 1008 457 1060 pugnasse
469 1007 579 1041 cunCti
590 1006 753 1040 videntur.

354 1060 517 1094 Mardonius
537 1065 675 1103 accepto
700 1056 836 1088 Graecos
862 1051 1049 1091 adventare,

305 1111 424 1144 recedit
441 1107 483 1141 ab
504 1107 612 1139 Attica
625 1115 660 1138 ut
675 1101 808 1150 regione
820 1100 930 1136 minus
942 1100 1049 1148 plana,

302 1162 336 1193 in
350 1159 516 1193 Boeotiam
529 1155 567 1190 ad
580 1153 769 1188 ulteriorem
786 1151 886 1198 Asopi
906 1151 1051 1185 fluminis

301 1211 419 1257 ripam:
434 1207 475 1242 ad
489 1206 674 1240 citeriorem
689 1201 860 1239 consident
873 1202 1052 1238 Graeci,un·

302 1261 407 1294 decim
427 1256 555 1291 flumini
568 1253 685 1289 diebus
703 1251 839 1287 assident
851 1249 916 1285 fine
933 1261 1052 1285 mutuo

304 1307 466 1349 maleficio
478 1331 488 1346 ,
508 1305 613 1338 neutri
632 1304 754 1351 priores
771 1300 929 1334 audentes
944 1311 1052 1334 trans-

303 1359 394 1405 gredi
414 1372 423 1397 ς
450 1354 594 1400 utrisque
607 1351 741 1402 pulchre
757 1348 929 1384 litantibus
947 1348 988 1383 ad
1008 1349 1052 1383 sui

303 1397 444 1442 intelam
458 1430 468 1446 ,
487 1405 608 1439 neutris
629 1399 883 1438 adinvafioncm
897 1398 1051 1433 hostium.

307 1456 463 1491 Tandem
480 1454 630 1489 Mardonia
644 1452 818 1487 ‘decretum
838 1448 883 1482 est
902 1446 1052 1495 spernere

306 1508 502 1542 Graecorum
526 1501 609 1537 sacra
629 1525 639 1541 ,
666 1511 703 1535 ut
723 1497 827 1548 posset
844 1497 1000 1533 devenire
1011 1497 1052 1533 ad

306 1566 438 1589 manus.
472 1552 557 1587 Istud
569 1552 607 1585 de
621 1549 801 1599 pugnando
816 1547 982 1582 Persarum
996 1547 1051 1582 de-

304 1615 433 1639 cretum
449 1628 459 1643 ,
480 1599 701 1636 transmittens
718 1597 844 1633 flumen
864 1596 1056 1645 intempestfi

305 1655 406 1688 noete
419 1652 575 1687 Alexander
585 1650 703 1684 Macedo
712 1647 861 1682 Ducibus
872 1646 1051 1681 Athenien-

306 1703 386 1738 sium
408 1700 558 1748 patefecit
585 1713 593 1734 :
630 1711 700 1733 rem
726 1698 772 1731 illi
799 1696 1053 1731 communicant

305 1750 655 1798 Paufizniaelmperatori
672 1761 680 1782 :
710 1746 815 1781 statim
827 1747 852 1780 is
863 1758 938 1781 cum
953 1747 1051 1793 Spar-

309 1805 393 1836 tanis
414 1801 575 1847 trepidare
607 1796 703 1844 quod
730 1796 872 1831 crastino
899 1795 953 1830 die
978 1808 1051 1830 cum

305 1850 419 1885 Medis
431 1847 643 1897 pugnandum
658 1845 829 1886 fibiforet,
839 1857 925 1892 quos
934 1846 967 1878 in
977 1857 1053 1891 prae-

305 1899 354 1933 lio
366 1910 534 1945 nunquam
552 1895 809 1943 expertifuissent
822 1920 832 1936 ,
852 1893 1056 1929 Athenienses

306 1950 366 1995 qui
377 1948 455 1982 istos
468 1947 510 1981 ad
526 1945 765 1980 Marathonem
785 1942 1056 1984 fudiss'entorare,

305 2007 512 2032 commutare
536 1994 656 2029 vellent
682 1994 792 2029 secum
813 1994 967 2027 stationes
987 1992 1055 2040 quo

306 2046 366 2081 sibi
387 2047 623 2093 contingerent
649 2042 823 2078 adversarii
844 2042 999 2077 Thebani
1020 2046 1055 2078 &

308 2094 468 2134 Thessali,
478 2095 538 2129 illis
549 2093 627 2127 vero
641 2105 716 2126 curn
730 2092 829 2126 Persis
842 2095 876 2126 &
889 2092 995 2126 Medis
1007 2105 1055 2126 res

306 2144 383 2178 esset
402 2157 410 2177 :
427 2140 683 2177 Atheniensibus
700 2140 876 2187 gratisslma
888 2139 950 2175 fuit
961 2143 1054 2188 Spar-

308 2204 462 2228 tanorum
475 2191 594 2238 petitio
619 2215 629 2230 ,
655 2188 818 2224 transeunt
841 2192 940 2236 igitur
960 2202 1053 2224 mane

307 2244 418 2287 primo
433 2237 642 2274 Athenienses
661 2240 694 2270 in
716 2236 868 2271 dextrum
886 2239 1054 2271 acieicor-

305 2304 353 2326 nu
367 2319 375 2331 ,
394 2289 613 2324 succeduntin
630 2285 789 2320 sinistrum
800 2289 949 2321 Lacones
966 2299 974 2319 :
1000 2286 1056 2319 ista

307 2340 520 2375 observantes
543 2336 639 2371 Medi
660 2338 699 2372 de
721 2335 846 2370 sinistro
859 2336 890 2369 in
903 2334 1054 2370 dextrum

306 2401 414 2424 cornu
434 2388 464 2423 se
482 2388 599 2435 pariter
616 2386 801 2432 conjiciunt
815 2410 824 2423 ‚
847 2395 883 2418 ut
895 2396 971 2418 cum
984 2386 1056 2418 unis

304 2439 467 2486 Spartanis
479 2434 686 2471 consererent
699 2447 814 2469 manus
827 2461 837 2476 ,
855 2433 906 2468 sed
923 2444 958 2467 ut
979 2434 1055 2467 isto-

303 2500 378 2523 rum
405 2484 610 2534 congreflum
638 2484 857 2523 declinarent,
884 2483 1003 2516 iteruin
1015 2483 1056 2517 ad

303 2537 476 2586 pristinam
490 2535 663 2568 stationem
678 2535 828 2566 Lacones
839 2532 979 2566 redeunt
993 2557 1002 2572 ‚
1021 2535 1055 2566 ὃς

302 2588 397 2622 Medi
410 2597 544 2631 quoque
553 2583 595 2617 ad
606 2581 708 2623 suam,
720 2580 814 2615 misso
826 2581 868 2615 ad
878 2581 1055 2626 Pausaniam

304 2634 419 2682 legato
430 2635 486 2679 qui
501 2632 711 2678 exprobraret
724 2641 849 2665 metum
862 2657 872 2670 ,
889 2630 980 2676 quod
996 2629 1053 2677 ipfi

304 2685 503 2717 Graecorum
525 2679 722 2715 fortitudine
748 2678 952 2713 celeberrimi
970 2678 1052 2711 hor-

303 2744 413 2767 rerent
430 2744 505 2766 cum
526 2727 626 2765 Persis
646 2728 781 2762 miscere
808 2739 941 2762 manus.
981 2728 1053 2761 Re-

304 2781 428 2816 deunte
442 2780 506 2815 fine
521 2775 677 2826 responso
694 2777 805 2825 legato
816 2774 1053 2820 tranfitejubet

301 2833 337 2864 in
359 2830 485 2864 hostem
506 2829 671 2864 Mardonius
696 2828 825 2873 equites
846 2850 857 2868 ‚
890 2825 923 2859 hi
944 2836 1051 2860 toturn

299 2880 388 2914 diem
406 2882 537 2913 Graecos
548 2887 678 2917 vexant,
694 2880 726 2911 δε
741 2873 867 2909 fontem
878 2900 888 2916 ‚
901 2876 940 2910 ad
952 2886 1051 2922 quem

301 2941 407 2963 unum
421 2927 529 2963 secure
544 2925 665 2960 licebat
683 2925 802 2971 aquari,
815 2924 1053 2972 perturbantes,

301 2978 433 3023 prorsus
450 2975 627 3024 corrupEre
655 2989 663 3010 ι
689 2975 765 3008 hinc
784 2971 852 3007 visa
874 2972 917 3007 est
932 2974 1053 3008 Graecis

303 3028 473 3060 ncccss‘aria
496 3027 674 3060 castrorum
698 3022 864 3058 transsatio
883 3022 924 3057 ad
937 3022 1052 3058 urbem

304 3075 433 3113 Plataeas,
445 3073 612 3108 absentem
626 3076 664 3108 ad
677 3073 775 3107 stadia
789 3073 918 3107 decem.

354 3122 573 3156 Moventibus
586 3124 705 3157 caeteris
715 3125 906 3169 Momphoreto
917 3119 1051 3156 tribuno

306 3171 431 3205 Laconi
442 3169 537 3204 nullis
548 3171 730 3208 rationibus
740 3170 922 3220 persuaderi
931 3169 1055 3220 potest,

1095 176 1129 200 ut
1148 177 1252 201 unum
1275 167 1394 215 pedem
1416 167 1590 205 cohortem
1610 169 1697 206 fuam
1716 172 1843 208 moveri
1861 176 1992 206 valerem.
2019 183 2026 220 ss

1096 226 1262 263 pateretur
1274 242 1283 258 ,
1296 229 1371 251 cum
1384 218 1445 252 isto
1456 218 1536 253 dum
1547 219 1722 256 altercatur
1735 224 1846 269 Pausa·
1862 216 1946 246 cedere.
2020 221 2028 227 ²

1098 266 1337 306 nias,i11ucescit
1348 269 1416 302 dies
1435 282 1443 302 :
1465 268 1676 304 Athenienses
1686 273 1717 305 in
1729 273 1846 306 itinere

1100 315 1345 360 procedebant,
1355 319 1460 352 caeteri
1473 319 1598 352 Itineris
1609 330 1766 366 praetextu
1776 334 1848 367 per-

1101 361 1223 409 gebant
1249 366 1282 398 in
1307 366 1385 414 fuga
1412 384 1422 407 ς
1457 368 1578 401 instant
1605 368 1851 404 discedentibus

1105 413 1232 457 equites
1258 414 1354 448 Persae
1374 442 1382 455 ,
1410 418 1666 452 Lacedaemoniis
1691 420 1852 466 ingruunt

1105 470 1176 494 tota
1190 462 1373 498 Medorum
1383 465 1485 500 castra
1495 491 1505 508 ,
1527 466 1642 501 deserti
1653 466 1686 500 hi
1704 465 1855 503 acaeteris

1105 509 1197 544 sociis
1215 512 1251 545 ad
1279 513 1486 550 Athenienses
1516 517 1653 550 mittunt
1672 529 1800 551 oratum
1817 528 1854 552 ut

1107 561 1229 594 vellent
1239 562 1272 593 in
1285 564 1439 598 auxilium
1450 575 1619 598 accurrere
1629 589 1638 605 ‚
1653 564 1705 599 sed
1715 567 1762 599 his
1775 566 1850 600 satis

1105 610 1230 657 negotii
1244 609 1366 645 dabant
1386 615 1443 659 qui
1461 625 1536 647 cum
1553 615 1646 661 Rege
1666 614 1851 650 militabant

1104 660 1291 703 proditores
1304 663 1423 696 Graeci.
1448 663 1548 696 Erant
1559 665 1792 710 Spartanorum
1807 664 1852 699 ad

1104 706 1203 742 millia
1213 711 1448 758 quinquaginta
1465 713 1523 745 tria
1539 736 1548 751 ,
1565 711 1597 746 hi
1609 711 1684 746 cum
1698 714 1771 759 post
1785 716 1852 747 mi-

1102 768 1168 790 ram
1180 762 1372 804 patientiam
1394 760 1529 808 pulchre
1551 761 1850 805 tandemlitass'ent,

1102 816 1301 841 convertunt
1315 807 1344 842 se
1356 810 1395 844 ad
1416 810 1527 846 Persas
1538 834 1547 848 ‚
1565 810 1688 845 obvios
1698 814 1848 860 quosque

1101 856 1304 899 proculcant,
1316 856 1555 903 ipsumnecant
1567 863 1773 903 Mardonium,
1788 876 1845 897 cae-
1866 865 2009 904 Plataeenfii
2025 863 2027 899 ,ἶ

1102 912 1191 936 teros
1204 904 1246 937 ad
1259 905 1358 938 castra
1370 907 1558 954 propellunt
1577 923 1586 949 ;
1604 911 1719 945 eadem
1744 913 1844 946 Athe·
1863 906 1965 953 infigm‘f

1101 950 1262 986 niensium
1281 955 1383 989 virtus
1396 960 1429 991 &
1443 955 1648 993 fortunafuit
1661 975 1669 994 2
1683 974 1720 994 ex
1733 963 1849 1009 Regiis
1865 948 1981 977 wama.

1101 1002 1248 1035 constitit
1261 1015 1376 1044 nemo3
1387 1006 1542 1054 fugerunt
1555 1020 1672 1043 omnes
1685 1010 1726 1044 ad
1738 1012 1853 1052 castra‚¹

1100 1063 1172 1097 quae
1195 1054 1294 1085 muris
1317 1053 1434 1101 ligneis
1460 1057 1591 1105 egregie
1619 1061 1852 1107 muniverantffit

1099 1100 1178 1134 istos
1205 1113 1319 1136 muros
1345 1103 1596 1140 Atheniensium
1626 1110 1728 1142 virtus
1761 1120 1856 1143 tran-

1100 1148 1234 1192 scendit,
1249 1150 1287 1185 fit
1299 1152 1404 1187 caedes
1415 1156 1572 1190 horrenda
1587 1170 1595 1196 ·,
1609 1169 1651 1190 eo
1663 1158 1713 1190 die
1727 1159 1853 1205 periere

1105 1201 1303 1234 Graecorum
1318 1200 1402 1236 infra
1413 1216 1558 1241 centum,
1571 1203 1621 1240 sed
1634 1206 1852 1243 Barbarorum

1101 1248 1192 1296 supra
1217 1249 1362 1285 ducenta
1389 1255 1628 1301 quinquaginta
1655 1257 1755 1291 millia
1779 1271 1787 1291 ε
1812 1270 1852 1291 ex
1872 1281 1874 1283 v

1102 1300 1236 1346 triginta
1264 1301 1412 1336 Mardonia
1439 1302 1635 1350 myriadibus
1661 1305 1785 1339 seduxit
1811 1319 1851 1341 ex

1101 1347 1310 1395 praelio‚dum
1322 1351 1459 1398 primam
1472 1351 1610 1388 fortuna:
1623 1350 1725 1388 Persis
1736 1356 1855 1390 adver-

1101 1396 1197 1431 santis
1222 1410 1334 1432 autam
1354 1399 1488 1436 senfisset
1502 1403 1682 1442 artabanm,
1709 1405 1856 1449 quadra-

1101 1448 1193 1493 ginta
1206 1446 1308 1481 millia
1319 1474 1329 1490 ‚
1344 1461 1416 1496 quae
1427 1461 1519 1497 rapto
1531 1451 1644 1486 itinere
1658 1463 1854 1499 ptaevertens

1100 1495 1232 1530 infausti
1244 1497 1343 1544 praelii
1353 1497 1491 1541 famam,
1506 1512 1656 1547 magnam
1669 1512 1795 1547 partern
1810 1503 1854 1538 ad

1103 1545 1361 1594 Hellespontum
1381 1549 1497 1591 duxit,
1518 1561 1713 1585 caeterorum
1728 1551 1780 1585 vix
1794 1553 1855 1587 tria

1101 1593 1291 1643 superfuere
1305 1598 1417 1633 millia.

1149 1647 1277 1680 Eodem
1301 1648 1352 1682 die
1371 1649 1510 1683 nauticae
1531 1651 1723 1685 Graecorum
1746 1651 1851 1698 copiae
1871 1653 1999 1694 AdMyss
2029 1675 2031 1678 -

1099 1692 1316 1742 infignem'de
1328 1696 1427 1732 Pei-fis
1439 1700 1577 1733 retulere
1588 1700 1850 1741 vidtoriammam
1870 1697 1938 1723 “³1²''
1947 1699 2008 1725 Per·
2030 1720 2031 1731 ³

1101 1745 1291 1778 Samiorum
1306 1743 1394 1781 suasu
1407 1746 1514 1782 duerae
1529 1748 1572 1784 ad
1587 1752 1711 1799 regiam
1723 1748 1849 1784 classem
1863 1737 2009 1787 saturam-
2030 1747 2031 1762 ³

1100 1805 1173 1827 earn
1195 1793 1409 1843 profligdtunt
1425 1812 1435 1837 ‚-
1460 1796 1529 1832 haec
1549 1801 1636 1833 enirn
1654 1810 1690 1833 ut
1707 1798 1850 1846 primum
1869 1788 2000 1857 rmaa'zuszzu-
2027 1844 2030 1850 ι

1102 1843 1237 1877 Graecos
1248 1844 1368 1891 aspexit
1379 1857 1502 1880 terrore
1515 1848 1659 1893 perculsa
1670 1849 1774 1882 littori
1788 1848 1851 1884 sese
1869 1859 1967 1890 duntur.
2027 1851 2031 1863 ⁸

1101 1890 1368 1940 applictiit,iupra
1379 1894 1540 1942 Ephesum
1555 1897 1593 1932 ad
1605 1897 1720 1932 urbem
1732 1897 1850 1943 Myca-

1103 1941 1154 1975 len
1168 1967 1178 1983 ,
1195 1941 1251 1976 ubi
1265 1942 1376 1978 stativa
1387 1943 1556 1979 habebant
1574 1945 1739 1980 terrestres
1752 1951 1852 1982 Xerxis

1104 1992 1206 2038 copiae
1225 1992 1269 2026 ad
1291 1993 1517 2028 continendos
1537 1993 1642 2042 siquid
1666 2007 1854 2036 moverent,

1103 2043 1200 2075 Ionas
1215 2065 1224 2079 ‚
1242 2041 1307 2076 huc
1319 2042 1498 2078 subduxere
1510 2042 1689 2082 class'em,&
1703 2044 1763 2080 sese
1774 2058 1852 2079 curn

1103 2090 1241 2125 terrestri
1252 2095 1495 2135 conjunxerunt
1514 2095 1677 2134 exercitu,
1694 2095 1851 2140 utrosque

1101 2140 1257 2174 invadunt
1268 2142 1378 2174 Graeci
1391 2164 1400 2177 ,
1419 2153 1617 2187 acceptaque
1629 2140 1718 2187 quasi
1731 2141 1854 2176 divini-

1103 2199 1154 2220 tus
1175 2187 1259 2221 fam&
1279 2189 1464 2222 Plataeenfis
1475 2202 1604 2236 pugnae,
1617 2202 1687 2237 quae
1706 2190 1776 2237 ipso
1787 2191 1853 2225 hoc

1104 2246 1201 2268 mane
1219 2234 1388 2270 commissa
1398 2236 1461 2271 fuit
1482 2265 1490 2277 ,
1517 2237 1668 2272 involant
1687 2241 1854 2275 alacritate

1104 2282 1227 2317 mirain
1239 2283 1366 2320 hostem
1377 2287 1547 2334 &ingenti
1559 2287 1663 2336 strage
1675 2288 1855 2330 debellant,

1105 2344 1202 2368 naves
1212 2333 1394 2381 urbemque
1405 2336 1557 2379 Mycalen
1570 2338 1749 2371 incendunt
1762 2364 1772 2380 ,
1786 2350 1855 2372 ma-

1104 2394 1204 2430 gnam
1227 2385 1325 2416 Ioniae
1340 2389 1373 2418 ὃ(
1388 2384 1600 2432 Hellesponti
1614 2396 1734 2433 partem
1747 2386 1762 2421 Ξι
1774 2391 1854 2422 Per-

1104 2430 1168 2465 fica
1178 2431 1334 2468 servitute
1344 2432 1498 2470 liberant.
1524 2436 1622 2468 Hanc
1634 2434 1750 2470 habuit
1762 2447 1855 2469 cata-

1105 2481 1260 2529 strophen
1272 2483 1434 2529 expeditio
1444 2482 1486 2517 ab
1497 2484 1578 2519 otbe
1589 2483 1731 2518 condito
1743 2482 1852 2518 multo

1105 2528 1349 2568 terribilissiina.
2003 2573 2007 2576 ,

1155 2578 1242 2614 (jum
1263 2592 1333 2613 non
1355 2582 1388 2614 in
1400 2581 1526 2615 Graecia
1538 2580 1642 2615 modo
1661 2580 1715 2617 sed
1735 2582 1767 2616 in
1787 2581 1852 2631 ipsa
1869 2593 2008 2632 Fugitxer-

1104 2626 1178 2661 Alia
1197 2628 1328 2662 suorum
1350 2629 1467 2675 strages
1483 2629 1552 2664 fieti
1566 2637 1669 2666 xerxes
1679 2635 1852 2680 acciperet,
1871 2645 1916 2662 xes
1935 2637 1964 2662 in
2032 2627 2034 2638 ἱ

1104 2687 1195 2711 novo
1209 2679 1338 2712 territus
1357 2689 1449 2712 metu
1465 2679 1624 2714 Sardibus
1642 2680 1808 2715 Ecbatana
1820 2680 1849 2715 se
1871 2674 1995 2716 M‘dimt
2032 2691 2035 2696 '

1103 2727 1266 2767 contulit,
1288 2724 1357 2773 quo
1378 2727 1851 2775 longiusasaevisabeffetrna-

1103 2775 1200 2808 nibus
1211 2776 1418 2811 Graecorum:
1430 2789 1583 2811 caeterum
1594 2789 1670 2811 :inte
1682 2777 1851 2814 discess'um

1103 2823 1260 2858 Sardibus
1285 2825 1369 2860 triste
1381 2824 1459 2859 fecit
1473 2828 1601 2860 initium
1617 2838 1712 2860 novae
1727 2839 1851 2876 tragoe-

1104 2873 1178 2908 diae.
1195 2875 1405 2909 Calamitates
1418 2874 1493 2908 belli
1505 2874 1549 2909 nil
1561 2876 1776 2911 emendarunt
1789 2880 1848 2913 viri

1103 2924 1182 2955 vitia
1200 2935 1208 2955 :
1231 2920 1366 2956 fratrem
1381 2921 1523 2956 habebat
1535 2924 1673 2969 Mafistem
1687 2927 1802 2960 Sardiae
1814 2931 1850 2961 ὃ(

1102 2970 1212 3016 Lydiae
1223 2970 1506 3016 Praefidem‚hujus
1517 2984 1650 3006 uxorem
1664 2975 1777 3009 insano
1789 2975 1852 3010 de-

1103 3017 1228 3066 peribat
1239 3031 1363 3061 amore,
1376 3019 1498 3053 interea
1508 3021 1586 3055 dum
1600 3024 1758 3058 omnibus
1772 3024 1849 3059 belli

1103 3068 1248 3103 cladibus
1263 3070 1368 3103 Graeci
1381 3067 1487 3103 Persas
1499 3070 1679 3106 obruerent
1692 3087 1698 3106 :
1711 3072 1778 3119 quo
1791 3074 1851 3107 de-

1101 3115 1206 3153 fiderii
1220 3117 1311 3152 fieret
1326 3130 1467 3164 compos
1483 3144 1492 3160 ,
1513 3123 1642 3156 Darium
1657 3121 1761 3155 filium
1772 3134 1848 3156 cum

1103 3165 1245 3207 mulieris
1273 3165 1338 3206 filiai
1353 3169 1461 3217 jungit
1477 3172 1715 3211 matrimonio,
1729 3173 1848 3206 accidit

1810 3232 1848 3254 ex
