2048 3343
452 84 1461 130 ETCHnoN0L0”c1c1L113.I.
1634 100 1705 134 153

965 165 1020 197 nio
1033 163 1158 197 videtur
1169 173 1282 197 contra
1294 175 1352 196 nos
1365 162 1629 212 faccre,est‚quod
1641 166 1714 197 Mc·
1738 181 1786 217 (Im
1796 177 1872 207 Chal-

966 210 1027 244 dus
1042 213 1238 257 Assyriorum
1259 211 1382 245 dicatur
1393 214 1457 256 spes
1471 235 1480 248 ,
1501 216 1639 257 Cyaxares
1651 214 1715 256 Cyri
1733 214 1833 249 'daeorum

966 263 1141 295 avunculus
1156 259 1384 295 Chaldaeornm
1405 260 1504 294 hostis
1515 261 1589 304 fuit,
1601 275 1667 296 nou
1679 275 1712 295 a-
1735 263 1840 292 Medus.

171 165 297 218 Scaliger
315 190 323 204 ,
349 162 583 214 septuagesimo
609 177 701 200 nono
724 163 835 198 aetatis.
866 161 918 194 An

173 227 238 250 tam
260 212 421 260 profunda
440 213 585 250 seneems
611 212 790 260 patiebatur
809 211 919 244 omnia

174 265 294 299 militiae
310 277 443 299 munera
463 262 651 298 Nahoniclum
669 261 779 300 obire,
800 259 920 293 exerci-

19 938 148 974 rumfitera't

21 978 124 1008 Medus.

172 325 242 348 tum
256 312 383 348 duetare
393 337 403 354 ‚
419 325 493 347 cum
512 316 584 354 Cyro
594 310 757 344 decertare
776 333 786 349 ,
804 312 835 342 &
847 320 920 342 cum

172 364 205 397 in
216 375 330 408 campo
340 360 621 396 vinceretur,urbes
632 371 666 393 ac
678 371 763 393 arces
772 370 882 393 comm
889 369 921 391 u-

172 414 242 446 nire
255 435 264 451 ‚
276 423 310 444 ac
320 410 374 444 diu
386 421 498 444 contra
510 419 617 442 totam
633 408 701 452 Cyri
715 410 780 442 vim
792 407 922 442 fortiter

172 459 359 496 defendere?
373 459 444 493 Ιιτιὸ
455 456 530 493 vcro
545 457 615 506 post
623 470 737 492 omncs
749 454 846 492 hosce
860 457 922 490 mi-

171 511 248 544 litiae
265 508 388 543 labores
399 510 436 542 ad
450 507 694 554 nonagesimum
707 505 829 542 sextum
842 530 850 542 ‚
873 505 921 539 id-

170 571 233 606 que
253 559 284 591 in
306 571 408 606 regno
429 559 527 593 vitam
549 557 725 604 producere
740 561 752 591 ?
777 557 921 603 Ecquem

171 607 299 658 Scaltger
311 610 359 642 vel
370 618 512 642 veterum
526 608 577 641 vel
589 609 767 641 recentium
778 607 874 640 etiam
885 616 922 637 ex

174 655 316 692 maxime
338 656 525 704 sequacibus
553 657 586 690 iu
609 654 692 690 hisce
718 655 851 690 somniis
876 652 923 687 so-

175 708 262 740 cium
275 705 378 753 potest
389 707 582 741 nominare?

224 757 390 791 Ultimum
401 755 540 801 Scaltgeri
551 764 781 802 argumentum
795 777 805 792 ‚
833 751 925 800 quod

178 914 291 938 contra
301 916 396 951 quem
405 909 492 945 Cyrus
501 903 605 936 movit
615 913 714 935 arma,
725 896 784 932 fuit
798 900 927 937 Medus,

177 952 228 987 sed
241 963 353 986 contra
365 952 452 986 fuum
467 951 664 985 avunculum
683 952 843 995 Cyaxarem
854 947 929 980 nul-

178 1003 208 1036 la
231 1002 335 1034 movit
355 1006 436 1046 Cyrus
456 1013 542 1035 arma
557 1023 568 1038 ‚
600 996 686 1043 Ergo
707 999 844 1039 Cyna-ares
861 1009 928 1030 non

178 1050 306 1085 fuitille
326 1051 465 1088 Medus,
485 1048 535 1081 sed
555 1044 710 1080 Nabonido
728 1044 790 1078 hoc
804 1057 927 1079 nomen

178 1098 407 1134 ascribendum.
444 1099 601 1138 Maiorem
622 1093 738 1142 probat
756 1106 794 1127 ex
812 1097 928 1143 Δός-ςα-

969 310 1092 348 micus,
1117 311 1147 342 in
1168 322 1235 357 quo
1255 311 1355 343 ullam
1367 307 1453 355 spem
1474 320 1527 342 aut
1541 312 1716 356 gloriatio-

969 370 1041 391 nem
1065 356 1187 404 possent
1207 359 1378 393 collocare.
1416 357 1475 391 Sed
1494 360 1617 392 nodum
1629 360 1717 394 hunc

967 419 1003 440 ex
1015 407 1146 452 antiquii
1164 406 1297 442 historia
1309 407 1347 441 ab
1367 406 1435 455 ipso
1455 406 1597 455 Scahgero
1615 408 1718 454 agnita

967 455 1006 490 sic
1023 455 1220 491 dissolvimus
1240 470 1248 489 ε
1284 459 1370 502 Qae
1389 454 1479 490 affert
1499 454 1719 507 llrlegafihenes,

966 503 1239 543 Ncbmhadnezarts
1248 503 1512 540 suntmoribundi
1525 507 1719 553 verba,prae-

968 555 1103 589 dicentis
1119 554 1164 589 sui
1185 557 1312 602 imperii
1328 557 1451 590 ruinam
1463 555 1480 589 ὲ
1494 555 1588 590 Persis
1601 559 1632 590 &
1646 556 1720 588 Me·-

968 603 1016 637 dis
1031 629 1039 643 ‚
1060 601 1447 641 lv‘ebzachadnezararetum
1461 617 1535 639 cum
1550 605 1657 638 Medis
1671 606 1724 638 in-

971 655 1071 687 iverat
1082 652 1190 687 foedus
1203 678 1212 693 ‚
1239 653 1336 700 idque
1354 653 1528 688 sanciverat
1541 654 1597 688 suo
1609 654 1724 687 matri-

971 704 1100 741 monio,
1115 703 1263 736 Nce‘locrin
1275 726 1282 739 ‚
1301 703 1438 754 Astyagis
1451 703 1541 738 Medi
1558 702 1701 737 sororem
1716 727 1725 740 ,

972 751 1038 795 Cyri
1050 764 1202 798 magnam
1225 754 1356 786 amitam
1379 755 1412 786 iu
1430 765 1562 787 uxorem
1574 754 1703 787 duxerat
1715 777 1724 790 ‚

21 785 145 848 „Annui-
176 806 302 839 nullum
315 806 496 852 pertinaci-„e
514 805 625 837 locum
647 804 827 848 relinquere
845 799 926 834 affir-
972 813 1069 847 quam
1083 802 1119 834 ad
1131 802 1202 835 vitae
1214 800 1312 834 finem
1325 801 1418 836 unice
1430 804 1548 836 amavit
1561 826 1570 841 ‚
1595 800 1724 848 ejusque

21 859 136 924 ...3150ae
178 865 267 894 mat,
288 853 350 888 hoc
361 853 415 888 est.
442 853 592 890 Ultimus
609 851 842 886 Chaldaeorum
858 851 926 884 Rex
973 848 1236 896 gratifimagnam
1259 850 1395 885 Medicae
1416 852 1541 885 nationi
1561 851 1724 885 honorem

18 900 40 926 C
55 899 81 924 al
99 907 142 924 ιο-

973 900 1034 931 sem
1042 909 1096 943 per
1108 896 1228 930 habuit.
1255 900 1292 931 In
1304 899 1481 932 vicinarum
1491 903 1637 946 gentium
1651 899 1726 934 uul-

973 945 1002 980 lfi
1013 949 1172 991 majorem
1189 947 1338 981 amicitiae
1353 953 1384 981 ὃς
1403 945 1579 981 auxiliisuis'
1596 949 1726 994 posteris

974 995 1059 1042 spem
1070 990 1231 1030 collocare
1241 995 1353 1030 debuit
1364 1009 1460 1044 quam
1470 997 1502 1029 in
1515 996 1634 1030 Medis:
1647 1009 1729 1043 prae-
1754 1001 1756 1003 ’

974 1045 1085 1079 videns
1100 1046 1180 1092 ergo
1198 1046 1231 1079 iu
1243 1042 1354 1092 spiritu
1368 1045 1546 1092 l’rophetioe
1557 1068 1566 1081 ‚
1580 1058 1676 1092 quem
1697 1047 1728 1079 ei

975 1094 1176 1128 moribundo
1187 1095 1334 1129 attribuit
1352 1091 1559 1144 fisegasthenes
1571 1118 1581 1134 ,
1609 1093 1729 1128 Medo-

167 1146 273 1195 sthene
292 1148 392 1182 citato
404 1146 444 1180 ab
455 1143 575 1192 Eusebio
589 1154 751 1191 praepatat.
768 1143 923 1190 Euangel.

177 1197 236 1230 lib.
252 1207 302 1229 10.

222 1244 316 1290 Resp.
341 1243 468 1276 Totum
488 1252 718 1291 argumentum
747 1243 861 1278 nititur
881 1251 929 1276 te-

174 1293 333 1328 stimonio
342 1289 549 1343 Megasthenis
561 1317 570 1332 ,
591 1291 706 1339 ecquid
722 1304 828 1327 autem
848 1296 929 1327 Me-

974 1155 1045 1177 rum
1058 1155 1132 1177 cum
1145 1141 1286 1177 Perfisin
1298 1144 1356 1179 suae
1368 1142 1512 1184 familiae,
1526 1144 1651 1190 Regni,
1667 1155 1729 1189 po·-

975 1194 1106 1238 pulique
1118 1194 1298 1239 perniciem
1311 1218 1321 1233 ‚
1337 1195 1498 1240 ingratam
1510 1196 1543 1227 &
1557 1195 1608 1227 vix
1623 1192 1730 1226 credi-

974 1240 1070 1275 bilem
1084 1242 1358 1288 conspirationem
1373 1267 1382 1283 ‚
1400 1255 1470 1276 eam
1484 1242 1640 1289 deplorat.
1668 1242 1731 1275 Ni-

975 1291 1020 1325 hil
1036 1292 1067 1325 in
1080 1290 1128 1325 his
1147 1292 1286 1338 estquod
1304 1305 1362 1339 pro
1378 1292 1518 1343 Scaligero
1535 1303 1648 1327 contra
1667 1303 1734 1325 no-

19 1326 125 1395 ἐξὲξ.
166 1340 318 1394 gast'henes
338 1353 434 1376 tantae
452 1341 497 1376 est
516 1342 715 1376 auctoritatis
736 1353 863 1388 quantae
877 1342 929 1375 vel
975 1341 1070 1375 stram
1085 1339 1273 1375 sententiam
1287 1343 1417 1376 militat.

21 1415 70 1435 m,
176 1388 335 1440 Xenophon
357 1392 408 1425 vel
428 1391 594 1425 Herodotm
616 1395 631 1424 ?
665 1389 872 1442 adegastlnncs
896 1395 928 1424 δε
1020 1391 1124 1435 Quod
1137 1391 1241 1425 sicum
1251 1390 1516 1442 Scaligeroinhoc
1529 1399 1729 1438 argumento
1748 1405 1857 1442 fcrtasse

176 1446 293 1488 Berojus
304 1439 490 1486 scripserunt
503 1440 573 1488 post
592 1451 740 1486 tempora
759 1439 930 1475 Alexandri
977 1441 1176 1484 conjceturas
1196 1441 1312 1476 cudere
1330 1444 1439 1476 liceret
1466 1468 1475 1481 ‚
1503 1440 1616 1488 quidni
1633 1441 1731 1475 Μῆὣις
1749 1446 1864 1473 Νῑισινῐε

176 1490 302 1540 111κὲηῂ
315 1487 470 1534 Xenophon
481 1501 588 1524 autem
598 1491 703 1524 multo
713 1489 785 1523 ante
795 1515 804 1530 ‚
817 1494 849 1524 δε
863 1493 931 1524 He·
975 1489 1037 1524 hoc
1046 1491 1120 1524 loco
1130 1490 1166 1525 sit
1181 1491 1337 1524 Nitocris?
1356 1488 1639 1526 Nebuchadnezarts
1649 1500 1730 1522 uxot
1748 1485 1859 1538 Nam-W

177 1540 288 1574 rodat-‘u
309 1551 378 1572 non
391 1541 503 1574 multis
515 1540 606 1573 annis
618 1539 688 1586 post
705 1551 853 1586 tempora
864 1539 932 1587 Cyri
975 1539 1105 1573 Medica
1119 1563 1130 1580 ‚
1165 1552 1240 1574 vera
1259 1539 1460 1587 Assyriorum
1477 1538 1603 1587 gloria,
1631 1550 1728 1585 quarn
1747 1525 1891 1592 ‘'ff‘fss‘ffl‘*

182 1592 324 1637 quaejam
339 1600 400 1634 pra:
411 1590 570 1623 manibus.
586 1591 720 1638 Scaltger³
731 1587 804 1623 licet
814 1591 931 1623 imme·
975 1588 1103 1638 Scaliger
1113 1587 1182 1623 vult
1196 1600 1271 1623 toto
1284 1588 1451 1637 septennio
1466 1584 1727 1624 Nebuchadneza-
1744 1578 1853 1648 ‘agl-lg

183 1638 247 1673 rito
261 1633 551 1684 Xenophontifidem
562 1637 708 1671 detrahat
720 1639 800 1672 iniis
811 1652 880 1684 quae
893 1637 932 1673 ad
976 1639 1014 1673 ris
1027 1637 1151 1672 insaniae
1163 1663 1172 1678 ‚
1189 1637 1386 1685 Assyriorum
1405 1640 1580 1686 imperium
1593 1637 1731 1671 admini-
1753 1648 1854 1681 Μῆᾱης,

182 1687 347 1722 historiam
360 1685 523 1732 spefftant,
540 1685 627 1734 quod
647 1687 749 1720 multa
770 1688 886 1721 Etbica
896 1700 933 1722 ex
977 1687 1076 1723 strfiss‘e
1087 1713 1097 1729 ,
1126 1687 1303 1734 Babylonis
1317 1690 1427 1723 muros
1442 1686 1511 1734 post
1525 1687 1629 1720 mariti
1641 1699 1733 1720 mor·
1848 1685 1853 1688 ’

183 1734 325 1785 profelso
344 1735 522 1770 immisceat
542 1760 552 1776 ‚
585 1746 727 1770 attamen
754 1737 935 1771 Herodotum
979 1749 1044 1772 tem
1055 1737 1093 1772 ad
1104 1739 1297 1772 miraculum
1309 1738 1475 1774 munivifle
1487 1761 1498 1777 ,
1514 1736 1552 1769 ad
1563 1735 1735 1769 Semirami-

183 1787 298 1820 multis
318 1785 509 1820 nominibus
527 1788 558 1817 &
571 1787 674 1833 Beroft
695 1789 726 1819 δε
740 1783 935 1837 Megaflheni
979 1788 1024 1821 dis
1040 1787 1177 1834 gloriam
1199 1785 1258 1821 suo
1276 1789 1394 1822 merito
1415 1782 1590 1834 pervenisse
1607 1809 1615 1822 ‚
1650 1788 1682 1819 &
1695 1783 1736 1819 ad

183 1833 325 1882 praeferre
347 1831 452 1869 solet:
482 1834 649 1868 Herodotus
669 1845 777 1869 autem
799 1829 940 1870 Nabom'-=
981 1837 1043 1881 (5(νέ
1062 1838 1255 1882 temporain
1275 1835 1401 1870 summo
1419 1835 1548 1869 honore
1566 1833 1738 1881 Babylone

182 1883 251 1918 dum
273 1880 325 1916 seu
344 1880 514 1917 Labinitum
540 1883 711 1918 nobiscum
735 1883 835 1918 asserit
849 1883 936 1920 fuisse
982 1882 1110 1920 vixisse:
1135 1884 1232 1919 Meda
1242 1885 1307 1920 haec
1316 1883 1405 1926 cum,
1417 1882 1590 1920 secundum
1604 1883 1739 1934 Scalige-

183 1928 464 1968 Nebuchadnezaris
477 1932 594 1973 filium,
607 1933 728 1968 scilicet
741 1933 938 1971 Baltazarem.
983 1949 1046 1969 rum
1057 1959 1067 1974 ,
1081 1933 1170 1968 suum
1185 1933 1288 1969 filium
1302 1931 1576 1969 Evilmerodachum
1587 1930 1735 1966 vidisset&

183 1980 339 2017 Praeterea
349 1978 580 2028 Megasthenem
591 1982 656 2029 ipse
666 1982 800 2028 Eusebius
809 1985 884 2019 loco
893 1985 938 2018 ci-
985 1983 1179 2034 Nertgloffizro
1191 1984 1362 2018 crudeliter
1371 1984 1572 2022 necatum‚&
1585 1992 1741 2027 nepotem

187 2042 258 2065 tato
271 2032 303 2064 in
316 2031 410 2064 variis
420 2029 528 2066 errasse
538 2032 688 2068 asseverat
703 2045 740 2067 ex
758 2033 942 2080 ignorantia
988 2033 1177 2070 Baltazarem
1191 2031 1208 2067 a
1221 2031 1380 2067 Nabonido
1391 2048 1402 2067 .·
1424 2031 1501 2066 dum
1513 2037 1603 2073 Cyrus
1620 2031 1692 2065 suus
1703 2042 1743 2064 ex

186 2081 338 2115 sacrarum
353 2080 528 2114 literarum.
988 2083 1084 2118 fratre
1098 2084 1248 2133 eAflyage
1263 2094 1380 2130 nepos,
1389 2082 1429 2116 ad
1440 2079 1620 2126 Babylonis
1629 2092 1724 2113 muro
1733 2092 1748 2113 s

32 2145 168 2176 MfflMe,
247 2127 539 2164 Verumenimvero
575 2129 688 2164 mitius
713 2144 845 2179 agamus
870 2144 944 2166 cum
989 2146 1064 2167 cum
1083 2132 1261 2166 Medorum
1282 2131 1487 2166 &Persarum
1504 2130 1644 2164 exercitu
1656 2127 1745 2163 sede-

27 2186 156 2227 gefflmnes
191 2177 335 2228 scaligero
346 2202 356 2218 ,
373 2181 404 2213 δε
415 2179 625 2213 admittamus
644 2177 846 2230 Megasthenis
855 2181 945 2226 quod
992 2193 1058 2218 ret,
1072 2180 1186 2228 quidni
1197 2182 1250 2214 illa
1259 2182 1310 2215 sua
1321 2182 1405 2215 inter
1415 2179 1615 2226 Babylonios
1630 2188 1752 2224 poten-

35 2235 117 2254 t⁰¹¹¹r⁶
191 2241 226 2262 ex
240 2227 359 2275 Eofi’bio
371 2229 479 2262 attulit
497 2227 716 2277 fragmentum
727 2242 834 2264 totum
850 2228 945 2263 veris·
991 2232 1034 2265 tia
1046 2258 1054 2269 ‚
1077 2231 1192 2278 partim
1213 2241 1247 2264 ut
1265 2229 1396 2265 suorum
1413 2228 1531 2264 caedem
1553 2227 1748 2266 vindicaret,

33 2277 82 2296 Μ’·
194 2275 309 2310 fimum
325 2301 335 2316 ,
354 2276 636 2311 nihiltameninde
648 2278 744 2313 nobis
755 2279 877 2314 accedit
888 2279 944 2314 da-
991 2281 1109 2327 partim
1130 2291 1164 2314 ut
1187 2277 1430 2327 consanguineo
1449 2277 1505 2313 suo
1525 2284 1600 2320 Cyro
1619 2288 1748 2325 gratum

195 2324 341 2362 mni‚sed
351 2327 491 2359 multum
506 2329 612 2373 potius
622 2327 716 2362 lucri.
744 2327 946 2375 Verba,qui-
991 2328 1108 2370 faceret
1123 2353 1133 2368 ‚
1158 2329 1274 2363 urbem
1300 2331 1329 2363 ei
1351 2329 1509 2363 curaverit
1535 2326 1722 2364 tradendam
1737 2327 1751 2356 ?

196 2372 258 2406 bus
270 2371 402 2422 Scaltgeri
412 2375 526 2408 nititur
535 2377 850 2421 argumentum,haec
861 2377 945 2412 sunt:
992 2378 1055 2412 Sed
1078 2379 1233 2412 nolumus
1253 2379 1352 2411 nimis
1375 2377 1524 2412 audaeoer
1543 2375 1624 2408 ullas
1637 2398 1647 2411 ,
1675 2382 1748 2406 utut

196 2421 240 2454 τὲ
249 2422 286 2455 dt),
301 2420 467 2462 awai-rt&
480 2422 548 2464 'eg-oq
557 2425 654 2459 Μήδως
671 2425 705 2457 τὸ
716 2426 858 2463 Αεσυεὶων
873 2426 944 2460 καύ-
992 2425 1176 2474 probabiles
1187 2428 1390 2473 conjecturas
1400 2425 1482 2466 ,fine
1492 2423 1685 2459 testimoniis
1695 2422 1751 2455 in-

193 2485 278 2514 χημαι
292 2495 302 2510 ,
324 2467 500 2505 affirmatur
513 2471 641 2505 Medum
666 2472 848 2518 adjutorem
872 2474 946 2509 fore
992 2488 1119 2523 gerere.

194 2524 266 2563 Cyro
290 2530 326 2554 ut
345 2519 522 2566 Babylonis
548 2519 726 2568 assequatur
762 2524 947 2569 imperium.
1042 2526 1170 2557 Contra
1189 2520 1274 2554 hanc
1292 2520 1422 2568 quidem
1436 2520 1654 2565 conjecturam
1675 2516 1749 2553 satis

17 2572 19 2619 l
191 2568 314 2602 Eadem
326 2569 369 2602 est
381 2569 485 2603 nostra
495 2566 630 2609 assertio,
641 2583 714 2604 nam
730 2570 814 2605 socia
824 2584 897 2605 cum
908 2585 948 2606 eo
996 2571 1201 2619 probabilem
1216 2571 1319 2616 prima
1329 2568 1437 2604 fronte
1449 2572 1576 2608 militat,
1591 2566 1681 2614 quod
1693 2568 1749 2602 lo-

18 2622 19 2652 l
193 2630 281 2652 arma
294 2629 410 2652 contra
423 2618 713 2664 Clialdaeosjunxit
725 2622 946 2660 Cyaxaressed
995 2632 1110 2667 quatur
1123 2616 1329 2668 Megasthenes,
1341 2619 1380 2653 de
1390 2620 1460 2653 viro
1471 2632 1538 2653 non
1552 2618 1591 2651 de
1604 2616 1749 2657 foeminfi,

18 2674 20 2689 ⁸
193 2679 232 2700 an
254 2666 354 2700 ullum
364 2670 435 2711 jota
446 2667 543 2701 habet
551 2667 602 2702 hic
614 2667 818 2721 Mgasthenes
829 2694 838 2708 ,
858 2671 949 2718 quod
996 2669 1049 2704 sed
1063 2671 1170 2716 negari
1182 2669 1245 2702 hoc
1258 2666 1357 2715 posset
1378 2680 1445 2702 non
1461 2667 1524 2702 line
1543 2668 1676 2701 rationis
1688 2665 1749 2700 sal-

196 2716 310 2750 Medus
323 2717 397 2750 suos
410 2715 554 2750 subditos
575 2721 647 2760 Cyro
660 2718 838 2763 proditorie
849 2720 949 2754 tradi·
996 2730 1062 2753 tem
1079 2715 1186 2765 aliqua
1197 2716 1307 2763 specie.
1337 2717 1435 2763 Apud
1447 2719 1572 2751 nullum
1585 2717 1748 2751 auctorem

199 2763 294 2803 derit,
314 2776 348 2798 ut
367 2766 436 2800 vult
451 2765 575 2813 Scaliger
588 2769 603 2798 ?
630 2770 755 2800 Annon
773 2780 886 2801 omnes
895 2781 951 2802 an-
996 2768 1116 2815 legitur
1125 2769 1224 2801 Mv'id'nc
1238 2779 1296 2813 pro
1309 2768 1502 2804 masculino,
1516 2765 1565 2800 sed
1576 2768 1748 2804 MHAE&,&

202 2814 283 2859 tiqui
299 2812 458 2849 affirmant
474 2814 664 2849 Nabonidum
682 2839 690 2854 ‚
713 2814 858 2863 quisquis
877 2827 951 2850 tan-
997 2829 1056 2863 pro
1067 2815 1242 2851 foeminino
1252 2817 1357 2852 Μῆόνς.
1380 2818 1441 2850 Ars
1456 2816 1581 2850 Critica
1600 2815 1751 2849 admittet.

205 2860 278 2894 dem
291 2861 383 2898 fuerit
395 2889 404 2904 ‚
432 2869 504 2909 Cyro
520 2877 578 2912 pro
589 2864 746 2899 omnibus
764 2865 885 2900 viribus
899 2879 950 2900 re-
999 2876 1054 2912 per
1069 2864 1278 2899 librariorum
1296 2867 1452 2899 incuriam
1470 2877 1536 2898 tam
1556 2863 1685 2898 facilem
1703 2866 1751 2898 la-

206 2910 366 2954 pugnz'isse‚
387 2916 417 2947 δι
430 2927 505 2948 cum
515 2915 623 2962 praelio
635 2913 796 2960 superatus
806 2911 879 2949 esset
894 2916 953 2949 Ba-
999 2912 1086 2961 psum
1099 2912 1157 2948 esse
1168 2914 1207 2947 ab
1217 2917 1261 2956 (o)
1274 2914 1311 2948 ad
1323 2917 1363 2957 (ι)
1376 2913 1474 2962 quam
1488 2913 1525 2947 ad
1534 2915 1594 2957 (n.)
1621 2916 1753 2948 Praeter-

206 2957 359 3002 bylonem
378 2972 443 2996 tarn
456 2965 579 3011 egregie
600 2962 768 2998 munivisse
781 2987 790 3002 ‚
817 2975 852 2998 ut
868 2964 953 2999 obfi—
999 2975 1097 3010 quam
1114 2961 1203 3010 quod
1222 2964 1368 3008 quaedam
1390 2963 1454 2997 tam
1474 2964 1508 2997 in
1534 2961 1632 3009 prima
1649 2961 1751 3010 quam

203 3007 335 3041 dentem
347 3013 450 3050 Cyrum
469 3012 613 3047 Chaldaei
627 3013 802 3060 spreverint
814 3038 824 3053 ,
850 3017 880 3047 &
895 3018 953 3058 Cy·
999 3010 1112 3059 quintii
1128 3012 1343 3047 declinatione
1355 3011 1446 3046 finita
1464 3014 1496 3046 in
1512 3027 1538 3048 κς
1555 3011 1614 3046 sint
1625 3013 1751 3059 generis

201 3071 264 3090 rum
276 3068 346 3090 uon
367 3058 423 3092 nisi
441 3061 509 3105 post
521 3064 662 3096 multum
673 3061 819 3097 laborem
832 3087 840 3100 ‚
854 3063 951 3111 idque
998 3059 1173 3095 foeminini.
1198 3061 1263 3096 Etsi
1274 3061 1468 3104 objiceretur
1483 3063 1581 3098 Μήῶις
1593 3061 1654 3095 hoc
1671 3061 1751 3095 loco

204 3119 259 3154 per
273 3105 462 3153 stratagema
473 3133 483 3148 ‚
492 3110 569 3143 urbe
581 3114 734 3156 potitum.
1000 3108 1171 3145 necessario
1191 3109 1249 3145 effe
1267 3112 1393 3158 generis
1405 3110 1592 3146 masculini,
1610 3109 1648 3144 εὸ
1660 3109 1751 3155 quod

51 3163 173 3204 Qmodo
252 3155 366 3191 Unum
377 3155 409 3191 id
420 3180 429 3194 ‚
446 3158 535 3204 quod
547 3160 580 3194 in
590 3159 952 3211 Megaflhenistestimo-
999 3159 1202 3198 construatur
1214 3172 1287 3196 cum
1300 3158 1479 3196 masculino
1496 3158 1662 3205 σαυαίτιζῷ-
1675 3182 1684 3194 ‚
1702 3171 1752 3191 re-

1350 3211 1382 3257 Y
1644 3208 1747 3254 spon-
