<?xml version="1.0" encoding="UTF-8"?>
<!DOCTYPE html PUBLIC "-//W3C//DTD XHTML 1.0 Transitional//EN"
    "http://www.w3.org/TR/xhtml1/DTD/xhtml1-transitional.dtd">
<html xmlns="http://www.w3.org/1999/xhtml" xml:lang="en" lang="en">
 <head>
  <title>
</title>
<meta http-equiv="Content-Type" content="text/html;charset=utf-8" />
  <meta name='ocr-system' content='tesseract 3.04.00' />
  <meta name='ocr-capabilities' content='ocr_page ocr_carea ocr_par ocr_line ocrx_word'/>
</head>
<body>
  <div class='ocr_page' id='page_1' title='image "./operishistoricie00bail_0434.png"; bbox 0 0 2048 3343; ppageno 0'>
   <div class='ocr_carea' id='block_1_1' title="bbox 153 627 305 655">
    <p class='ocr_par' dir='ltr' id='par_1_1' title="bbox 153 627 305 655">
     <span class='ocr_line' id='line_1_1' title="bbox 153 627 305 655; baseline 0 0"><span class='ocrx_word' id='word_1_1' title='bbox 153 632 197 655; x_wconf 83' lang='lat' dir='ltr'>An</span> <span class='ocrx_word' id='word_1_2' title='bbox 207 627 305 655; x_wconf 68' lang='lat' dir='ltr'>sechem</span> 
     </span>
    </p>
   </div>
   <div class='ocr_carea' id='block_1_2' title="bbox 315 99 984 148">
    <p class='ocr_par' dir='ltr' id='par_1_2' title="bbox 315 99 984 148">
     <span class='ocr_line' id='line_1_2' title="bbox 315 99 984 148; baseline -0.006 -8"><span class='ocrx_word' id='word_1_3' title='bbox 315 110 365 148; x_wconf 79' lang='lat'>96</span> <span class='ocrx_word' id='word_1_4' title='bbox 690 99 984 138; x_wconf 78' lang='lat' dir='ltr'>OPERIS</span> 
     </span>
    </p>
   </div>
   <div class='ocr_carea' id='block_1_3' title="bbox 315 169 1076 661">
    <p class='ocr_par' dir='ltr' id='par_1_3' title="bbox 315 169 1076 661">
     <span class='ocr_line' id='line_1_3' title="bbox 315 169 1073 217; baseline -0.003 -11"><span class='ocrx_word' id='word_1_5' title='bbox 315 174 436 206; x_wconf 70' lang='lat' dir='ltr'>dovicm</span> <span class='ocrx_word' id='word_1_6' title='bbox 449 171 570 205; x_wconf 79' lang='lat' dir='ltr'>deDien</span> <span class='ocrx_word' id='word_1_7' title='bbox 585 171 616 204; x_wconf 91' lang='lat' dir='ltr'>in</span> <span class='ocrx_word' id='word_1_8' title='bbox 626 171 782 205; x_wconf 62' lang='lat' dir='ltr'>Aefiorum</span> <span class='ocrx_word' id='word_1_9' title='bbox 795 169 925 217; x_wconf 87' lang='lat' dir='ltr'>septimo</span> <span class='ocrx_word' id='word_1_10' title='bbox 933 170 1073 204; x_wconf 88' lang='lat' dir='ltr'>decimo-</span> 
     </span>
     <span class='ocr_line' id='line_1_4' title="bbox 315 219 1074 267; baseline -0.003 -12"><span class='ocrx_word' id='word_1_11' title='bbox 315 221 398 255; x_wconf 73' lang='lat' dir='ltr'>sexto</span> <span class='ocrx_word' id='word_1_12' title='bbox 412 220 516 254; x_wconf 88' lang='lat' dir='ltr'>locum</span> <span class='ocrx_word' id='word_1_13' title='bbox 528 231 620 254; x_wconf 83' lang='lat' dir='ltr'>vocat</span> <span class='ocrx_word' id='word_1_14' title='bbox 632 219 847 254; x_wconf 86' lang='lat' dir='ltr'>difficillimum</span> <span class='ocrx_word' id='word_1_15' title='bbox 865 224 896 255; x_wconf 87' lang='lat'>&amp;</span> <span class='ocrx_word' id='word_1_16' title='bbox 910 220 1074 267; x_wconf 86' lang='lat' dir='ltr'>inexplica-</span> 
     </span>
     <span class='ocr_line' id='line_1_5' title="bbox 317 268 1075 310; baseline -0.001 -7"><span class='ocrx_word' id='word_1_17' title='bbox 317 271 386 304; x_wconf 89' lang='lat' dir='ltr'>bilis</span> <span class='ocrx_word' id='word_1_18' title='bbox 398 268 582 304; x_wconf 84' lang='lat' dir='ltr'>difficultatis</span> <span class='ocrx_word' id='word_1_19' title='bbox 594 284 603 310; x_wconf 75' lang='lat'>5</span> <span class='ocrx_word' id='word_1_20' title='bbox 625 281 690 304; x_wconf 88' lang='lat' dir='ltr'>non</span> <span class='ocrx_word' id='word_1_21' title='bbox 703 269 821 304; x_wconf 72' lang='lat' dir='ltr'>tantum</span> <span class='ocrx_word' id='word_1_22' title='bbox 835 280 867 303; x_wconf 93' lang='lat' dir='ltr'>ut</span> <span class='ocrx_word' id='word_1_23' title='bbox 879 270 1030 303; x_wconf 79' lang='lat' dir='ltr'>Salmcron</span> <span class='ocrx_word' id='word_1_24' title='bbox 1043 270 1075 303; x_wconf 91' lang='lat' dir='ltr'>in</span> 
     </span>
     <span class='ocr_line' id='line_1_6' title="bbox 317 316 1076 367; baseline 0.001 -15"><span class='ocrx_word' id='word_1_25' title='bbox 317 320 473 353; x_wconf 65' lang='lat' dir='ltr'>Atstorum</span> <span class='ocrx_word' id='word_1_26' title='bbox 487 330 597 366; x_wconf 89' lang='lat' dir='ltr'>quarto</span> <span class='ocrx_word' id='word_1_27' title='bbox 608 343 618 358; x_wconf 89' lang='lat'>,</span> <span class='ocrx_word' id='word_1_28' title='bbox 642 321 739 367; x_wconf 80' lang='lat' dir='ltr'>gravia</span> <span class='ocrx_word' id='word_1_29' title='bbox 751 318 801 352; x_wconf 74' lang='lat' dir='ltr'>hic</span> <span class='ocrx_word' id='word_1_30' title='bbox 813 317 879 352; x_wconf 89' lang='lat' dir='ltr'>sunt</span> <span class='ocrx_word' id='word_1_31' title='bbox 891 319 1000 358; x_wconf 88' lang='lat' dir='ltr'>dubia,</span> <span class='ocrx_word' id='word_1_32' title='bbox 1026 316 1076 354; x_wconf 83' lang='lat' dir='ltr'>sed</span> 
     </span>
     <span class='ocr_line' id='line_1_7' title="bbox 317 367 1075 416; baseline -0.001 -14"><span class='ocrx_word' id='word_1_33' title='bbox 317 379 411 415; x_wconf 87' lang='lat' dir='ltr'>prout</span> <span class='ocrx_word' id='word_1_34' title='bbox 432 368 449 402; x_wconf 75' lang='lat' dir='ltr'>a</span> <span class='ocrx_word' id='word_1_35' title='bbox 466 368 581 414; x_wconf 88' lang='lat' dir='ltr'>Lapide</span> <span class='ocrx_word' id='word_1_36' title='bbox 594 368 824 416; x_wconf 81' lang='lat' dir='ltr'>implicatissima</span> <span class='ocrx_word' id='word_1_37' title='bbox 842 372 873 403; x_wconf 79' lang='grc' dir='ltr'>δι</span> <span class='ocrx_word' id='word_1_38' title='bbox 887 367 1075 402; x_wconf 83' lang='lat' dir='ltr'>difficillima.</span> 
     </span>
     <span class='ocr_line' id='line_1_8' title="bbox 317 415 1074 465; baseline 0 -15"><span class='ocrx_word' id='word_1_39' title='bbox 317 420 462 450; x_wconf 74' lang='lat' dir='ltr'>‘Pererius</span> <span class='ocrx_word' id='word_1_40' title='bbox 474 418 504 450; x_wconf 92' lang='lat' dir='ltr'>in</span> <span class='ocrx_word' id='word_1_41' title='bbox 518 415 632 451; x_wconf 77' lang='lat' dir='ltr'>Genes.</span> <span class='ocrx_word' id='word_1_42' title='bbox 641 430 683 463; x_wconf 77' lang='lat'>23.</span> <span class='ocrx_word' id='word_1_43' title='bbox 701 418 876 465; x_wconf 81' lang='lat' dir='ltr'>Praegravis,</span> <span class='ocrx_word' id='word_1_44' title='bbox 888 418 999 465; x_wconf 85' lang='lat' dir='ltr'>inquit,</span> <span class='ocrx_word' id='word_1_45' title='bbox 1007 430 1074 464; x_wconf 90' lang='lat' dir='ltr'>per-</span> 
     </span>
     <span class='ocr_line' id='line_1_9' title="bbox 318 466 1076 514; baseline -0.004 -14"><span class='ocrx_word' id='word_1_46' title='bbox 318 468 408 500; x_wconf 82' lang='lat' dir='ltr'>ardua</span> <span class='ocrx_word' id='word_1_47' title='bbox 421 491 430 505; x_wconf 93' lang='lat'>‚</span> <span class='ocrx_word' id='word_1_48' title='bbox 462 470 493 501; x_wconf 66' lang='grc' dir='ltr'>ὅ(</span> <span class='ocrx_word' id='word_1_49' title='bbox 511 467 704 514; x_wconf 88' lang='lat' dir='ltr'>quorundam</span> <span class='ocrx_word' id='word_1_50' title='bbox 727 467 842 510; x_wconf 90' lang='lat' dir='ltr'>judicio</span> <span class='ocrx_word' id='word_1_51' title='bbox 861 466 1076 501; x_wconf 83' lang='lat' dir='ltr'>inextricabilis</span> 
     </span>
     <span class='ocr_line' id='line_1_10' title="bbox 318 513 1075 563; baseline -0.001 -14"><span class='ocrx_word' id='word_1_52' title='bbox 318 514 448 562; x_wconf 88' lang='lat' dir='ltr'>quaestio</span> <span class='ocrx_word' id='word_1_53' title='bbox 462 515 515 552; x_wconf 88' lang='lat' dir='ltr'>est,</span> <span class='ocrx_word' id='word_1_54' title='bbox 525 516 660 563; x_wconf 88' lang='lat' dir='ltr'>undique</span> <span class='ocrx_word' id='word_1_55' title='bbox 674 515 901 550; x_wconf 85' lang='lat' dir='ltr'>difficultatibus</span> <span class='ocrx_word' id='word_1_56' title='bbox 914 513 1075 549; x_wconf 84' lang='lat' dir='ltr'>circumse-</span> 
     </span>
     <span class='ocr_line' id='line_1_11' title="bbox 319 563 896 612; baseline -0.003 -13"><span class='ocrx_word' id='word_1_57' title='bbox 319 577 380 612; x_wconf 84' lang='lat' dir='ltr'>pta,</span> <span class='ocrx_word' id='word_1_58' title='bbox 396 566 427 598; x_wconf 87' lang='lat' dir='ltr'>iu</span> <span class='ocrx_word' id='word_1_59' title='bbox 440 578 499 611; x_wconf 87' lang='lat' dir='ltr'>qua</span> <span class='ocrx_word' id='word_1_60' title='bbox 513 565 578 612; x_wconf 75' lang='lat' dir='ltr'>quo</span> <span class='ocrx_word' id='word_1_61' title='bbox 591 579 641 599; x_wconf 87' lang='lat' dir='ltr'>me</span> <span class='ocrx_word' id='word_1_62' title='bbox 653 577 769 599; x_wconf 88' lang='lat' dir='ltr'>vertam</span> <span class='ocrx_word' id='word_1_63' title='bbox 783 563 896 598; x_wconf 85' lang='lat' dir='ltr'>nescio.</span> 
     </span>
     <span class='ocr_line' id='line_1_12' title="bbox 374 612 1075 661; baseline -0.004 -13"><span class='ocrx_word' id='word_1_64' title='bbox 374 616 541 661; x_wconf 77' lang='lat' dir='ltr'>Utcunque</span> <span class='ocrx_word' id='word_1_65' title='bbox 554 614 590 648; x_wconf 87' lang='lat' dir='ltr'>ad</span> <span class='ocrx_word' id='word_1_66' title='bbox 607 615 739 661; x_wconf 88' lang='lat' dir='ltr'>primum</span> <span class='ocrx_word' id='word_1_67' title='bbox 753 612 966 659; x_wconf 84' lang='lat' dir='ltr'>quaesitorum‚</span> <span class='ocrx_word' id='word_1_68' title='bbox 994 625 1075 659; x_wconf 92' lang='lat' dir='ltr'>quo-</span> 
     </span>
    </p>
   </div>
   <div class='ocr_carea' id='block_1_4' title="bbox 148 660 1074 710">
    <p class='ocr_par' dir='ltr' id='par_1_4' title="bbox 148 660 1074 710">
     <span class='ocr_line' id='line_1_13' title="bbox 148 660 1074 710; baseline -0.001 -16"><span class='ocrx_word' id='word_1_69' title='bbox 148 668 229 703; x_wconf 69' lang='lat' dir='ltr'>fnerzt</span> <span class='ocrx_word' id='word_1_70' title='bbox 244 673 301 695; x_wconf 71' lang='lat' dir='ltr'>Em·</span> <span class='ocrx_word' id='word_1_71' title='bbox 320 664 542 697; x_wconf 63' lang='lat' dir='ltr'>modofmmor</span> <span class='ocrx_word' id='word_1_72' title='bbox 555 663 669 697; x_wconf 88' lang='lat' dir='ltr'>dicatur</span> <span class='ocrx_word' id='word_1_73' title='bbox 683 662 760 695; x_wconf 86' lang='lat' dir='ltr'>filius</span> <span class='ocrx_word' id='word_1_74' title='bbox 767 661 887 694; x_wconf 85' lang='lat' dir='ltr'>Sechem</span> <span class='ocrx_word' id='word_1_75' title='bbox 899 660 1074 710; x_wconf 74' lang='lat' dir='ltr'>aStephano‚</span> 
     </span>
    </p>
   </div>
   <div class='ocr_carea' id='block_1_5' title="bbox 151 708 265 739">
    <p class='ocr_par' dir='ltr' id='par_1_5' title="bbox 151 708 265 739">
     <span class='ocr_line' id='line_1_14' title="bbox 151 708 265 739; baseline 0 -6"><span class='ocrx_word' id='word_1_76' title='bbox 151 717 224 733; x_wconf 79' lang='lat' dir='ltr'>mons</span> <span class='ocrx_word' id='word_1_77' title='bbox 232 708 265 739; x_wconf 59' lang='lat' dir='ltr'>&amp;a</span> 
     </span>
    </p>
   </div>
   <div class='ocr_carea' id='block_1_6' title="bbox 148 748 295 783">
    <p class='ocr_par' dir='ltr' id='par_1_6' title="bbox 148 748 295 783">
     <span class='ocr_line' id='line_1_15' title="bbox 148 748 295 783; baseline 0.007 -12"><span class='ocrx_word' id='word_1_78' title='bbox 148 755 219 783; x_wconf 64' lang='lat' dir='ltr'>pater</span> <span class='ocrx_word' id='word_1_79' title='bbox 227 748 295 783; x_wconf 62' lang='lat' dir='ltr'>&amp;fi-</span> 
     </span>
    </p>
   </div>
   <div class='ocr_carea' id='block_1_7' title="bbox 152 787 218 813">
    <p class='ocr_par' dir='ltr' id='par_1_7' title="bbox 152 787 218 813">
     <span class='ocr_line' id='line_1_16' title="bbox 152 787 218 813; baseline 0.015 -1"><span class='ocrx_word' id='word_1_80' title='bbox 152 787 198 813; x_wconf 74' lang='lat' dir='ltr'>ltus</span> <span class='ocrx_word' id='word_1_81' title='bbox 206 793 218 813; x_wconf 82' lang='lat'><em>?</em></span> 
     </span>
    </p>
   </div>
   <div class='ocr_carea' id='block_1_8' title="bbox 136 3095 252 3158">
    <p class='ocr_par' dir='ltr' id='par_1_8' title="bbox 136 3095 252 3158">
     <span class='ocr_line' id='line_1_17' title="bbox 137 3095 252 3127; baseline -0.017 -8"><span class='ocrx_word' id='word_1_82' title='bbox 137 3095 180 3119; x_wconf 82' lang='lat' dir='ltr'>An</span> <span class='ocrx_word' id='word_1_83' title='bbox 193 3100 252 3127; x_wconf 69' lang='lat' dir='ltr'>ager</span> 
     </span>
     <span class='ocr_line' id='line_1_18' title="bbox 136 3131 246 3158; baseline 0 -1"><span class='ocrx_word' id='word_1_84' title='bbox 136 3131 246 3158; x_wconf 61' lang='lat' dir='ltr'>sichema</span> 
     </span>
    </p>
   </div>
   <div class='ocr_carea' id='block_1_9' title="bbox 301 709 1078 2870">
    <p class='ocr_par' dir='ltr' id='par_1_9' title="bbox 305 709 1078 1202">
     <span class='ocr_line' id='line_1_19' title="bbox 319 709 1076 758; baseline -0.004 -11"><span class='ocrx_word' id='word_1_85' title='bbox 319 717 350 747; x_wconf 85' lang='lat'>&amp;</span> <span class='ocrx_word' id='word_1_86' title='bbox 363 713 378 746; x_wconf 72' lang='lat' dir='ltr'>a</span> <span class='ocrx_word' id='word_1_87' title='bbox 391 713 478 757; x_wconf 82' lang='lat' dir='ltr'><em>Mose</em></span> <span class='ocrx_word' id='word_1_88' title='bbox 488 712 617 745; x_wconf 71' lang='lat' dir='ltr'>Szchemi</span> <span class='ocrx_word' id='word_1_89' title='bbox 627 715 731 758; x_wconf 87' lang='lat' dir='ltr'>pater?</span> <span class='ocrx_word' id='word_1_90' title='bbox 745 713 779 744; x_wconf 89' lang='lat' dir='ltr'>In</span> <span class='ocrx_word' id='word_1_91' title='bbox 791 721 938 758; x_wconf 88' lang='lat' dir='ltr'>promptu</span> <span class='ocrx_word' id='word_1_92' title='bbox 952 709 1076 758; x_wconf 53' lang='lat' dir='ltr'>respon«</span> 
     </span>
     <span class='ocr_line' id='line_1_20' title="bbox 319 759 1078 807; baseline -0.004 -11"><span class='ocrx_word' id='word_1_93' title='bbox 319 763 390 796; x_wconf 87' lang='lat' dir='ltr'>dere</span> <span class='ocrx_word' id='word_1_94' title='bbox 398 761 452 801; x_wconf 87' lang='lat' dir='ltr'>est,</span> <span class='ocrx_word' id='word_1_95' title='bbox 471 765 669 807; x_wconf 73' lang='lat' dir='ltr'>interpretem</span> <span class='ocrx_word' id='word_1_96' title='bbox 678 761 834 803; x_wconf 55' lang='lat' dir='ltr'>Aftorum</span> <span class='ocrx_word' id='word_1_97' title='bbox 842 761 986 794; x_wconf 86' lang='lat' dir='ltr'>Latinum</span> <span class='ocrx_word' id='word_1_98' title='bbox 999 759 1078 793; x_wconf 72' lang='lat' dir='ltr'>male</span> 
     </span>
     <span class='ocr_line' id='line_1_21' title="bbox 317 808 1076 848; baseline -0.003 -4"><span class='ocrx_word' id='word_1_99' title='bbox 317 812 426 844; x_wconf 83' lang='lat' dir='ltr'>addere</span> <span class='ocrx_word' id='word_1_100' title='bbox 440 823 548 843; x_wconf 89' lang='lat' dir='ltr'>vocem</span> <span class='ocrx_word' id='word_1_101' title='bbox 562 808 628 848; x_wconf 81' lang='lat' dir='ltr'>filii,</span> <span class='ocrx_word' id='word_1_102' title='bbox 643 821 713 842; x_wconf 91' lang='lat' dir='ltr'>cum</span> <span class='ocrx_word' id='word_1_103' title='bbox 729 810 759 842; x_wconf 89' lang='lat' dir='ltr'>in</span> <span class='ocrx_word' id='word_1_104' title='bbox 772 808 950 843; x_wconf 88' lang='lat' dir='ltr'>authentico</span> <span class='ocrx_word' id='word_1_105' title='bbox 960 809 1076 842; x_wconf 88' lang='lat' dir='ltr'>Graeco</span> 
     </span>
     <span class='ocr_line' id='line_1_22' title="bbox 317 855 1076 897; baseline -0.003 -4"><span class='ocrx_word' id='word_1_106' title='bbox 317 860 390 894; x_wconf 84' lang='lat' dir='ltr'>nihil</span> <span class='ocrx_word' id='word_1_107' title='bbox 403 860 460 892; x_wconf 83' lang='lat' dir='ltr'>tale</span> <span class='ocrx_word' id='word_1_108' title='bbox 472 859 628 897; x_wconf 80' lang='lat' dir='ltr'>habeatur,</span> <span class='ocrx_word' id='word_1_109' title='bbox 641 858 684 892; x_wconf 90' lang='lat' dir='ltr'>ibi</span> <span class='ocrx_word' id='word_1_110' title='bbox 697 860 779 892; x_wconf 87' lang='lat' dir='ltr'>enim</span> <span class='ocrx_word' id='word_1_111' title='bbox 789 857 832 892; x_wconf 83' lang='lat' dir='ltr'>est</span> <span class='ocrx_word' id='word_1_112' title='bbox 845 862 932 897; x_wconf 69' lang='grc' dir='ltr'>Εμμῦς</span> <span class='ocrx_word' id='word_1_113' title='bbox 947 855 969 887; x_wconf 57' lang='lat'>{¹3</span> <span class='ocrx_word' id='word_1_114' title='bbox 979 860 1076 895; x_wconf 69' lang='grc' dir='ltr'>Συχὲμ,</span> 
     </span>
     <span class='ocr_line' id='line_1_23' title="bbox 316 906 1076 956; baseline -0.001 -15"><span class='ocrx_word' id='word_1_115' title='bbox 316 909 402 956; x_wconf 87' lang='lat' dir='ltr'>quod</span> <span class='ocrx_word' id='word_1_116' title='bbox 414 907 500 954; x_wconf 70' lang='lat' dir='ltr'>acque</span> <span class='ocrx_word' id='word_1_117' title='bbox 513 907 697 946; x_wconf 72' lang='lat' dir='ltr'>commode,</span> <span class='ocrx_word' id='word_1_118' title='bbox 715 907 879 941; x_wconf 89' lang='lat' dir='ltr'>secundum</span> <span class='ocrx_word' id='word_1_119' title='bbox 892 906 1076 941; x_wconf 85' lang='lat' dir='ltr'>Pontificio-</span> 
     </span>
     <span class='ocr_line' id='line_1_24' title="bbox 315 955 1073 1004; baseline -0.001 -13"><span class='ocrx_word' id='word_1_120' title='bbox 315 970 383 991; x_wconf 89' lang='lat' dir='ltr'>rum</span> <span class='ocrx_word' id='word_1_121' title='bbox 393 956 587 991; x_wconf 72' lang='lat' dir='ltr'>doffiffimos</span> <span class='ocrx_word' id='word_1_122' title='bbox 600 982 610 996; x_wconf 88' lang='lat'>‚</span> <span class='ocrx_word' id='word_1_123' title='bbox 635 955 765 1004; x_wconf 89' lang='lat' dir='ltr'>suppleri</span> <span class='ocrx_word' id='word_1_124' title='bbox 778 956 879 1004; x_wconf 89' lang='lat' dir='ltr'>potest</span> <span class='ocrx_word' id='word_1_125' title='bbox 890 969 943 1003; x_wconf 85' lang='lat' dir='ltr'>per</span> <span class='ocrx_word' id='word_1_126' title='bbox 955 967 1073 1003; x_wconf 84' lang='lat' dir='ltr'>patrem</span> 
     </span>
     <span class='ocr_line' id='line_1_25' title="bbox 314 1003 1072 1054; baseline -0.001 -14"><span class='ocrx_word' id='word_1_127' title='bbox 314 1007 407 1054; x_wconf 80' lang='lat' dir='ltr'>quam</span> <span class='ocrx_word' id='word_1_128' title='bbox 421 1020 474 1053; x_wconf 87' lang='lat' dir='ltr'>per</span> <span class='ocrx_word' id='word_1_129' title='bbox 485 1006 594 1046; x_wconf 82' lang='lat' dir='ltr'>filium,</span> <span class='ocrx_word' id='word_1_130' title='bbox 609 1017 640 1039; x_wconf 91' lang='lat' dir='ltr'>ut</span> <span class='ocrx_word' id='word_1_131' title='bbox 653 1018 714 1040; x_wconf 82' lang='lat' dir='ltr'>tarn</span> <span class='ocrx_word' id='word_1_132' title='bbox 728 1020 763 1040; x_wconf 87' lang='lat' dir='ltr'>ex</span> <span class='ocrx_word' id='word_1_133' title='bbox 775 1004 911 1054; x_wconf 81' lang='lat' dir='ltr'>profanis</span> <span class='ocrx_word' id='word_1_134' title='bbox 924 1006 1017 1053; x_wconf 72' lang='lat' dir='ltr'>quarn</span> <span class='ocrx_word' id='word_1_135' title='bbox 1033 1003 1072 1039; x_wconf 87' lang='lat' dir='ltr'>sa-</span> 
     </span>
     <span class='ocr_line' id='line_1_26' title="bbox 314 1055 1071 1103; baseline -0.003 -13"><span class='ocrx_word' id='word_1_136' title='bbox 314 1057 372 1090; x_wconf 86' lang='lat' dir='ltr'>cris</span> <span class='ocrx_word' id='word_1_137' title='bbox 385 1057 479 1089; x_wconf 90' lang='lat' dir='ltr'>literis</span> <span class='ocrx_word' id='word_1_138' title='bbox 493 1057 578 1091; x_wconf 67' lang='grc' dir='ltr'>ῑεᾶὲ</span> <span class='ocrx_word' id='word_1_139' title='bbox 591 1055 700 1103; x_wconf 86' lang='lat' dir='ltr'>probat</span> <span class='ocrx_word' id='word_1_140' title='bbox 713 1059 813 1090; x_wconf 59' lang='grc' dir='ltr'>Ἕκα.</span> <span class='ocrx_word' id='word_1_141' title='bbox 852 1056 916 1090; x_wconf 83' lang='lat' dir='ltr'>Hic</span> <span class='ocrx_word' id='word_1_142' title='bbox 928 1055 1003 1090; x_wconf 76' lang='lat' dir='ltr'>vero</span> <span class='ocrx_word' id='word_1_143' title='bbox 1017 1067 1071 1088; x_wconf 91' lang='lat' dir='ltr'>ne-</span> 
     </span>
     <span class='ocr_line' id='line_1_27' title="bbox 314 1103 1071 1152; baseline -0.001 -14"><span class='ocrx_word' id='word_1_144' title='bbox 314 1103 437 1139; x_wconf 73' lang='lat' dir='ltr'>cessario</span> <span class='ocrx_word' id='word_1_145' title='bbox 445 1118 498 1152; x_wconf 86' lang='lat' dir='ltr'>per</span> <span class='ocrx_word' id='word_1_146' title='bbox 506 1118 622 1152; x_wconf 81' lang='lat' dir='ltr'>patrem</span> <span class='ocrx_word' id='word_1_147' title='bbox 635 1104 836 1152; x_wconf 86' lang='lat' dir='ltr'>supplendum</span> <span class='ocrx_word' id='word_1_148' title='bbox 849 1105 905 1144; x_wconf 84' lang='lat' dir='ltr'>est,</span> <span class='ocrx_word' id='word_1_149' title='bbox 913 1117 984 1139; x_wconf 88' lang='lat' dir='ltr'>cum</span> <span class='ocrx_word' id='word_1_150' title='bbox 993 1107 1071 1137; x_wconf 84' lang='lat' dir='ltr'>Mo-</span> 
     </span>
     <span class='ocr_line' id='line_1_28' title="bbox 305 1153 1016 1202; baseline -0.001 -14"><span class='ocrx_word' id='word_1_151' title='bbox 305 1155 351 1199; x_wconf 81' lang='lat' dir='ltr'>ses</span> <span class='ocrx_word' id='word_1_152' title='bbox 363 1153 470 1190; x_wconf 64' lang='lat' dir='ltr'>diserte</span> <span class='ocrx_word' id='word_1_153' title='bbox 482 1158 624 1194; x_wconf 79' lang='lat' dir='ltr'>Emmor,</span> <span class='ocrx_word' id='word_1_154' title='bbox 644 1155 774 1188; x_wconf 65' lang='lat' dir='ltr'>Sachemi</span> <span class='ocrx_word' id='word_1_155' title='bbox 785 1165 901 1202; x_wconf 85' lang='lat' dir='ltr'>patrem</span> <span class='ocrx_word' id='word_1_156' title='bbox 914 1165 1016 1188; x_wconf 90' lang='lat' dir='ltr'>vocet.</span> 
     </span>
    </p>

    <p class='ocr_par' dir='ltr' id='par_1_10' title="bbox 311 1202 1073 1399">
     <span class='ocr_line' id='line_1_29' title="bbox 366 1202 1070 1252; baseline -0.001 -15"><span class='ocrx_word' id='word_1_157' title='bbox 366 1205 480 1237; x_wconf 68' lang='lat' dir='ltr'>Leffio</span> <span class='ocrx_word' id='word_1_158' title='bbox 495 1206 601 1237; x_wconf 82' lang='lat' dir='ltr'>Latina</span> <span class='ocrx_word' id='word_1_159' title='bbox 615 1203 678 1238; x_wconf 80' lang='lat' dir='ltr'>satis</span> <span class='ocrx_word' id='word_1_160' title='bbox 698 1205 821 1252; x_wconf 85' lang='lat' dir='ltr'>antiqua</span> <span class='ocrx_word' id='word_1_161' title='bbox 835 1204 953 1238; x_wconf 89' lang='lat' dir='ltr'>videtur</span> <span class='ocrx_word' id='word_1_162' title='bbox 964 1229 975 1244; x_wconf 90' lang='lat'>‚</span> <span class='ocrx_word' id='word_1_163' title='bbox 998 1202 1070 1237; x_wconf 73' lang='lat' dir='ltr'>cum</span> 
     </span>
     <span class='ocr_line' id='line_1_30' title="bbox 311 1252 1073 1300; baseline 0.001 -17"><span class='ocrx_word' id='word_1_164' title='bbox 311 1257 398 1300; x_wconf 49' lang='lat' dir='ltr'>&amp;rus</span> <span class='ocrx_word' id='word_1_165' title='bbox 411 1266 448 1286; x_wconf 85' lang='lat' dir='ltr'>ne</span> <span class='ocrx_word' id='word_1_166' title='bbox 462 1252 616 1300; x_wconf 78' lang='lat' dir='ltr'>sequendo</span> <span class='ocrx_word' id='word_1_167' title='bbox 624 1257 638 1288; x_wconf 91' lang='grc' dir='ltr'>Ι</span> <span class='ocrx_word' id='word_1_168' title='bbox 642 1264 827 1300; x_wconf 84' lang='lat' dir='ltr'>nterpretem</span> <span class='ocrx_word' id='word_1_169' title='bbox 836 1254 979 1286; x_wconf 88' lang='lat' dir='ltr'>Latinum</span> <span class='ocrx_word' id='word_1_170' title='bbox 990 1254 1073 1296; x_wconf 71' lang='lat' dir='ltr'>Adofi</span> 
     </span>
     <span class='ocr_line' id='line_1_31' title="bbox 312 1301 1069 1342; baseline 0.003 -8"><span class='ocrx_word' id='word_1_171' title='bbox 312 1302 684 1342; x_wconf 76' lang='lat' dir='ltr'>eontradiccrct,omnino</span> <span class='ocrx_word' id='word_1_172' title='bbox 698 1315 731 1335; x_wconf 80' lang='lat' dir='ltr'>ea</span> <span class='ocrx_word' id='word_1_173' title='bbox 739 1303 830 1336; x_wconf 86' lang='lat' dir='ltr'>verba</span> <span class='ocrx_word' id='word_1_174' title='bbox 842 1301 1023 1336; x_wconf 80' lang='lat' dir='ltr'>filiiScchem</span> <span class='ocrx_word' id='word_1_175' title='bbox 1035 1315 1069 1336; x_wconf 88' lang='lat' dir='ltr'>o·</span> 
     </span>
     <span class='ocr_line' id='line_1_32' title="bbox 311 1350 942 1399; baseline 0.002 -15"><span class='ocrx_word' id='word_1_176' title='bbox 311 1352 428 1390; x_wconf 85' lang='lat' dir='ltr'>mittar,</span> <span class='ocrx_word' id='word_1_177' title='bbox 448 1352 551 1399; x_wconf 80' lang='lat' dir='ltr'>legens</span> <span class='ocrx_word' id='word_1_178' title='bbox 563 1362 681 1385; x_wconf 84' lang='lat' dir='ltr'>tantum</span> <span class='ocrx_word' id='word_1_179' title='bbox 695 1351 710 1384; x_wconf 70' lang='lat' dir='ltr'>a</span> <span class='ocrx_word' id='word_1_180' title='bbox 724 1350 794 1384; x_wconf 84' lang='lat' dir='ltr'>filiis</span> <span class='ocrx_word' id='word_1_181' title='bbox 807 1355 942 1386; x_wconf 86' lang='lat' dir='ltr'>Emmor.</span> 
     </span>
    </p>

    <p class='ocr_par' dir='ltr' id='par_1_11' title="bbox 308 1400 1070 1646">
     <span class='ocr_line' id='line_1_33' title="bbox 368 1400 1069 1448; baseline 0.003 -15"><span class='ocrx_word' id='word_1_182' title='bbox 368 1403 401 1434; x_wconf 93' lang='lat' dir='ltr'>ln</span> <span class='ocrx_word' id='word_1_183' title='bbox 415 1400 478 1435; x_wconf 87' lang='lat' dir='ltr'>hoc</span> <span class='ocrx_word' id='word_1_184' title='bbox 490 1402 642 1448; x_wconf 83' lang='lat' dir='ltr'>exemplar</span> <span class='ocrx_word' id='word_1_185' title='bbox 658 1400 824 1435; x_wconf 86' lang='lat' dir='ltr'>Arabicum</span> <span class='ocrx_word' id='word_1_186' title='bbox 834 1425 843 1440; x_wconf 91' lang='lat'>,</span> <span class='ocrx_word' id='word_1_187' title='bbox 858 1413 923 1448; x_wconf 90' lang='lat' dir='ltr'>quo</span> <span class='ocrx_word' id='word_1_188' title='bbox 937 1403 1027 1435; x_wconf 58' lang='lat' dir='ltr'>Beza</span> <span class='ocrx_word' id='word_1_189' title='bbox 1038 1404 1069 1435; x_wconf 87' lang='lat'>&amp;</span> 
     </span>
     <span class='ocr_line' id='line_1_34' title="bbox 310 1448 1070 1499; baseline 0.001 -17"><span class='ocrx_word' id='word_1_190' title='bbox 310 1451 414 1482; x_wconf 72' lang='lat' dir='ltr'>ltmms</span> <span class='ocrx_word' id='word_1_191' title='bbox 428 1449 494 1484; x_wconf 82' lang='lat' dir='ltr'>sunt</span> <span class='ocrx_word' id='word_1_192' title='bbox 507 1449 565 1490; x_wconf 85' lang='lat' dir='ltr'>usi,</span> <span class='ocrx_word' id='word_1_193' title='bbox 591 1454 698 1499; x_wconf 75' lang='lat' dir='ltr'>Syrum</span> <span class='ocrx_word' id='word_1_194' title='bbox 712 1448 870 1498; x_wconf 82' lang='lat' dir='ltr'>sequutum</span> <span class='ocrx_word' id='word_1_195' title='bbox 884 1449 928 1486; x_wconf 88' lang='lat' dir='ltr'>est</span> <span class='ocrx_word' id='word_1_196' title='bbox 937 1475 947 1490; x_wconf 91' lang='lat'><em>‚</em></span> <span class='ocrx_word' id='word_1_197' title='bbox 973 1448 1021 1484; x_wconf 88' lang='lat' dir='ltr'>sed</span> <span class='ocrx_word' id='word_1_198' title='bbox 1034 1451 1070 1483; x_wconf 89' lang='lat' dir='ltr'>il-</span> 
     </span>
     <span class='ocr_line' id='line_1_35' title="bbox 308 1499 1068 1548; baseline 0.001 -17"><span class='ocrx_word' id='word_1_199' title='bbox 308 1499 359 1532; x_wconf 89' lang='lat' dir='ltr'>lud</span> <span class='ocrx_word' id='word_1_200' title='bbox 372 1501 524 1546; x_wconf 78' lang='lat' dir='ltr'>exemplar</span> <span class='ocrx_word' id='word_1_201' title='bbox 536 1501 635 1534; x_wconf 66' lang='lat' dir='ltr'>multe&gt;</span> <span class='ocrx_word' id='word_1_202' title='bbox 650 1499 848 1546; x_wconf 81' lang='lat' dir='ltr'>praestantius,</span> <span class='ocrx_word' id='word_1_203' title='bbox 866 1500 952 1548; x_wconf 85' lang='lat' dir='ltr'>quod</span> <span class='ocrx_word' id='word_1_204' title='bbox 963 1502 1025 1544; x_wconf 83' lang='lat' dir='ltr'>jam</span> <span class='ocrx_word' id='word_1_205' title='bbox 1037 1499 1068 1533; x_wconf 87' lang='lat' dir='ltr'>in</span> 
     </span>
     <span class='ocr_line' id='line_1_36' title="bbox 308 1547 1067 1596; baseline 0 -14"><span class='ocrx_word' id='word_1_206' title='bbox 308 1547 416 1581; x_wconf 74' lang='lat' dir='ltr'>Bibliis</span> <span class='ocrx_word' id='word_1_207' title='bbox 428 1548 611 1583; x_wconf 56' lang='grc' dir='ltr'>πλννλῶἧοις</span> <span class='ocrx_word' id='word_1_208' title='bbox 624 1549 773 1583; x_wconf 86' lang='lat' dir='ltr'>habemus</span> <span class='ocrx_word' id='word_1_209' title='bbox 784 1575 792 1588; x_wconf 84' lang='lat'>,</span> <span class='ocrx_word' id='word_1_210' title='bbox 810 1551 955 1584; x_wconf 85' lang='lat' dir='ltr'>Latinum</span> <span class='ocrx_word' id='word_1_211' title='bbox 968 1548 1067 1596; x_wconf 91' lang='lat' dir='ltr'>sequi-</span> 
     </span>
     <span class='ocr_line' id='line_1_37' title="bbox 308 1596 1046 1646; baseline 0.005 -17"><span class='ocrx_word' id='word_1_212' title='bbox 308 1607 356 1630; x_wconf 90' lang='lat' dir='ltr'>tur</span> <span class='ocrx_word' id='word_1_213' title='bbox 369 1596 530 1636; x_wconf 85' lang='lat' dir='ltr'>verbatim,</span> <span class='ocrx_word' id='word_1_214' title='bbox 544 1596 617 1631; x_wconf 80' lang='lat' dir='ltr'>sicut</span> <span class='ocrx_word' id='word_1_215' title='bbox 630 1599 720 1632; x_wconf 87' lang='lat' dir='ltr'>etiam</span> <span class='ocrx_word' id='word_1_216' title='bbox 727 1598 870 1646; x_wconf 85' lang='lat' dir='ltr'>AEthiops</span> <span class='ocrx_word' id='word_1_217' title='bbox 885 1602 1046 1645; x_wconf 81' lang='lat' dir='ltr'>Interpres.</span> 
     </span>
    </p>

    <p class='ocr_par' dir='ltr' id='par_1_12' title="bbox 304 1645 1068 2465">
     <span class='ocr_line' id='line_1_38' title="bbox 353 1645 1066 1697; baseline 0.004 -18"><span class='ocrx_word' id='word_1_218' title='bbox 353 1645 498 1680; x_wconf 86' lang='lat' dir='ltr'>Affirmat</span> <span class='ocrx_word' id='word_1_219' title='bbox 511 1647 596 1679; x_wconf 59' lang='lat' dir='ltr'>Beda</span> <span class='ocrx_word' id='word_1_220' title='bbox 607 1647 708 1682; x_wconf 78' lang='lat' dir='ltr'>vidisse</span> <span class='ocrx_word' id='word_1_221' title='bbox 721 1646 748 1682; x_wconf 87' lang='lat' dir='ltr'>se</span> <span class='ocrx_word' id='word_1_222' title='bbox 762 1649 792 1682; x_wconf 92' lang='lat' dir='ltr'>in</span> <span class='ocrx_word' id='word_1_223' title='bbox 801 1649 917 1683; x_wconf 81' lang='lat' dir='ltr'>Graeco</span> <span class='ocrx_word' id='word_1_224' title='bbox 931 1649 1066 1697; x_wconf 86' lang='lat' dir='ltr'>quodam</span> 
     </span>
     <span class='ocr_line' id='line_1_39' title="bbox 308 1692 1068 1743; baseline 0.003 -14"><span class='ocrx_word' id='word_1_225' title='bbox 308 1696 471 1743; x_wconf 82' lang='lat' dir='ltr'>exemplari</span> <span class='ocrx_word' id='word_1_226' title='bbox 485 1708 549 1729; x_wconf 90' lang='lat' dir='ltr'>non</span> <span class='ocrx_word' id='word_1_227' title='bbox 562 1692 584 1724; x_wconf 55' lang='grc' dir='ltr'><em>ἕ</em></span> <span class='ocrx_word' id='word_1_228' title='bbox 594 1699 683 1733; x_wconf 65' lang='grc' dir='ltr'>Συχὲμ</span> <span class='ocrx_word' id='word_1_229' title='bbox 692 1718 700 1730; x_wconf 79' lang='lat'><em>›</em></span> <span class='ocrx_word' id='word_1_230' title='bbox 715 1695 765 1727; x_wconf 71' lang='lat' dir='ltr'>sed</span> <span class='ocrx_word' id='word_1_231' title='bbox 781 1695 803 1727; x_wconf 59' lang='grc' dir='ltr'><em>ἕ</em></span> <span class='ocrx_word' id='word_1_232' title='bbox 814 1698 841 1727; x_wconf 60' lang='grc' dir='ltr'>ἐν</span> <span class='ocrx_word' id='word_1_233' title='bbox 856 1700 953 1735; x_wconf 64' lang='grc' dir='ltr'>Συχὲμ)</span> <span class='ocrx_word' id='word_1_234' title='bbox 962 1701 1068 1732; x_wconf 85' lang='lat' dir='ltr'>&amp;cer-</span> 
     </span>
     <span class='ocr_line' id='line_1_40' title="bbox 307 1743 1065 1793; baseline 0.004 -15"><span class='ocrx_word' id='word_1_235' title='bbox 307 1743 337 1778; x_wconf 73' lang='lat' dir='ltr'>te</span> <span class='ocrx_word' id='word_1_236' title='bbox 350 1745 380 1778; x_wconf 90' lang='lat' dir='ltr'>in</span> <span class='ocrx_word' id='word_1_237' title='bbox 393 1744 632 1792; x_wconf 79' lang='lat' dir='ltr'>praestantiffimo</span> <span class='ocrx_word' id='word_1_238' title='bbox 645 1746 700 1779; x_wconf 92' lang='lat' dir='ltr'>illo</span> <span class='ocrx_word' id='word_1_239' title='bbox 709 1744 915 1793; x_wconf 69' lang='lat' dir='ltr'>manuscripto</span> <span class='ocrx_word' id='word_1_240' title='bbox 930 1747 1008 1781; x_wconf 90' lang='lat' dir='ltr'>olim</span> <span class='ocrx_word' id='word_1_241' title='bbox 1018 1750 1065 1781; x_wconf 92' lang='lat' dir='ltr'>A-</span> 
     </span>
     <span class='ocr_line' id='line_1_41' title="bbox 307 1794 1065 1845; baseline 0.005 -18"><span class='ocrx_word' id='word_1_242' title='bbox 307 1795 492 1831; x_wconf 75' lang='lat' dir='ltr'>lexandrz&#39;m,</span> <span class='ocrx_word' id='word_1_243' title='bbox 509 1807 589 1829; x_wconf 91' lang='lat' dir='ltr'>nunc</span> <span class='ocrx_word' id='word_1_244' title='bbox 600 1794 788 1828; x_wconf 86' lang='lat' dir='ltr'>Londinensi</span> <span class='ocrx_word' id='word_1_245' title='bbox 800 1819 810 1834; x_wconf 95' lang='lat'>,</span> <span class='ocrx_word' id='word_1_246' title='bbox 828 1794 867 1830; x_wconf 85' lang='lat' dir='ltr'>sic</span> <span class='ocrx_word' id='word_1_247' title='bbox 880 1795 975 1831; x_wconf 88' lang='lat' dir='ltr'>hodie</span> <span class='ocrx_word' id='word_1_248' title='bbox 990 1796 1065 1845; x_wconf 83' lang='lat' dir='ltr'>legi-</span> 
     </span>
     <span class='ocr_line' id='line_1_42' title="bbox 306 1844 1065 1891; baseline 0.007 -15"><span class='ocrx_word' id='word_1_249' title='bbox 306 1854 355 1876; x_wconf 89' lang='lat' dir='ltr'>tur</span> <span class='ocrx_word' id='word_1_250' title='bbox 367 1868 376 1883; x_wconf 91' lang='lat'><em>‚</em></span> <span class='ocrx_word' id='word_1_251' title='bbox 401 1845 486 1891; x_wconf 85' lang='lat' dir='ltr'>quod</span> <span class='ocrx_word' id='word_1_252' title='bbox 503 1846 651 1877; x_wconf 55' lang='lat' dir='ltr'>wemelc&#39;zt</span> <span class='ocrx_word' id='word_1_253' title='bbox 668 1844 892 1891; x_wconf 75' lang='lat' dir='ltr'>expositionem</span> <span class='ocrx_word' id='word_1_254' title='bbox 911 1845 996 1880; x_wconf 58' lang='lat' dir='ltr'>reete</span> <span class='ocrx_word' id='word_1_255' title='bbox 1013 1847 1065 1881; x_wconf 88' lang='lat' dir='ltr'>ad-</span> 
     </span>
     <span class='ocr_line' id='line_1_43' title="bbox 306 1893 1063 1940; baseline 0.007 -14"><span class='ocrx_word' id='word_1_256' title='bbox 306 1893 401 1926; x_wconf 81' lang='lat' dir='ltr'>mittit</span> <span class='ocrx_word' id='word_1_257' title='bbox 414 1917 423 1932; x_wconf 88' lang='lat'>,</span> <span class='ocrx_word' id='word_1_258' title='bbox 448 1894 465 1927; x_wconf 73' lang='lat' dir='ltr'>a</span> <span class='ocrx_word' id='word_1_259' title='bbox 479 1893 549 1926; x_wconf 79' lang='lat' dir='ltr'>filiis</span> <span class='ocrx_word' id='word_1_260' title='bbox 568 1897 694 1926; x_wconf 79' lang='lat' dir='ltr'>Emmor</span> <span class='ocrx_word' id='word_1_261' title='bbox 712 1894 862 1940; x_wconf 81' lang='lat' dir='ltr'>Principis</span> <span class='ocrx_word' id='word_1_262' title='bbox 879 1894 910 1928; x_wconf 89' lang='lat' dir='ltr'>in</span> <span class='ocrx_word' id='word_1_263' title='bbox 924 1895 1063 1936; x_wconf 89' lang='lat' dir='ltr'>Sichem,</span> 
     </span>
     <span class='ocr_line' id='line_1_44' title="bbox 305 1941 1062 1989; baseline 0.007 -15"><span class='ocrx_word' id='word_1_264' title='bbox 305 1941 356 1975; x_wconf 85' lang='lat' dir='ltr'>seu</span> <span class='ocrx_word' id='word_1_265' title='bbox 367 1942 536 1975; x_wconf 67' lang='lat' dir='ltr'>Sichemz&#39;tae.</span> <span class='ocrx_word' id='word_1_266' title='bbox 562 1943 638 1975; x_wconf 86' lang='lat' dir='ltr'>Non</span> <span class='ocrx_word' id='word_1_267' title='bbox 652 1941 696 1977; x_wconf 87' lang='lat' dir='ltr'>est</span> <span class='ocrx_word' id='word_1_268' title='bbox 708 1943 794 1989; x_wconf 88' lang='lat' dir='ltr'>quod</span> <span class='ocrx_word' id='word_1_269' title='bbox 806 1943 878 1978; x_wconf 85' lang='lat' dir='ltr'>huic</span> <span class='ocrx_word' id='word_1_270' title='bbox 890 1945 969 1978; x_wconf 62' lang='lat' dir='ltr'>Beda</span> <span class='ocrx_word' id='word_1_271' title='bbox 982 1944 1062 1980; x_wconf 88' lang='lat' dir='ltr'>solu-</span> 
     </span>
     <span class='ocr_line' id='line_1_45' title="bbox 305 1990 1062 2042; baseline 0.008 -18"><span class='ocrx_word' id='word_1_272' title='bbox 305 1990 384 2024; x_wconf 85' lang='lat' dir='ltr'>tioni</span> <span class='ocrx_word' id='word_1_273' title='bbox 397 1992 615 2030; x_wconf 76' lang='lat' dir='ltr'>immoremur,</span> <span class='ocrx_word' id='word_1_274' title='bbox 632 2004 702 2026; x_wconf 91' lang='lat' dir='ltr'>cum</span> <span class='ocrx_word' id='word_1_275' title='bbox 715 2003 782 2025; x_wconf 85' lang='lat' dir='ltr'>vera</span> <span class='ocrx_word' id='word_1_276' title='bbox 792 1992 880 2038; x_wconf 86' lang='lat' dir='ltr'>hujus</span> <span class='ocrx_word' id='word_1_277' title='bbox 895 1994 955 2029; x_wconf 87' lang='lat' dir='ltr'>loci</span> <span class='ocrx_word' id='word_1_278' title='bbox 965 2008 1062 2042; x_wconf 85' lang='lat' dir='ltr'>expo-</span> 
     </span>
     <span class='ocr_line' id='line_1_46' title="bbox 305 2038 1062 2090; baseline 0.009 -17"><span class='ocrx_word' id='word_1_279' title='bbox 305 2039 375 2074; x_wconf 79' lang='lat' dir='ltr'>fitio</span> <span class='ocrx_word' id='word_1_280' title='bbox 393 2038 459 2074; x_wconf 88' lang='lat' dir='ltr'>satis</span> <span class='ocrx_word' id='word_1_281' title='bbox 476 2040 510 2074; x_wconf 87' lang='lat' dir='ltr'>fit</span> <span class='ocrx_word' id='word_1_282' title='bbox 522 2041 634 2088; x_wconf 88' lang='lat' dir='ltr'>liquida</span> <span class='ocrx_word' id='word_1_283' title='bbox 648 2044 835 2087; x_wconf 76' lang='lat' dir='ltr'>comparanti</span> <span class='ocrx_word' id='word_1_284' title='bbox 849 2044 985 2090; x_wconf 64' lang='lat' dir='ltr'>vulgares</span> <span class='ocrx_word' id='word_1_285' title='bbox 998 2056 1062 2080; x_wconf 84' lang='lat' dir='ltr'>tex—</span> 
     </span>
     <span class='ocr_line' id='line_1_47' title="bbox 306 2083 1059 2140; baseline 0.008 -19"><span class='ocrx_word' id='word_1_286' title='bbox 306 2100 353 2122; x_wconf 84' lang='lat' dir='ltr'>tus</span> <span class='ocrx_word' id='word_1_287' title='bbox 371 2090 502 2124; x_wconf 81' lang='lat' dir='ltr'>Graecos</span> <span class='ocrx_word' id='word_1_288' title='bbox 518 2103 587 2123; x_wconf 87' lang='lat' dir='ltr'>cum</span> <span class='ocrx_word' id='word_1_289' title='bbox 601 2090 700 2124; x_wconf 84' lang='lat' dir='ltr'>verbis</span> <span class='ocrx_word' id='word_1_290' title='bbox 722 2092 845 2138; x_wconf 60' lang='lat' dir='ltr'>emofis</span> <span class='ocrx_word' id='word_1_291' title='bbox 860 2083 944 2127; x_wconf 75' lang='lat' dir='ltr'>Gen.</span> <span class='ocrx_word' id='word_1_292' title='bbox 962 2107 1000 2140; x_wconf 60' lang='grc' dir='ltr'>ξς.</span> <span class='ocrx_word' id='word_1_293' title='bbox 1014 2107 1059 2137; x_wconf 89' lang='lat'>19.</span> 
     </span>
     <span class='ocr_line' id='line_1_48' title="bbox 306 2136 1060 2188; baseline 0.011 -18"><span class='ocrx_word' id='word_1_294' title='bbox 306 2138 411 2172; x_wconf 72' lang='lat' dir='ltr'>Multo</span> <span class='ocrx_word' id='word_1_295' title='bbox 429 2138 530 2172; x_wconf 72' lang='lat' dir='ltr'>minus</span> <span class='ocrx_word' id='word_1_296' title='bbox 550 2140 707 2173; x_wconf 82' lang='lat' dir='ltr'>immorari</span> <span class='ocrx_word' id='word_1_297' title='bbox 720 2141 863 2175; x_wconf 85' lang='lat' dir='ltr'>volumus</span> <span class='ocrx_word' id='word_1_298' title='bbox 881 2136 968 2177; x_wconf 84' lang='lat' dir='ltr'>alteri</span> <span class='ocrx_word' id='word_1_299' title='bbox 984 2144 1060 2188; x_wconf 87' lang='lat' dir='ltr'>ejus-</span> 
     </span>
     <span class='ocr_line' id='line_1_49' title="bbox 305 2187 1060 2237; baseline 0.011 -18"><span class='ocrx_word' id='word_1_300' title='bbox 305 2187 376 2219; x_wconf 79' lang='lat' dir='ltr'>dcm</span> <span class='ocrx_word' id='word_1_301' title='bbox 390 2187 473 2219; x_wconf 58' lang='lat' dir='ltr'>‘Beda</span> <span class='ocrx_word' id='word_1_302' title='bbox 485 2188 748 2234; x_wconf 79' lang='lat' dir='ltr'>interpretationi,</span> <span class='ocrx_word' id='word_1_303' title='bbox 773 2191 827 2237; x_wconf 85' lang='lat' dir='ltr'>qui</span> <span class='ocrx_word' id='word_1_304' title='bbox 841 2215 850 2229; x_wconf 95' lang='lat'>,</span> <span class='ocrx_word' id='word_1_305' title='bbox 872 2202 904 2225; x_wconf 86' lang='lat' dir='ltr'>ut</span> <span class='ocrx_word' id='word_1_306' title='bbox 917 2194 1060 2227; x_wconf 89' lang='lat' dir='ltr'>Latinum</span> 
     </span>
     <span class='ocr_line' id='line_1_50' title="bbox 305 2237 1061 2281; baseline 0.008 -14"><span class='ocrx_word' id='word_1_307' title='bbox 305 2237 506 2281; x_wconf 74' lang='lat' dir='ltr'>interpretem</span> <span class='ocrx_word' id='word_1_308' title='bbox 520 2237 699 2269; x_wconf 76' lang='lat' dir='ltr'>conciliaret</span> <span class='ocrx_word' id='word_1_309' title='bbox 710 2250 780 2270; x_wconf 88' lang='lat' dir='ltr'>cum</span> <span class='ocrx_word' id='word_1_310' title='bbox 793 2240 926 2281; x_wconf 53' lang='lat' dir='ltr'>emofiu</span> <span class='ocrx_word' id='word_1_311' title='bbox 944 2241 1061 2273; x_wconf 82' lang='lat' dir='ltr'>Sichem</span> 
     </span>
     <span class='ocr_line' id='line_1_51' title="bbox 306 2284 1059 2331; baseline 0.005 -15"><span class='ocrx_word' id='word_1_312' title='bbox 306 2284 452 2330; x_wconf 88' lang='lat' dir='ltr'>procudit</span> <span class='ocrx_word' id='word_1_313' title='bbox 465 2285 634 2331; x_wconf 80' lang='lat' dir='ltr'>geminum,</span> <span class='ocrx_word' id='word_1_314' title='bbox 643 2285 682 2317; x_wconf 85' lang='lat' dir='ltr'>ita</span> <span class='ocrx_word' id='word_1_315' title='bbox 695 2295 726 2317; x_wconf 91' lang='lat' dir='ltr'>ut</span> <span class='ocrx_word' id='word_1_316' title='bbox 735 2288 861 2317; x_wconf 78' lang='lat' dir='ltr'>Emmor</span> <span class='ocrx_word' id='word_1_317' title='bbox 872 2287 988 2319; x_wconf 85' lang='lat' dir='ltr'>dicatur</span> <span class='ocrx_word' id='word_1_318' title='bbox 999 2298 1059 2320; x_wconf 88' lang='lat' dir='ltr'>ram</span> 
     </span>
     <span class='ocr_line' id='line_1_52' title="bbox 306 2331 1060 2380; baseline 0.008 -16"><span class='ocrx_word' id='word_1_319' title='bbox 306 2344 391 2378; x_wconf 86' lang='lat' dir='ltr'>pater</span> <span class='ocrx_word' id='word_1_320' title='bbox 408 2333 500 2380; x_wconf 78' lang='lat' dir='ltr'>quzim</span> <span class='ocrx_word' id='word_1_321' title='bbox 518 2331 597 2365; x_wconf 82' lang='lat' dir='ltr'>filius</span> <span class='ocrx_word' id='word_1_322' title='bbox 620 2332 739 2365; x_wconf 81' lang='lat' dir='ltr'>Sechem</span> <span class='ocrx_word' id='word_1_323' title='bbox 751 2357 760 2369; x_wconf 92' lang='lat'>‚</span> <span class='ocrx_word' id='word_1_324' title='bbox 793 2335 1060 2379; x_wconf 87' lang='lat' dir='ltr'>quemadmodum</span> 
     </span>
     <span class='ocr_line' id='line_1_53' title="bbox 305 2380 1059 2428; baseline 0.005 -14"><span class='ocrx_word' id='word_1_325' title='bbox 305 2382 512 2415; x_wconf 89' lang='lat' dir='ltr'>communiter</span> <span class='ocrx_word' id='word_1_326' title='bbox 529 2394 600 2415; x_wconf 84' lang='lat' dir='ltr'>avus</span> <span class='ocrx_word' id='word_1_327' title='bbox 615 2386 646 2417; x_wconf 88' lang='lat'>&amp;</span> <span class='ocrx_word' id='word_1_328' title='bbox 658 2394 756 2428; x_wconf 87' lang='lat' dir='ltr'>nepos</span> <span class='ocrx_word' id='word_1_329' title='bbox 769 2380 903 2426; x_wconf 82' lang='lat' dir='ltr'>ejusdem</span> <span class='ocrx_word' id='word_1_330' title='bbox 922 2381 989 2418; x_wconf 89' lang='lat' dir='ltr'>sunt</span> <span class='ocrx_word' id='word_1_331' title='bbox 1000 2397 1059 2418; x_wconf 91' lang='lat' dir='ltr'>no-</span> 
     </span>
     <span class='ocr_line' id='line_1_54' title="bbox 304 2443 406 2465; baseline 0 -1"><span class='ocrx_word' id='word_1_332' title='bbox 304 2443 406 2465; x_wconf 84' lang='lat' dir='ltr'>minis.</span> 
     </span>
    </p>

    <p class='ocr_par' dir='ltr' id='par_1_13' title="bbox 301 2479 1059 2870">
     <span class='ocr_line' id='line_1_55' title="bbox 351 2479 1059 2527; baseline 0.006 -14"><span class='ocrx_word' id='word_1_333' title='bbox 351 2483 496 2527; x_wconf 65' lang='lat' dir='ltr'>Lyranus,</span> <span class='ocrx_word' id='word_1_334' title='bbox 507 2492 600 2527; x_wconf 87' lang='lat' dir='ltr'>quem</span> <span class='ocrx_word' id='word_1_335' title='bbox 616 2481 631 2525; x_wconf 68' lang='grc' dir='ltr'>ζ</span> <span class='ocrx_word' id='word_1_336' title='bbox 634 2491 665 2514; x_wconf 90' lang='lat' dir='ltr'>ut</span> <span class='ocrx_word' id='word_1_337' title='bbox 677 2479 854 2515; x_wconf 80' lang='lat' dir='ltr'>defendatur</span> <span class='ocrx_word' id='word_1_338' title='bbox 869 2482 972 2517; x_wconf 62' lang='grc' dir='ltr'>αὐθεντῖι</span> <span class='ocrx_word' id='word_1_339' title='bbox 984 2484 1059 2517; x_wconf 87' lang='lat' dir='ltr'>Tri-</span> 
     </span>
     <span class='ocr_line' id='line_1_56' title="bbox 305 2528 1056 2578; baseline 0.007 -16"><span class='ocrx_word' id='word_1_340' title='bbox 305 2529 427 2563; x_wconf 87' lang='lat' dir='ltr'>dentina</span> <span class='ocrx_word' id='word_1_341' title='bbox 441 2529 584 2566; x_wconf 79' lang='lat' dir='ltr'>versionis</span> <span class='ocrx_word' id='word_1_342' title='bbox 600 2531 732 2576; x_wconf 68' lang='lat' dir='ltr'>Latinae)</span> <span class='ocrx_word' id='word_1_343' title='bbox 747 2528 910 2577; x_wconf 87' lang='lat' dir='ltr'>sequuntur</span> <span class='ocrx_word' id='word_1_344' title='bbox 920 2528 1056 2578; x_wconf 85' lang='lat' dir='ltr'>Jesuitae‚</span> 
     </span>
     <span class='ocr_line' id='line_1_57' title="bbox 304 2579 1059 2627; baseline 0.008 -17"><span class='ocrx_word' id='word_1_345' title='bbox 304 2580 466 2615; x_wconf 71' lang='lat' dir='ltr'>Salmeron,</span> <span class='ocrx_word' id='word_1_346' title='bbox 479 2582 623 2613; x_wconf 50' lang='lat' dir='ltr'>Pervius,</span> <span class='ocrx_word' id='word_1_347' title='bbox 635 2579 651 2613; x_wconf 73' lang='lat' dir='ltr'>a</span> <span class='ocrx_word' id='word_1_348' title='bbox 664 2579 785 2627; x_wconf 70' lang='lat' dir='ltr'>Lapide¹</span> <span class='ocrx_word' id='word_1_349' title='bbox 800 2584 830 2615; x_wconf 76' lang='grc' dir='ltr'>δι</span> <span class='ocrx_word' id='word_1_350' title='bbox 844 2584 984 2622; x_wconf 71' lang='lat' dir='ltr'>Larinas,</span> <span class='ocrx_word' id='word_1_351' title='bbox 996 2583 1059 2618; x_wconf 89' lang='lat' dir='ltr'>vult</span> 
     </span>
     <span class='ocr_line' id='line_1_58' title="bbox 303 2626 1058 2673; baseline 0.008 -13"><span class='ocrx_word' id='word_1_352' title='bbox 303 2628 406 2673; x_wconf 74' lang='lat' dir='ltr'>potius</span> <span class='ocrx_word' id='word_1_353' title='bbox 419 2632 544 2662; x_wconf 79' lang='lat' dir='ltr'>Emmor</span> <span class='ocrx_word' id='word_1_354' title='bbox 561 2626 646 2661; x_wconf 75' lang='lat' dir='ltr'>fuisse</span> <span class='ocrx_word' id='word_1_355' title='bbox 664 2628 880 2669; x_wconf 77' lang='lat' dir='ltr'>binominem,</span> <span class='ocrx_word' id='word_1_356' title='bbox 899 2642 1058 2666; x_wconf 89' lang='lat' dir='ltr'>vocatum-</span> 
     </span>
     <span class='ocr_line' id='line_1_59' title="bbox 305 2676 1058 2725; baseline 0.007 -16"><span class='ocrx_word' id='word_1_357' title='bbox 305 2689 365 2723; x_wconf 83' lang='lat' dir='ltr'>que</span> <span class='ocrx_word' id='word_1_358' title='bbox 377 2678 468 2712; x_wconf 84' lang='lat' dir='ltr'>etiam</span> <span class='ocrx_word' id='word_1_359' title='bbox 479 2680 580 2725; x_wconf 79' lang='lat' dir='ltr'>Segor:</span> <span class='ocrx_word' id='word_1_360' title='bbox 595 2688 668 2710; x_wconf 89' lang='lat' dir='ltr'>vana</span> <span class='ocrx_word' id='word_1_361' title='bbox 680 2676 744 2711; x_wconf 85' lang='lat' dir='ltr'>haec</span> <span class='ocrx_word' id='word_1_362' title='bbox 757 2676 822 2711; x_wconf 82' lang='lat' dir='ltr'>sunt</span> <span class='ocrx_word' id='word_1_363' title='bbox 833 2691 900 2725; x_wconf 87' lang='lat' dir='ltr'>quae</span> <span class='ocrx_word' id='word_1_364' title='bbox 913 2680 998 2714; x_wconf 87' lang='lat' dir='ltr'>nullo</span> <span class='ocrx_word' id='word_1_365' title='bbox 1011 2693 1058 2714; x_wconf 87' lang='lat' dir='ltr'>ar-</span> 
     </span>
     <span class='ocr_line' id='line_1_60' title="bbox 304 2725 1056 2776; baseline 0.007 -18"><span class='ocrx_word' id='word_1_366' title='bbox 304 2738 452 2771; x_wconf 78' lang='lat' dir='ltr'>gumento</span> <span class='ocrx_word' id='word_1_367' title='bbox 465 2725 649 2774; x_wconf 78' lang='lat' dir='ltr'>probantur,</span> <span class='ocrx_word' id='word_1_368' title='bbox 659 2729 690 2760; x_wconf 88' lang='lat'><strong>&amp;</strong></span> <span class='ocrx_word' id='word_1_369' title='bbox 704 2737 771 2772; x_wconf 86' lang='lat' dir='ltr'>quae</span> <span class='ocrx_word' id='word_1_370' title='bbox 784 2726 820 2760; x_wconf 91' lang='lat' dir='ltr'>ad</span> <span class='ocrx_word' id='word_1_371' title='bbox 833 2738 890 2759; x_wconf 88' lang='lat' dir='ltr'>nos</span> <span class='ocrx_word' id='word_1_372' title='bbox 904 2727 980 2761; x_wconf 89' lang='lat' dir='ltr'>nihil</span> <span class='ocrx_word' id='word_1_373' title='bbox 994 2727 1056 2776; x_wconf 87' lang='lat' dir='ltr'>spe-</span> 
     </span>
     <span class='ocr_line' id='line_1_61' title="bbox 303 2774 1055 2823; baseline 0.007 -16"><span class='ocrx_word' id='word_1_374' title='bbox 303 2774 401 2816; x_wconf 64' lang='lat' dir='ltr'>stant,</span> <span class='ocrx_word' id='word_1_375' title='bbox 425 2777 478 2823; x_wconf 89' lang='lat' dir='ltr'>qui</span> <span class='ocrx_word' id='word_1_376' title='bbox 491 2776 607 2822; x_wconf 83' lang='lat' dir='ltr'>aliquot</span> <span class='ocrx_word' id='word_1_377' title='bbox 619 2774 713 2807; x_wconf 89' lang='lat' dir='ltr'>millia</span> <span class='ocrx_word' id='word_1_378' title='bbox 726 2787 866 2809; x_wconf 89' lang='lat' dir='ltr'>errorum</span> <span class='ocrx_word' id='word_1_379' title='bbox 881 2776 914 2809; x_wconf 90' lang='lat' dir='ltr'>in</span> <span class='ocrx_word' id='word_1_380' title='bbox 928 2777 1055 2812; x_wconf 90' lang='lat' dir='ltr'>authen-</span> 
     </span>
     <span class='ocr_line' id='line_1_62' title="bbox 301 2823 1055 2870; baseline 0.004 -11"><span class='ocrx_word' id='word_1_381' title='bbox 301 2826 490 2859; x_wconf 85' lang='lat' dir='ltr'>ticisLatinis</span> <span class='ocrx_word' id='word_1_382' title='bbox 502 2824 715 2863; x_wconf 86' lang='lat' dir='ltr'>scimus,etiam</span> <span class='ocrx_word' id='word_1_383' title='bbox 729 2823 797 2870; x_wconf 86' lang='lat' dir='ltr'>post</span> <span class='ocrx_word' id='word_1_384' title='bbox 805 2837 914 2859; x_wconf 83' lang='lat' dir='ltr'>omnes</span> <span class='ocrx_word' id='word_1_385' title='bbox 925 2827 1055 2862; x_wconf 87' lang='lat' dir='ltr'>Pontifi-</span> 
     </span>
    </p>
   </div>
   <div class='ocr_carea' id='block_1_10' title="bbox 300 2874 1051 2970">
    <p class='ocr_par' dir='ltr' id='par_1_14' title="bbox 300 2874 1051 2970">
     <span class='ocr_line' id='line_1_63' title="bbox 300 2874 758 2910; baseline -0.007 -2"><span class='ocrx_word' id='word_1_386' title='bbox 300 2887 369 2908; x_wconf 88' lang='lat' dir='ltr'>cum</span> <span class='ocrx_word' id='word_1_387' title='bbox 382 2874 627 2910; x_wconf 86' lang='lat' dir='ltr'>emendationes,</span> <span class='ocrx_word' id='word_1_388' title='bbox 647 2884 758 2906; x_wconf 81' lang='lat' dir='ltr'>extare.</span> 
     </span>
     <span class='ocr_line' id='line_1_64' title="bbox 358 2921 1051 2970; baseline 0.003 -14"><span class='ocrx_word' id='word_1_389' title='bbox 358 2924 484 2970; x_wconf 78' lang='lat' dir='ltr'>Anglica</span> <span class='ocrx_word' id='word_1_390' title='bbox 504 2921 607 2956; x_wconf 85' lang='lat' dir='ltr'>nostra</span> <span class='ocrx_word' id='word_1_391' title='bbox 625 2933 710 2955; x_wconf 87' lang='lat' dir='ltr'>verus</span> <span class='ocrx_word' id='word_1_392' title='bbox 725 2922 846 2968; x_wconf 79' lang='lat' dir='ltr'>legebat</span> <span class='ocrx_word' id='word_1_393' title='bbox 860 2926 984 2956; x_wconf 84' lang='lat' dir='ltr'>Emmor</span> <span class='ocrx_word' id='word_1_394' title='bbox 998 2924 1051 2958; x_wconf 80' lang='lat' dir='ltr'>filii</span> 
     </span>
    </p>
   </div>
   <div class='ocr_carea' id='block_1_11' title="bbox 297 2969 1050 3117">
    <p class='ocr_par' dir='ltr' id='par_1_15' title="bbox 297 2969 1050 3117">
     <span class='ocr_line' id='line_1_65' title="bbox 299 2969 1050 3019; baseline 0.003 -16"><span class='ocrx_word' id='word_1_395' title='bbox 299 2972 427 3008; x_wconf 64' lang='lat' dir='ltr'>Sechem</span> <span class='ocrx_word' id='word_1_396' title='bbox 440 2970 488 3006; x_wconf 85' lang='lat' dir='ltr'>sed</span> <span class='ocrx_word' id='word_1_397' title='bbox 501 2972 653 3006; x_wconf 87' lang='lat' dir='ltr'>recentior</span> <span class='ocrx_word' id='word_1_398' title='bbox 664 2969 778 3005; x_wconf 69' lang='lat' dir='ltr'>retffius</span> <span class='ocrx_word' id='word_1_399' title='bbox 791 2969 886 3005; x_wconf 90' lang='lat' dir='ltr'>hodie</span> <span class='ocrx_word' id='word_1_400' title='bbox 898 2973 990 3019; x_wconf 84' lang='lat' dir='ltr'>patris</span> <span class='ocrx_word' id='word_1_401' title='bbox 1003 2976 1050 3005; x_wconf 83' lang='lat' dir='ltr'>Se-</span> 
     </span>
     <span class='ocr_line' id='line_1_66' title="bbox 297 3020 388 3054; baseline 0.033 -3"><span class='ocrx_word' id='word_1_402' title='bbox 297 3020 388 3054; x_wconf 82' lang='lat' dir='ltr'>chem.</span> 
     </span>
     <span class='ocr_line' id='line_1_67' title="bbox 348 3068 1048 3117; baseline 0.006 -16"><span class='ocrx_word' id='word_1_403' title='bbox 348 3069 445 3115; x_wconf 81' lang='lat' dir='ltr'>Qod</span> <span class='ocrx_word' id='word_1_404' title='bbox 458 3070 494 3102; x_wconf 86' lang='lat' dir='ltr'>ad</span> <span class='ocrx_word' id='word_1_405' title='bbox 505 3068 667 3103; x_wconf 86' lang='lat' dir='ltr'>secundum</span> <span class='ocrx_word' id='word_1_406' title='bbox 680 3068 854 3116; x_wconf 69' lang='lat' dir='ltr'>quaesitum,</span> <span class='ocrx_word' id='word_1_407' title='bbox 875 3083 939 3117; x_wconf 87' lang='lat' dir='ltr'>quo</span> <span class='ocrx_word' id='word_1_408' title='bbox 953 3071 1048 3117; x_wconf 62' lang='lat' dir='ltr'>paisto</span> 
     </span>
    </p>
   </div>
   <div class='ocr_carea' id='block_1_12' title="bbox 297 3117 1046 3166">
    <p class='ocr_par' dir='ltr' id='par_1_16' title="bbox 297 3117 1046 3166">
     <span class='ocr_line' id='line_1_68' title="bbox 297 3117 1046 3166; baseline 0.005 -17"><span class='ocrx_word' id='word_1_409' title='bbox 297 3129 367 3163; x_wconf 81' lang='lat' dir='ltr'>ager</span> <span class='ocrx_word' id='word_1_410' title='bbox 379 3117 512 3150; x_wconf 73' lang='lat' dir='ltr'>Srchemae</span> <span class='ocrx_word' id='word_1_411' title='bbox 527 3130 646 3165; x_wconf 84' lang='lat' dir='ltr'>emptus</span> <span class='ocrx_word' id='word_1_412' title='bbox 665 3118 698 3151; x_wconf 85' lang='lat' dir='ltr'>sit</span> <span class='ocrx_word' id='word_1_413' title='bbox 710 3128 810 3165; x_wconf 87' lang='lat' dir='ltr'>pretio</span> <span class='ocrx_word' id='word_1_414' title='bbox 824 3121 956 3166; x_wconf 79' lang='lat' dir='ltr'>argenti,</span> <span class='ocrx_word' id='word_1_415' title='bbox 976 3119 1046 3153; x_wconf 75' lang='lat' dir='ltr'>cum</span> 
     </span>
    </p>
   </div>
   <div class='ocr_carea' id='block_1_13' title="bbox 137 3165 1046 3218">
    <p class='ocr_par' dir='ltr' id='par_1_17' title="bbox 137 3165 1046 3218">
     <span class='ocr_line' id='line_1_69' title="bbox 137 3165 1046 3218; baseline 0.008 -21"><span class='ocrx_word' id='word_1_416' title='bbox 137 3170 265 3208; x_wconf 56' lang='lat' dir='ltr'>mistui-stt</span> <span class='ocrx_word' id='word_1_417' title='bbox 295 3165 414 3199; x_wconf 66' lang='lat' dir='ltr'>lacobm</span> <span class='ocrx_word' id='word_1_418' title='bbox 421 3167 500 3200; x_wconf 82' lang='lat' dir='ltr'>Gen.</span> <span class='ocrx_word' id='word_1_419' title='bbox 506 3180 517 3211; x_wconf 75' lang='lat'><em>3</em></span> <span class='ocrx_word' id='word_1_420' title='bbox 522 3180 556 3211; x_wconf 53' lang='lat'>3³</span> <span class='ocrx_word' id='word_1_421' title='bbox 560 3181 592 3208; x_wconf 86' lang='lat'>9.</span> <span class='ocrx_word' id='word_1_422' title='bbox 605 3168 689 3201; x_wconf 85' lang='lat' dir='ltr'>illum</span> <span class='ocrx_word' id='word_1_423' title='bbox 698 3168 805 3202; x_wconf 82' lang='lat' dir='ltr'>emerit</span> <span class='ocrx_word' id='word_1_424' title='bbox 812 3179 934 3204; x_wconf 85' lang='lat' dir='ltr'>centum</span> <span class='ocrx_word' id='word_1_425' title='bbox 943 3170 1046 3218; x_wconf 83' lang='lat' dir='ltr'>agnis?</span> 
     </span>
    </p>
   </div>
   <div class='ocr_carea' id='block_1_14' title="bbox 1074 211 1104 2879">
    <p class='ocr_par' dir='ltr' id='par_1_18' title="bbox 1074 211 1104 2879">
     <span class='ocr_line' id='line_1_70' title="bbox 1074 211 1104 2879; baseline 0 0"><span class='ocrx_word' id='word_1_426' title='bbox 1074 211 1104 2879; x_wconf 95' lang='lat' dir='ltr'> </span> 
     </span>
    </p>
   </div>
   <div class='ocr_carea' id='block_1_15' title="bbox 1047 97 1491 136">
    <p class='ocr_par' dir='ltr' id='par_1_19' title="bbox 1047 97 1491 136">
     <span class='ocr_line' id='line_1_71' title="bbox 1047 97 1491 136; baseline 0 0"><span class='ocrx_word' id='word_1_427' title='bbox 1047 97 1491 136; x_wconf 66' lang='lat' dir='ltr'>Hxszronrcr</span> 
     </span>
    </p>
   </div>
   <div class='ocr_carea' id='block_1_16' title="bbox 1112 169 2033 269">
    <p class='ocr_par' dir='ltr' id='par_1_20' title="bbox 1112 169 2033 269">
     <span class='ocr_line' id='line_1_72' title="bbox 1115 169 2033 220; baseline 0.003 -16"><span class='ocrx_word' id='word_1_428' title='bbox 1115 170 1181 220; x_wconf 82' lang='lat' dir='ltr'>Qi</span> <span class='ocrx_word' id='word_1_429' title='bbox 1194 170 1386 217; x_wconf 87' lang='lat' dir='ltr'>emptionem</span> <span class='ocrx_word' id='word_1_430' title='bbox 1393 169 1567 203; x_wconf 78' lang='lat' dir='ltr'>Abrahami</span> <span class='ocrx_word' id='word_1_431' title='bbox 1573 171 1589 204; x_wconf 73' lang='grc' dir='ltr'>ὲ</span> <span class='ocrx_word' id='word_1_432' title='bbox 1596 171 1737 220; x_wconf 79' lang='lat' dir='ltr'>Stephano</span> <span class='ocrx_word' id='word_1_433' title='bbox 1750 172 1869 207; x_wconf 85' lang='lat' dir='ltr'>intelle-</span> <span class='ocrx_word' id='word_1_434' title='bbox 1879 173 1993 211; x_wconf 63' lang='lat' dir='ltr'>pecunai,</span> <span class='ocrx_word' id='word_1_435' title='bbox 1999 183 2033 202; x_wconf 74' lang='lat' dir='ltr'>an</span> 
     </span>
     <span class='ocr_line' id='line_1_73' title="bbox 1112 216 1973 269; baseline 0 -15"><span class='ocrx_word' id='word_1_436' title='bbox 1112 220 1194 254; x_wconf 66' lang='lat' dir='ltr'>&amp;am</span> <span class='ocrx_word' id='word_1_437' title='bbox 1209 220 1334 259; x_wconf 87' lang='lat' dir='ltr'>volunt,</span> <span class='ocrx_word' id='word_1_438' title='bbox 1353 232 1419 253; x_wconf 91' lang='lat' dir='ltr'>non</span> <span class='ocrx_word' id='word_1_439' title='bbox 1431 219 1482 253; x_wconf 82' lang='lat' dir='ltr'>hic</span> <span class='ocrx_word' id='word_1_440' title='bbox 1494 219 1780 266; x_wconf 82' lang='lat' dir='ltr'>constringuuntur,</span> <span class='ocrx_word' id='word_1_441' title='bbox 1797 223 1870 269; x_wconf 79' lang='lat' dir='ltr'>quia.</span> <span class='ocrx_word' id='word_1_442' title='bbox 1881 216 1950 251; x_wconf 69' lang='lat' dir='ltr'>agnis</span> <span class='ocrx_word' id='word_1_443' title='bbox 1961 219 1973 240; x_wconf 70' lang='lat'>³</span> 
     </span>
    </p>
   </div>
   <div class='ocr_carea' id='block_1_17' title="bbox 1083 268 1869 3162">
    <p class='ocr_par' dir='ltr' id='par_1_21' title="bbox 1099 268 1869 2031">
     <span class='ocr_line' id='line_1_74' title="bbox 1111 268 1868 317; baseline 0.004 -14"><span class='ocrx_word' id='word_1_444' title='bbox 1111 269 1306 303; x_wconf 86' lang='lat' dir='ltr'>manifestum</span> <span class='ocrx_word' id='word_1_445' title='bbox 1313 269 1357 303; x_wconf 81' lang='lat' dir='ltr'>est</span> <span class='ocrx_word' id='word_1_446' title='bbox 1363 268 1525 302; x_wconf 77' lang='lat' dir='ltr'>Abraham</span> <span class='ocrx_word' id='word_1_447' title='bbox 1533 269 1686 315; x_wconf 86' lang='lat' dir='ltr'>duplicem</span> <span class='ocrx_word' id='word_1_448' title='bbox 1697 269 1868 317; x_wconf 85' lang='lat' dir='ltr'>speluncam</span> 
     </span>
     <span class='ocr_line' id='line_1_75' title="bbox 1113 318 1868 363; baseline 0.001 -10"><span class='ocrx_word' id='word_1_449' title='bbox 1113 319 1273 353; x_wconf 87' lang='lat' dir='ltr'>Hebronis</span> <span class='ocrx_word' id='word_1_450' title='bbox 1292 318 1448 352; x_wconf 57' lang='lat' dir='ltr'>numerarii</span> <span class='ocrx_word' id='word_1_451' title='bbox 1460 319 1589 363; x_wconf 70' lang='lat' dir='ltr'>pecunia</span> <span class='ocrx_word' id='word_1_452' title='bbox 1602 318 1771 353; x_wconf 82' lang='lat' dir='ltr'>redemisse.</span> <span class='ocrx_word' id='word_1_453' title='bbox 1799 323 1868 354; x_wconf 85' lang='lat' dir='ltr'>Imo</span> 
     </span>
     <span class='ocr_line' id='line_1_76' title="bbox 1112 366 1868 415; baseline 0.003 -13"><span class='ocrx_word' id='word_1_454' title='bbox 1112 368 1184 402; x_wconf 83' lang='lat' dir='ltr'>hinc</span> <span class='ocrx_word' id='word_1_455' title='bbox 1203 369 1380 414; x_wconf 84' lang='lat' dir='ltr'>primarium</span> <span class='ocrx_word' id='word_1_456' title='bbox 1409 378 1631 415; x_wconf 81' lang='lat' dir='ltr'>argumentum·</span> <span class='ocrx_word' id='word_1_457' title='bbox 1649 366 1810 402; x_wconf 85' lang='lat' dir='ltr'>desumunt</span> <span class='ocrx_word' id='word_1_458' title='bbox 1834 382 1868 404; x_wconf 86' lang='lat' dir='ltr'>ut</span> 
     </span>
     <span class='ocr_line' id='line_1_77' title="bbox 1112 416 1868 465; baseline 0.003 -15"><span class='ocrx_word' id='word_1_459' title='bbox 1112 416 1247 464; x_wconf 88' lang='lat' dir='ltr'>probent</span> <span class='ocrx_word' id='word_1_460' title='bbox 1262 418 1454 463; x_wconf 87' lang='lat' dir='ltr'>emptionem</span> <span class='ocrx_word' id='word_1_461' title='bbox 1468 417 1610 465; x_wconf 77' lang='lat' dir='ltr'>Stephani</span> <span class='ocrx_word' id='word_1_462' title='bbox 1621 430 1685 450; x_wconf 91' lang='lat' dir='ltr'>non</span> <span class='ocrx_word' id='word_1_463' title='bbox 1697 419 1734 452; x_wconf 88' lang='lat' dir='ltr'>de</span> <span class='ocrx_word' id='word_1_464' title='bbox 1743 418 1868 465; x_wconf 88' lang='lat' dir='ltr'>Jacobo</span> 
     </span>
     <span class='ocr_line' id='line_1_78' title="bbox 1115 465 1869 514; baseline 0.003 -15"><span class='ocrx_word' id='word_1_465' title='bbox 1115 466 1241 512; x_wconf 81' lang='lat' dir='ltr'>exponi,</span> <span class='ocrx_word' id='word_1_466' title='bbox 1252 467 1305 512; x_wconf 88' lang='lat' dir='ltr'>qui</span> <span class='ocrx_word' id='word_1_467' title='bbox 1314 467 1428 500; x_wconf 89' lang='lat' dir='ltr'>nullam</span> <span class='ocrx_word' id='word_1_468' title='bbox 1438 467 1602 513; x_wconf 86' lang='lat' dir='ltr'>pecuniam</span> <span class='ocrx_word' id='word_1_469' title='bbox 1613 465 1662 501; x_wconf 89' lang='lat' dir='ltr'>sed</span> <span class='ocrx_word' id='word_1_470' title='bbox 1676 465 1757 501; x_wconf 89' lang='lat' dir='ltr'>solos</span> <span class='ocrx_word' id='word_1_471' title='bbox 1770 475 1869 514; x_wconf 79' lang='lat' dir='ltr'>&#39;agnos</span> 
     </span>
     <span class='ocr_line' id='line_1_79' title="bbox 1118 513 1869 563; baseline 0.005 -16"><span class='ocrx_word' id='word_1_472' title='bbox 1118 514 1201 548; x_wconf 89' lang='lat' dir='ltr'>dedit</span> <span class='ocrx_word' id='word_1_473' title='bbox 1213 526 1271 561; x_wconf 90' lang='lat' dir='ltr'>pro</span> <span class='ocrx_word' id='word_1_474' title='bbox 1285 513 1339 548; x_wconf 92' lang='lat' dir='ltr'>suo</span> <span class='ocrx_word' id='word_1_475' title='bbox 1351 516 1462 563; x_wconf 84' lang='lat' dir='ltr'>agellO.</span> <span class='ocrx_word' id='word_1_476' title='bbox 1498 513 1672 561; x_wconf 80' lang='lat' dir='ltr'>Responsio</span> <span class='ocrx_word' id='word_1_477' title='bbox 1689 527 1791 550; x_wconf 88' lang='lat' dir='ltr'>tamen</span> <span class='ocrx_word' id='word_1_478' title='bbox 1804 529 1869 551; x_wconf 88' lang='lat' dir='ltr'>non</span> 
     </span>
     <span class='ocr_line' id='line_1_80' title="bbox 1119 571 1868 627; baseline 0.005 -21"><span class='ocrx_word' id='word_1_479' title='bbox 1119 571 1163 606; x_wconf 92' lang='lat' dir='ltr'>est</span> <span class='ocrx_word' id='word_1_480' title='bbox 1175 571 1324 613; x_wconf 83' lang='lat' dir='ltr'>difficilis,</span> <span class='ocrx_word' id='word_1_481' title='bbox 1339 586 1410 607; x_wconf 90' lang='lat' dir='ltr'>nam</span> <span class='ocrx_word' id='word_1_482' title='bbox 1424 586 1483 609; x_wconf 82' lang='lat' dir='ltr'>vox</span> <span class='ocrx_word' id='word_1_483' title='bbox 1496 574 1630 627; x_wconf 57' lang='grc' dir='ltr'>ΓΙῗῼἾΨΡ</span> <span class='ocrx_word' id='word_1_484' title='bbox 1642 574 1788 623; x_wconf 85' lang='lat' dir='ltr'>significat</span> <span class='ocrx_word' id='word_1_485' title='bbox 1802 589 1868 611; x_wconf 88' lang='lat' dir='ltr'>non</span> 
     </span>
     <span class='ocr_line' id='line_1_81' title="bbox 1114 624 1868 678; baseline 0.005 -17"><span class='ocrx_word' id='word_1_486' title='bbox 1114 628 1214 662; x_wconf 88' lang='lat' dir='ltr'>minus</span> <span class='ocrx_word' id='word_1_487' title='bbox 1227 641 1389 663; x_wconf 87' lang='lat' dir='ltr'>nummum</span> <span class='ocrx_word' id='word_1_488' title='bbox 1402 629 1494 676; x_wconf 74' lang='lat' dir='ltr'>quam</span> <span class='ocrx_word' id='word_1_489' title='bbox 1506 624 1643 678; x_wconf 43' lang='lat' dir='ltr'>agnum-5</span> <span class='ocrx_word' id='word_1_490' title='bbox 1668 641 1754 666; x_wconf 89' lang='lat' dir='ltr'>vetus</span> <span class='ocrx_word' id='word_1_491' title='bbox 1766 641 1868 665; x_wconf 86' lang='lat' dir='ltr'>tamen</span> 
     </span>
     <span class='ocr_line' id='line_1_82' title="bbox 1113 679 1868 720; baseline 0.004 -9"><span class='ocrx_word' id='word_1_492' title='bbox 1113 679 1256 717; x_wconf 84' lang='lat' dir='ltr'>Latinus,</span> <span class='ocrx_word' id='word_1_493' title='bbox 1278 679 1369 713; x_wconf 89' lang='lat' dir='ltr'>etiam</span> <span class='ocrx_word' id='word_1_494' title='bbox 1385 682 1506 720; x_wconf 73' lang='lat' dir='ltr'>lunius,</span> <span class='ocrx_word' id='word_1_495' title='bbox 1525 685 1557 715; x_wconf 85' lang='lat'>&amp;</span> <span class='ocrx_word' id='word_1_496' title='bbox 1571 692 1680 714; x_wconf 88' lang='lat' dir='ltr'>omnes</span> <span class='ocrx_word' id='word_1_497' title='bbox 1692 679 1787 714; x_wconf 85' lang='lat' dir='ltr'>hodie</span> <span class='ocrx_word' id='word_1_498' title='bbox 1799 693 1868 715; x_wconf 90' lang='lat' dir='ltr'>ver-</span> 
     </span>
     <span class='ocr_line' id='line_1_83' title="bbox 1113 725 1867 777; baseline 0.007 -18"><span class='ocrx_word' id='word_1_499' title='bbox 1113 725 1212 761; x_wconf 90' lang='lat' dir='ltr'>siones</span> <span class='ocrx_word' id='word_1_500' title='bbox 1225 728 1370 776; x_wconf 67' lang='lat' dir='ltr'>vulgatae,</span> <span class='ocrx_word' id='word_1_501' title='bbox 1389 729 1519 776; x_wconf 81' lang='lat' dir='ltr'>Anglica</span> <span class='ocrx_word' id='word_1_502' title='bbox 1532 741 1594 764; x_wconf 84' lang='lat' dir='ltr'>tam</span> <span class='ocrx_word' id='word_1_503' title='bbox 1606 740 1689 764; x_wconf 89' lang='lat' dir='ltr'>vetus</span> <span class='ocrx_word' id='word_1_504' title='bbox 1701 729 1794 777; x_wconf 76' lang='lat' dir='ltr'>quam</span> <span class='ocrx_word' id='word_1_505' title='bbox 1806 742 1867 763; x_wconf 90' lang='lat' dir='ltr'>no—</span> 
     </span>
     <span class='ocr_line' id='line_1_84' title="bbox 1112 777 1866 824; baseline 0.003 -14"><span class='ocrx_word' id='word_1_506' title='bbox 1112 788 1164 815; x_wconf 90' lang='lat' dir='ltr'>va,</span> <span class='ocrx_word' id='word_1_507' title='bbox 1178 777 1318 824; x_wconf 83' lang='lat' dir='ltr'>Belgica,</span> <span class='ocrx_word' id='word_1_508' title='bbox 1335 777 1471 818; x_wconf 83' lang='lat' dir='ltr'>Gallica,</span> <span class='ocrx_word' id='word_1_509' title='bbox 1485 780 1635 816; x_wconf 84' lang='lat' dir='ltr'>&amp;Italica,</span> <span class='ocrx_word' id='word_1_510' title='bbox 1648 789 1866 814; x_wconf 83' lang='lat' dir='ltr'>vertuntnum-</span> 
     </span>
     <span class='ocr_line' id='line_1_85' title="bbox 1112 823 1868 877; baseline 0.009 -21"><span class='ocrx_word' id='word_1_511' title='bbox 1112 837 1190 864; x_wconf 88' lang='lat' dir='ltr'>mos,</span> <span class='ocrx_word' id='word_1_512' title='bbox 1205 823 1370 873; x_wconf 67' lang='lat' dir='ltr'>forte‘quia</span> <span class='ocrx_word' id='word_1_513' title='bbox 1382 830 1575 863; x_wconf 77' lang='lat' dir='ltr'>nummitum</span> <span class='ocrx_word' id='word_1_514' title='bbox 1589 828 1782 877; x_wconf 76' lang='lat' dir='ltr'>signabantur</span> <span class='ocrx_word' id='word_1_515' title='bbox 1793 829 1868 862; x_wconf 90' lang='lat' dir='ltr'>ima-</span> 
     </span>
     <span class='ocr_line' id='line_1_86' title="bbox 1112 874 1868 925; baseline 0.007 -18"><span class='ocrx_word' id='word_1_516' title='bbox 1112 874 1184 921; x_wconf 85' lang='lat' dir='ltr'>gine</span> <span class='ocrx_word' id='word_1_517' title='bbox 1196 875 1279 922; x_wconf 83' lang='lat' dir='ltr'>agni,</span> <span class='ocrx_word' id='word_1_518' title='bbox 1296 886 1328 909; x_wconf 92' lang='lat' dir='ltr'>ut</span> <span class='ocrx_word' id='word_1_519' title='bbox 1337 876 1414 909; x_wconf 90' lang='lat' dir='ltr'>olim</span> <span class='ocrx_word' id='word_1_520' title='bbox 1422 878 1524 911; x_wconf 86' lang='lat' dir='ltr'>omnis</span> <span class='ocrx_word' id='word_1_521' title='bbox 1532 880 1658 924; x_wconf 88' lang='lat' dir='ltr'>pecunia</span> <span class='ocrx_word' id='word_1_522' title='bbox 1671 878 1805 925; x_wconf 83' lang='lat' dir='ltr'>gestabat</span> <span class='ocrx_word' id='word_1_523' title='bbox 1812 891 1868 925; x_wconf 89' lang='lat' dir='ltr'>pe-</span> 
     </span>
     <span class='ocr_line' id='line_1_87' title="bbox 1111 923 1866 974; baseline 0.007 -18"><span class='ocrx_word' id='word_1_524' title='bbox 1111 923 1380 972; x_wconf 86' lang='lat' dir='ltr'>cudisimaginem:</span> <span class='ocrx_word' id='word_1_525' title='bbox 1389 937 1458 960; x_wconf 90' lang='lat' dir='ltr'>nam</span> <span class='ocrx_word' id='word_1_526' title='bbox 1471 938 1539 960; x_wconf 91' lang='lat' dir='ltr'>ante</span> <span class='ocrx_word' id='word_1_527' title='bbox 1546 939 1692 961; x_wconf 81' lang='lat' dir='ltr'>nummos</span> <span class='ocrx_word' id='word_1_528' title='bbox 1698 927 1866 974; x_wconf 88' lang='lat' dir='ltr'>pecudibus</span> 
     </span>
     <span class='ocr_line' id='line_1_88' title="bbox 1110 974 1864 1012; baseline 0.005 -6"><span class='ocrx_word' id='word_1_529' title='bbox 1110 974 1313 1008; x_wconf 85' lang='lat' dir='ltr'>mercimonia</span> <span class='ocrx_word' id='word_1_530' title='bbox 1325 975 1600 1010; x_wconf 86' lang='lat' dir='ltr'>commutabantur.</span> <span class='ocrx_word' id='word_1_531' title='bbox 1627 979 1699 1012; x_wconf 86' lang='lat' dir='ltr'>Vox</span> <span class='ocrx_word' id='word_1_532' title='bbox 1713 977 1744 1009; x_wconf 90' lang='lat' dir='ltr'>in</span> <span class='ocrx_word' id='word_1_533' title='bbox 1756 976 1864 1010; x_wconf 89' lang='lat' dir='ltr'>Bibliis</span> 
     </span>
     <span class='ocr_line' id='line_1_89' title="bbox 1109 1022 1864 1071; baseline 0.005 -16"><span class='ocrx_word' id='word_1_534' title='bbox 1109 1034 1173 1056; x_wconf 90' lang='lat' dir='ltr'>non</span> <span class='ocrx_word' id='word_1_535' title='bbox 1186 1022 1316 1057; x_wconf 87' lang='lat' dir='ltr'>habetur</span> <span class='ocrx_word' id='word_1_536' title='bbox 1328 1023 1382 1058; x_wconf 86' lang='lat' dir='ltr'>nisi</span> <span class='ocrx_word' id='word_1_537' title='bbox 1394 1035 1449 1059; x_wconf 85' lang='lat' dir='ltr'>ter.</span> <span class='ocrx_word' id='word_1_538' title='bbox 1477 1025 1584 1060; x_wconf 76' lang='lat' dir='ltr'>Primo</span> <span class='ocrx_word' id='word_1_539' title='bbox 1598 1023 1712 1059; x_wconf 90' lang='lat' dir='ltr'>Genes.</span> <span class='ocrx_word' id='word_1_540' title='bbox 1720 1036 1797 1071; x_wconf 81' lang='lat'>3.19.</span> <span class='ocrx_word' id='word_1_541' title='bbox 1811 1028 1864 1059; x_wconf 89' lang='lat' dir='ltr'>Se-</span> 
     </span>
     <span class='ocr_line' id='line_1_90' title="bbox 1108 1071 1862 1122; baseline 0.005 -17"><span class='ocrx_word' id='word_1_542' title='bbox 1108 1071 1226 1106; x_wconf 76' lang='lat' dir='ltr'>cundo.</span> <span class='ocrx_word' id='word_1_543' title='bbox 1249 1071 1350 1120; x_wconf 81' lang='lat' dir='ltr'>Josuae</span> <span class='ocrx_word' id='word_1_544' title='bbox 1364 1087 1415 1120; x_wconf 85' lang='lat'>24.</span> <span class='ocrx_word' id='word_1_545' title='bbox 1432 1086 1473 1109; x_wconf 91' lang='lat'>11.</span> <span class='ocrx_word' id='word_1_546' title='bbox 1494 1075 1547 1108; x_wconf 92' lang='lat' dir='ltr'>ubi</span> <span class='ocrx_word' id='word_1_547' title='bbox 1561 1075 1667 1109; x_wconf 90' lang='lat' dir='ltr'>eadem</span> <span class='ocrx_word' id='word_1_548' title='bbox 1679 1072 1802 1122; x_wconf 86' lang='lat' dir='ltr'>prorsus</span> <span class='ocrx_word' id='word_1_549' title='bbox 1818 1074 1862 1109; x_wconf 89' lang='lat' dir='ltr'>est</span> 
     </span>
     <span class='ocr_line' id='line_1_91' title="bbox 1108 1119 1860 1171; baseline 0.004 -16"><span class='ocrx_word' id='word_1_550' title='bbox 1108 1119 1251 1156; x_wconf 73' lang='lat' dir='ltr'>stutentia</span> <span class='ocrx_word' id='word_1_551' title='bbox 1263 1135 1330 1170; x_wconf 86' lang='lat' dir='ltr'>quae</span> <span class='ocrx_word' id='word_1_552' title='bbox 1341 1121 1399 1157; x_wconf 92' lang='lat' dir='ltr'>fuit</span> <span class='ocrx_word' id='word_1_553' title='bbox 1412 1125 1444 1157; x_wconf 92' lang='lat' dir='ltr'>in</span> <span class='ocrx_word' id='word_1_554' title='bbox 1457 1123 1574 1158; x_wconf 78' lang='lat' dir='ltr'>Genesi</span> <span class='ocrx_word' id='word_1_555' title='bbox 1587 1148 1597 1163; x_wconf 92' lang='lat'>,</span> <span class='ocrx_word' id='word_1_556' title='bbox 1624 1128 1656 1159; x_wconf 85' lang='lat'>&amp;</span> <span class='ocrx_word' id='word_1_557' title='bbox 1675 1124 1768 1158; x_wconf 89' lang='lat' dir='ltr'>tertio</span> <span class='ocrx_word' id='word_1_558' title='bbox 1781 1123 1860 1171; x_wconf 87' lang='lat' dir='ltr'>Jobi</span> 
     </span>
     <span class='ocr_line' id='line_1_92' title="bbox 1107 1171 1862 1220; baseline 0.004 -16"><span class='ocrx_word' id='word_1_559' title='bbox 1107 1183 1158 1215; x_wconf 83' lang='lat'>42.</span> <span class='ocrx_word' id='word_1_560' title='bbox 1170 1183 1208 1204; x_wconf 86' lang='lat'>11.</span> <span class='ocrx_word' id='word_1_561' title='bbox 1224 1171 1276 1205; x_wconf 91' lang='lat' dir='ltr'>ubi</span> <span class='ocrx_word' id='word_1_562' title='bbox 1288 1185 1334 1206; x_wconf 87' lang='lat' dir='ltr'>res</span> <span class='ocrx_word' id='word_1_563' title='bbox 1342 1171 1546 1220; x_wconf 85' lang='lat' dir='ltr'>ipsaloquitur</span> <span class='ocrx_word' id='word_1_564' title='bbox 1558 1171 1796 1208; x_wconf 80' lang='lat' dir='ltr'>transferendam</span> <span class='ocrx_word' id='word_1_565' title='bbox 1804 1184 1862 1220; x_wconf 90' lang='lat' dir='ltr'>po-</span> 
     </span>
     <span class='ocr_line' id='line_1_93' title="bbox 1105 1219 1861 1271; baseline 0.005 -19"><span class='ocrx_word' id='word_1_566' title='bbox 1105 1219 1165 1253; x_wconf 76' lang='lat' dir='ltr'>tius</span> <span class='ocrx_word' id='word_1_567' title='bbox 1178 1232 1232 1266; x_wconf 91' lang='lat' dir='ltr'>per</span> <span class='ocrx_word' id='word_1_568' title='bbox 1242 1234 1402 1265; x_wconf 66' lang='lat' dir='ltr'>nummum</span> <span class='ocrx_word' id='word_1_569' title='bbox 1415 1222 1508 1268; x_wconf 65' lang='lat' dir='ltr'>quam</span> <span class='ocrx_word' id='word_1_570' title='bbox 1520 1235 1640 1271; x_wconf 77' lang='lat' dir='ltr'>agnum.</span> <span class='ocrx_word' id='word_1_571' title='bbox 1671 1221 1783 1257; x_wconf 84' lang='lat' dir='ltr'>Videte</span> <span class='ocrx_word' id='word_1_572' title='bbox 1795 1235 1861 1256; x_wconf 89' lang='lat' dir='ltr'>non</span> 
     </span>
     <span class='ocr_line' id='line_1_94' title="bbox 1105 1267 1860 1319; baseline 0.007 -18"><span class='ocrx_word' id='word_1_573' title='bbox 1105 1267 1222 1302; x_wconf 73' lang='lat' dir='ltr'>tantum</span> <span class='ocrx_word' id='word_1_574' title='bbox 1230 1271 1409 1319; x_wconf 76' lang='lat' dir='ltr'>Buxtorphzi</span> <span class='ocrx_word' id='word_1_575' title='bbox 1415 1272 1648 1306; x_wconf 68' lang='lat' dir='ltr'>Dietionarium</span> <span class='ocrx_word' id='word_1_576' title='bbox 1656 1272 1860 1312; x_wconf 86' lang='lat' dir='ltr'>Hebraicum,</span> 
     </span>
     <span class='ocr_line' id='line_1_95' title="bbox 1105 1319 1860 1366; baseline 0.003 -14"><span class='ocrx_word' id='word_1_577' title='bbox 1105 1321 1136 1352; x_wconf 89' lang='lat'>&amp;</span> <span class='ocrx_word' id='word_1_578' title='bbox 1143 1320 1270 1366; x_wconf 69' lang='lat' dir='ltr'>Pagnim&#39;</span> <span class='ocrx_word' id='word_1_579' title='bbox 1276 1319 1466 1355; x_wconf 86' lang='lat' dir='ltr'>Thesaurum</span> <span class='ocrx_word' id='word_1_580' title='bbox 1474 1334 1544 1355; x_wconf 90' lang='lat' dir='ltr'>cum</span> <span class='ocrx_word' id='word_1_581' title='bbox 1553 1321 1759 1356; x_wconf 86' lang='lat' dir='ltr'>additionibus</span> <span class='ocrx_word' id='word_1_582' title='bbox 1766 1324 1860 1355; x_wconf 87' lang='lat' dir='ltr'>Mer-</span> 
     </span>
     <span class='ocr_line' id='line_1_96' title="bbox 1104 1369 1858 1417; baseline 0.008 -18"><span class='ocrx_word' id='word_1_583' title='bbox 1104 1370 1165 1400; x_wconf 82' lang='lat' dir='ltr'>ceri</span> <span class='ocrx_word' id='word_1_584' title='bbox 1182 1372 1213 1403; x_wconf 90' lang='lat'>&amp;</span> <span class='ocrx_word' id='word_1_585' title='bbox 1228 1369 1414 1417; x_wconf 76' lang='lat' dir='ltr'>‘Buxtorpht&#39;i</span> <span class='ocrx_word' id='word_1_586' title='bbox 1430 1369 1486 1403; x_wconf 89' lang='lat' dir='ltr'>filii</span> <span class='ocrx_word' id='word_1_587' title='bbox 1506 1371 1741 1405; x_wconf 70' lang='lat' dir='ltr'>Dietionariurn</span> <span class='ocrx_word' id='word_1_588' title='bbox 1761 1370 1858 1405; x_wconf 88' lang='lat' dir='ltr'>Chal-</span> 
     </span>
     <span class='ocr_line' id='line_1_97' title="bbox 1105 1416 1857 1466; baseline 0.003 -16"><span class='ocrx_word' id='word_1_589' title='bbox 1105 1417 1223 1451; x_wconf 87' lang='lat' dir='ltr'>daicum</span> <span class='ocrx_word' id='word_1_590' title='bbox 1232 1442 1242 1457; x_wconf 92' lang='lat'>,</span> <span class='ocrx_word' id='word_1_591' title='bbox 1263 1416 1311 1452; x_wconf 85' lang='lat' dir='ltr'>sed</span> <span class='ocrx_word' id='word_1_592' title='bbox 1326 1419 1466 1466; x_wconf 86' lang='lat' dir='ltr'>inprimis</span> <span class='ocrx_word' id='word_1_593' title='bbox 1478 1420 1610 1455; x_wconf 83' lang='lat' dir='ltr'>Radices</span> <span class='ocrx_word' id='word_1_594' title='bbox 1625 1420 1731 1454; x_wconf 85' lang='lat' dir='ltr'>Rabbi</span> <span class='ocrx_word' id='word_1_595' title='bbox 1746 1422 1857 1453; x_wconf 78' lang='lat' dir='ltr'>‘Davi-</span> 
     </span>
     <span class='ocr_line' id='line_1_98' title="bbox 1102 1480 1857 1531; baseline 0.001 -16"><span class='ocrx_word' id='word_1_596' title='bbox 1102 1480 1147 1513; x_wconf 73' lang='lat' dir='ltr'>dis</span> <span class='ocrx_word' id='word_1_597' title='bbox 1161 1481 1284 1515; x_wconf 83' lang='lat' dir='ltr'>Kimchi</span> <span class='ocrx_word' id='word_1_598' title='bbox 1300 1482 1337 1516; x_wconf 88' lang='lat' dir='ltr'>ad</span> <span class='ocrx_word' id='word_1_599' title='bbox 1349 1494 1461 1516; x_wconf 89' lang='lat' dir='ltr'>vocem</span> <span class='ocrx_word' id='word_1_600' title='bbox 1474 1481 1606 1531; x_wconf 56' lang='grc' dir='ltr'>ΠΓῼἯΣΡ</span> <span class='ocrx_word' id='word_1_601' title='bbox 1626 1481 1788 1515; x_wconf 88' lang='lat' dir='ltr'>invenietis</span> <span class='ocrx_word' id='word_1_602' title='bbox 1800 1494 1857 1516; x_wconf 42' lang='lat' dir='ltr'>voa</span> 
     </span>
     <span class='ocr_line' id='line_1_99' title="bbox 1102 1535 1858 1583; baseline 0.001 -13"><span class='ocrx_word' id='word_1_603' title='bbox 1102 1537 1314 1571; x_wconf 79' lang='lat' dir='ltr'>cabulumhoc</span> <span class='ocrx_word' id='word_1_604' title='bbox 1327 1537 1440 1571; x_wconf 66' lang='lat' dir='ltr'>metitis</span> <span class='ocrx_word' id='word_1_605' title='bbox 1455 1535 1532 1571; x_wconf 88' lang='lat' dir='ltr'>verti</span> <span class='ocrx_word' id='word_1_606' title='bbox 1539 1547 1591 1581; x_wconf 89' lang='lat' dir='ltr'>per</span> <span class='ocrx_word' id='word_1_607' title='bbox 1599 1547 1758 1569; x_wconf 77' lang='lat' dir='ltr'>nummum</span> <span class='ocrx_word' id='word_1_608' title='bbox 1765 1536 1858 1583; x_wconf 68' lang='lat' dir='ltr'>quam</span> 
     </span>
     <span class='ocr_line' id='line_1_100' title="bbox 1102 1583 1858 1634; baseline 0.001 -15"><span class='ocrx_word' id='word_1_609' title='bbox 1102 1598 1227 1634; x_wconf 77' lang='lat' dir='ltr'>agnum:</span> <span class='ocrx_word' id='word_1_610' title='bbox 1243 1599 1276 1621; x_wconf 91' lang='lat' dir='ltr'>ac</span> <span class='ocrx_word' id='word_1_611' title='bbox 1290 1587 1396 1620; x_wconf 84' lang='lat' dir='ltr'>Rabbi</span> <span class='ocrx_word' id='word_1_612' title='bbox 1409 1583 1546 1629; x_wconf 61' lang='lat' dir='ltr'>AQbam</span> <span class='ocrx_word' id='word_1_613' title='bbox 1561 1585 1577 1630; x_wconf 88' lang='lat'>(</span> <span class='ocrx_word' id='word_1_614' title='bbox 1586 1597 1649 1618; x_wconf 89' lang='lat' dir='ltr'>non</span> <span class='ocrx_word' id='word_1_615' title='bbox 1657 1596 1689 1619; x_wconf 91' lang='lat' dir='ltr'>ut</span> <span class='ocrx_word' id='word_1_616' title='bbox 1702 1585 1779 1621; x_wconf 74' lang='lat' dir='ltr'>male</span> <span class='ocrx_word' id='word_1_617' title='bbox 1787 1583 1858 1620; x_wconf 86' lang='lat' dir='ltr'>scri-</span> 
     </span>
     <span class='ocr_line' id='line_1_101' title="bbox 1103 1632 1859 1682; baseline -0.001 -13"><span class='ocrx_word' id='word_1_618' title='bbox 1103 1636 1149 1669; x_wconf 91' lang='lat' dir='ltr'>bit</span> <span class='ocrx_word' id='word_1_619' title='bbox 1163 1636 1342 1671; x_wconf 77' lang='lat' dir='ltr'>Hamondus</span> <span class='ocrx_word' id='word_1_620' title='bbox 1355 1636 1463 1670; x_wconf 86' lang='lat' dir='ltr'>Rabbi</span> <span class='ocrx_word' id='word_1_621' title='bbox 1476 1634 1646 1682; x_wconf 89' lang='lat' dir='ltr'>Aquilam)</span> <span class='ocrx_word' id='word_1_622' title='bbox 1661 1635 1692 1668; x_wconf 92' lang='lat' dir='ltr'>in</span> <span class='ocrx_word' id='word_1_623' title='bbox 1700 1632 1751 1671; x_wconf 68' lang='lat' dir='ltr'>sua</span> <span class='ocrx_word' id='word_1_624' title='bbox 1766 1647 1859 1682; x_wconf 86' lang='lat' dir='ltr'>pere-</span> 
     </span>
     <span class='ocr_line' id='line_1_102' title="bbox 1103 1683 1859 1734; baseline 0 -16"><span class='ocrx_word' id='word_1_625' title='bbox 1103 1686 1276 1732; x_wconf 82' lang='lat' dir='ltr'>grinatione</span> <span class='ocrx_word' id='word_1_626' title='bbox 1296 1685 1432 1721; x_wconf 75' lang='lat' dir='ltr'>Arabica</span> <span class='ocrx_word' id='word_1_627' title='bbox 1455 1685 1543 1730; x_wconf 85' lang='lat' dir='ltr'>(non</span> <span class='ocrx_word' id='word_1_628' title='bbox 1555 1694 1588 1718; x_wconf 90' lang='lat' dir='ltr'>ut</span> <span class='ocrx_word' id='word_1_629' title='bbox 1603 1685 1806 1734; x_wconf 79' lang='lat' dir='ltr'>Buxtorphius</span> <span class='ocrx_word' id='word_1_630' title='bbox 1819 1683 1859 1718; x_wconf 87' lang='lat' dir='ltr'>fi-</span> 
     </span>
     <span class='ocr_line' id='line_1_103' title="bbox 1102 1733 1859 1782; baseline 0 -14"><span class='ocrx_word' id='word_1_631' title='bbox 1102 1736 1175 1776; x_wconf 88' lang='lat' dir='ltr'>lius,</span> <span class='ocrx_word' id='word_1_632' title='bbox 1202 1733 1376 1782; x_wconf 75' lang='lat' dir='ltr'>Africana)</span> <span class='ocrx_word' id='word_1_633' title='bbox 1405 1733 1585 1781; x_wconf 75' lang='lat' dir='ltr'>comperisse</span> <span class='ocrx_word' id='word_1_634' title='bbox 1610 1734 1727 1768; x_wconf 85' lang='lat' dir='ltr'>Arabas</span> <span class='ocrx_word' id='word_1_635' title='bbox 1750 1735 1766 1780; x_wconf 91' lang='lat'>(</span> <span class='ocrx_word' id='word_1_636' title='bbox 1779 1734 1859 1781; x_wconf 86' lang='lat' dir='ltr'>apud</span> 
     </span>
     <span class='ocr_line' id='line_1_104' title="bbox 1102 1783 1859 1832; baseline -0.001 -13"><span class='ocrx_word' id='word_1_637' title='bbox 1102 1797 1181 1832; x_wconf 88' lang='lat' dir='ltr'>quos</span> <span class='ocrx_word' id='word_1_638' title='bbox 1196 1787 1228 1819; x_wconf 89' lang='lat' dir='ltr'>in</span> <span class='ocrx_word' id='word_1_639' title='bbox 1247 1785 1358 1831; x_wconf 84' lang='lat' dir='ltr'>majori</span> <span class='ocrx_word' id='word_1_640' title='bbox 1377 1784 1428 1819; x_wconf 88' lang='lat' dir='ltr'>usu</span> <span class='ocrx_word' id='word_1_641' title='bbox 1447 1784 1512 1818; x_wconf 80' lang='lat' dir='ltr'>haec</span> <span class='ocrx_word' id='word_1_642' title='bbox 1532 1786 1563 1817; x_wconf 72' lang='grc' dir='ltr'>δε</span> <span class='ocrx_word' id='word_1_643' title='bbox 1577 1783 1678 1819; x_wconf 88' lang='lat' dir='ltr'>multae</span> <span class='ocrx_word' id='word_1_644' title='bbox 1691 1784 1753 1818; x_wconf 88' lang='lat' dir='ltr'>aliae</span> <span class='ocrx_word' id='word_1_645' title='bbox 1764 1796 1859 1818; x_wconf 85' lang='lat' dir='ltr'>voces</span> 
     </span>
     <span class='ocr_line' id='line_1_105' title="bbox 1101 1830 1857 1882; baseline -0.003 -13"><span class='ocrx_word' id='word_1_646' title='bbox 1101 1835 1193 1881; x_wconf 69' lang='lat' dir='ltr'>quam</span> <span class='ocrx_word' id='word_1_647' title='bbox 1208 1835 1287 1882; x_wconf 89' lang='lat' dir='ltr'>apud</span> <span class='ocrx_word' id='word_1_648' title='bbox 1302 1834 1480 1879; x_wconf 86' lang='lat' dir='ltr'>Hebraeos)</span> <span class='ocrx_word' id='word_1_649' title='bbox 1499 1830 1638 1879; x_wconf 84' lang='lat' dir='ltr'>usurpare</span> <span class='ocrx_word' id='word_1_650' title='bbox 1656 1846 1722 1867; x_wconf 89' lang='lat' dir='ltr'>eam</span> <span class='ocrx_word' id='word_1_651' title='bbox 1739 1831 1857 1880; x_wconf 87' lang='lat' dir='ltr'>semper</span> 
     </span>
     <span class='ocr_line' id='line_1_106' title="bbox 1101 1882 1857 1931; baseline -0.004 -13"><span class='ocrx_word' id='word_1_652' title='bbox 1101 1897 1158 1930; x_wconf 91' lang='lat' dir='ltr'>pro</span> <span class='ocrx_word' id='word_1_653' title='bbox 1172 1897 1294 1918; x_wconf 72' lang='lat' dir='ltr'>nummo</span> <span class='ocrx_word' id='word_1_654' title='bbox 1306 1897 1371 1918; x_wconf 91' lang='lat' dir='ltr'>non</span> <span class='ocrx_word' id='word_1_655' title='bbox 1384 1883 1501 1931; x_wconf 89' lang='lat' dir='ltr'>pecude</span> <span class='ocrx_word' id='word_1_656' title='bbox 1514 1906 1524 1921; x_wconf 90' lang='lat'>‚</span> <span class='ocrx_word' id='word_1_657' title='bbox 1549 1892 1640 1929; x_wconf 85' lang='lat' dir='ltr'>atque</span> <span class='ocrx_word' id='word_1_658' title='bbox 1653 1895 1689 1916; x_wconf 83' lang='lat' dir='ltr'>ex</span> <span class='ocrx_word' id='word_1_659' title='bbox 1702 1882 1764 1916; x_wconf 90' lang='lat' dir='ltr'>hoc</span> <span class='ocrx_word' id='word_1_660' title='bbox 1777 1885 1857 1916; x_wconf 85' lang='lat' dir='ltr'>Ara-</span> 
     </span>
     <span class='ocr_line' id='line_1_107' title="bbox 1100 1930 1855 1982; baseline -0.001 -15"><span class='ocrx_word' id='word_1_661' title='bbox 1100 1934 1175 1968; x_wconf 90' lang='lat' dir='ltr'>bum</span> <span class='ocrx_word' id='word_1_662' title='bbox 1186 1931 1237 1969; x_wconf 92' lang='lat' dir='ltr'>usu</span> <span class='ocrx_word' id='word_1_663' title='bbox 1246 1933 1357 1982; x_wconf 86' lang='lat' dir='ltr'>probat</span> <span class='ocrx_word' id='word_1_664' title='bbox 1370 1935 1402 1968; x_wconf 88' lang='lat' dir='ltr'>in</span> <span class='ocrx_word' id='word_1_665' title='bbox 1413 1934 1486 1968; x_wconf 90' lang='lat' dir='ltr'>loco</span> <span class='ocrx_word' id='word_1_666' title='bbox 1495 1943 1555 1978; x_wconf 77' lang='lat' dir='ltr'>prae</span> <span class='ocrx_word' id='word_1_667' title='bbox 1567 1932 1707 1967; x_wconf 87' lang='lat' dir='ltr'>manibus</span> <span class='ocrx_word' id='word_1_668' title='bbox 1714 1930 1855 1966; x_wconf 83' lang='lat' dir='ltr'>sicinter-</span> 
     </span>
     <span class='ocr_line' id='line_1_108' title="bbox 1099 1985 1285 2031; baseline 0 -14"><span class='ocrx_word' id='word_1_669' title='bbox 1099 1985 1285 2031; x_wconf 85' lang='lat' dir='ltr'>prerandam.</span> 
     </span>
    </p>

    <p class='ocr_par' dir='ltr' id='par_1_22' title="bbox 1083 2035 1852 3162">
     <span class='ocr_line' id='line_1_109' title="bbox 1146 2035 1852 2087; baseline -0.007 -12"><span class='ocrx_word' id='word_1_670' title='bbox 1146 2041 1290 2075; x_wconf 87' lang='lat' dir='ltr'>Tertium</span> <span class='ocrx_word' id='word_1_671' title='bbox 1299 2039 1455 2087; x_wconf 67' lang='lat' dir='ltr'>quaesitum</span> <span class='ocrx_word' id='word_1_672' title='bbox 1463 2037 1506 2073; x_wconf 86' lang='lat' dir='ltr'>est</span> <span class='ocrx_word' id='word_1_673' title='bbox 1514 2036 1664 2074; x_wconf 83' lang='lat' dir='ltr'>difficilius</span> <span class='ocrx_word' id='word_1_674' title='bbox 1674 2061 1682 2072; x_wconf 86' lang='lat'>‚</span> <span class='ocrx_word' id='word_1_675' title='bbox 1696 2035 1744 2071; x_wconf 87' lang='lat' dir='ltr'>sed</span> <span class='ocrx_word' id='word_1_676' title='bbox 1751 2047 1852 2071; x_wconf 85' lang='lat' dir='ltr'>tamen</span> 
     </span>
     <span class='ocr_line' id='line_1_110' title="bbox 1099 2085 1851 2139; baseline -0.009 -15"><span class='ocrx_word' id='word_1_677' title='bbox 1099 2087 1226 2124; x_wconf 86' lang='lat' dir='ltr'>solubile</span> <span class='ocrx_word' id='word_1_678' title='bbox 1243 2114 1252 2126; x_wconf 90' lang='lat'>‚</span> <span class='ocrx_word' id='word_1_679' title='bbox 1280 2089 1460 2139; x_wconf 76' lang='lat' dir='ltr'>Qomodo</span> <span class='ocrx_word' id='word_1_680' title='bbox 1479 2100 1576 2137; x_wconf 85' lang='lat' dir='ltr'>patres</span> <span class='ocrx_word' id='word_1_681' title='bbox 1589 2086 1720 2120; x_wconf 86' lang='lat' dir='ltr'>translati</span> <span class='ocrx_word' id='word_1_682' title='bbox 1736 2085 1791 2118; x_wconf 88' lang='lat' dir='ltr'>sint</span> <span class='ocrx_word' id='word_1_683' title='bbox 1801 2088 1851 2116; x_wconf 82' lang='lat' dir='ltr'>Si-</span> 
     </span>
     <span class='ocr_line' id='line_1_111' title="bbox 1097 2133 1848 2186; baseline -0.003 -14"><span class='ocrx_word' id='word_1_684' title='bbox 1097 2138 1232 2173; x_wconf 76' lang='lat' dir='ltr'>chemam</span> <span class='ocrx_word' id='word_1_685' title='bbox 1245 2143 1275 2175; x_wconf 79' lang='grc' dir='ltr'>δι</span> <span class='ocrx_word' id='word_1_686' title='bbox 1285 2139 1376 2186; x_wconf 85' lang='lat' dir='ltr'>positi</span> <span class='ocrx_word' id='word_1_687' title='bbox 1389 2140 1420 2172; x_wconf 90' lang='lat' dir='ltr'>in</span> <span class='ocrx_word' id='word_1_688' title='bbox 1428 2146 1633 2172; x_wconf 88' lang='lat' dir='ltr'>monumento</span> <span class='ocrx_word' id='word_1_689' title='bbox 1642 2133 1833 2168; x_wconf 62' lang='lat' dir='ltr'>eAbrahami</span> <span class='ocrx_word' id='word_1_690' title='bbox 1839 2150 1848 2171; x_wconf 67' lang='lat'>3</span> 
     </span>
     <span class='ocr_line' id='line_1_112' title="bbox 1097 2181 1847 2235; baseline -0.003 -13"><span class='ocrx_word' id='word_1_691' title='bbox 1097 2201 1168 2222; x_wconf 92' lang='lat' dir='ltr'>cum</span> <span class='ocrx_word' id='word_1_692' title='bbox 1182 2187 1261 2222; x_wconf 90' lang='lat' dir='ltr'>solus</span> <span class='ocrx_word' id='word_1_693' title='bbox 1272 2188 1402 2235; x_wconf 73' lang='lat' dir='ltr'>Iofiphus</span> <span class='ocrx_word' id='word_1_694' title='bbox 1415 2186 1553 2221; x_wconf 69' lang='lat' dir='ltr'>dicatura</span> <span class='ocrx_word' id='word_1_695' title='bbox 1563 2183 1679 2226; x_wconf 59' lang='lat' dir='ltr'>fflsoft&#39;</span> <span class='ocrx_word' id='word_1_696' title='bbox 1691 2181 1847 2216; x_wconf 83' lang='lat' dir='ltr'>transsatus</span> 
     </span>
     <span class='ocr_line' id='line_1_113' title="bbox 1095 2230 1850 2280; baseline -0.007 -12"><span class='ocrx_word' id='word_1_697' title='bbox 1095 2237 1262 2269; x_wconf 64' lang='lat' dir='ltr'>&amp;themam</span> <span class='ocrx_word' id='word_1_698' title='bbox 1270 2241 1300 2270; x_wconf 73' lang='grc' dir='ltr'>δι</span> <span class='ocrx_word' id='word_1_699' title='bbox 1308 2237 1352 2268; x_wconf 92' lang='lat' dir='ltr'>ibi</span> <span class='ocrx_word' id='word_1_700' title='bbox 1360 2234 1487 2280; x_wconf 87' lang='lat' dir='ltr'>sepultus</span> <span class='ocrx_word' id='word_1_701' title='bbox 1497 2258 1506 2273; x_wconf 90' lang='lat'><em>‚</em></span> <span class='ocrx_word' id='word_1_702' title='bbox 1521 2230 1658 2278; x_wconf 79' lang='lat' dir='ltr'>solusque</span> <span class='ocrx_word' id='word_1_703' title='bbox 1666 2230 1766 2270; x_wconf 81' lang='lat' dir='ltr'>Iacob,</span> <span class='ocrx_word' id='word_1_704' title='bbox 1781 2231 1850 2264; x_wconf 92' lang='lat' dir='ltr'>nul-</span> 
     </span>
     <span class='ocr_line' id='line_1_114' title="bbox 1097 2279 1848 2328; baseline -0.003 -13"><span class='ocrx_word' id='word_1_705' title='bbox 1097 2284 1142 2316; x_wconf 88' lang='lat' dir='ltr'>lus</span> <span class='ocrx_word' id='word_1_706' title='bbox 1155 2283 1231 2317; x_wconf 75' lang='lat' dir='ltr'>vero</span> <span class='ocrx_word' id='word_1_707' title='bbox 1247 2283 1384 2316; x_wconf 84' lang='lat' dir='ltr'>filiorum</span> <span class='ocrx_word' id='word_1_708' title='bbox 1397 2307 1406 2321; x_wconf 89' lang='lat'>‚</span> <span class='ocrx_word' id='word_1_709' title='bbox 1433 2280 1563 2328; x_wconf 85' lang='lat' dir='ltr'>sepultus</span> <span class='ocrx_word' id='word_1_710' title='bbox 1581 2279 1673 2315; x_wconf 82' lang='lat' dir='ltr'>fuerit</span> <span class='ocrx_word' id='word_1_711' title='bbox 1685 2282 1717 2313; x_wconf 85' lang='lat' dir='ltr'>in</span> <span class='ocrx_word' id='word_1_712' title='bbox 1733 2293 1848 2313; x_wconf 89' lang='lat' dir='ltr'>monu-</span> 
     </span>
     <span class='ocr_line' id='line_1_115' title="bbox 1096 2330 1847 2377; baseline -0.003 -13"><span class='ocrx_word' id='word_1_713' title='bbox 1096 2342 1205 2365; x_wconf 90' lang='lat' dir='ltr'>mento</span> <span class='ocrx_word' id='word_1_714' title='bbox 1217 2330 1390 2363; x_wconf 67' lang='lat' dir='ltr'>Abrahami</span> <span class='ocrx_word' id='word_1_715' title='bbox 1402 2331 1438 2363; x_wconf 87' lang='lat' dir='ltr'>ad</span> <span class='ocrx_word' id='word_1_716' title='bbox 1451 2330 1649 2364; x_wconf 87' lang='lat' dir='ltr'>Hebronem.</span> <span class='ocrx_word' id='word_1_717' title='bbox 1674 2330 1847 2377; x_wconf 81' lang='lat' dir='ltr'>Legatqui-</span> 
     </span>
     <span class='ocr_line' id='line_1_116' title="bbox 1097 2379 1846 2424; baseline -0.004 -10"><span class='ocrx_word' id='word_1_718' title='bbox 1097 2380 1154 2413; x_wconf 90' lang='lat' dir='ltr'>bus</span> <span class='ocrx_word' id='word_1_719' title='bbox 1161 2380 1261 2414; x_wconf 89' lang='lat' dir='ltr'>otium</span> <span class='ocrx_word' id='word_1_720' title='bbox 1270 2379 1330 2419; x_wconf 91' lang='lat' dir='ltr'>est,</span> <span class='ocrx_word' id='word_1_721' title='bbox 1345 2382 1519 2424; x_wconf 51' lang='lat' dir='ltr'>Rhoetum,</span> <span class='ocrx_word' id='word_1_722' title='bbox 1532 2381 1691 2415; x_wconf 72' lang='lat' dir='ltr'>Paraenm,</span> <span class='ocrx_word' id='word_1_723' title='bbox 1706 2381 1846 2417; x_wconf 69' lang='lat' dir='ltr'>lunium,</span> 
     </span>
     <span class='ocr_line' id='line_1_117' title="bbox 1095 2427 1847 2476; baseline -0.003 -13"><span class='ocrx_word' id='word_1_724' title='bbox 1095 2430 1286 2463; x_wconf 79' lang='lat' dir='ltr'>Pereriumin</span> <span class='ocrx_word' id='word_1_725' title='bbox 1295 2429 1473 2476; x_wconf 81' lang='lat' dir='ltr'>vigefimum</span> <span class='ocrx_word' id='word_1_726' title='bbox 1486 2428 1610 2463; x_wconf 89' lang='lat' dir='ltr'>tertium</span> <span class='ocrx_word' id='word_1_727' title='bbox 1618 2432 1649 2463; x_wconf 71' lang='grc' dir='ltr'>ὅ(</span> <span class='ocrx_word' id='word_1_728' title='bbox 1662 2427 1847 2462; x_wconf 82' lang='lat' dir='ltr'>tricefimum</span> 
     </span>
     <span class='ocr_line' id='line_1_118' title="bbox 1095 2475 1847 2524; baseline -0.003 -12"><span class='ocrx_word' id='word_1_729' title='bbox 1095 2479 1217 2513; x_wconf 88' lang='lat' dir='ltr'>tertium</span> <span class='ocrx_word' id='word_1_730' title='bbox 1230 2478 1408 2517; x_wconf 79' lang='lat' dir='ltr'>Geneseos,</span> <span class='ocrx_word' id='word_1_731' title='bbox 1424 2479 1515 2513; x_wconf 86' lang='lat' dir='ltr'>etiarn</span> <span class='ocrx_word' id='word_1_732' title='bbox 1527 2479 1559 2511; x_wconf 89' lang='lat' dir='ltr'>in</span> <span class='ocrx_word' id='word_1_733' title='bbox 1572 2475 1732 2524; x_wconf 83' lang='lat' dir='ltr'>septimum</span> <span class='ocrx_word' id='word_1_734' title='bbox 1741 2477 1847 2510; x_wconf 66' lang='lat' dir='ltr'>Aeto-</span> 
     </span>
     <span class='ocr_line' id='line_1_119' title="bbox 1094 2527 1845 2568; baseline -0.005 -6"><span class='ocrx_word' id='word_1_735' title='bbox 1094 2540 1161 2562; x_wconf 91' lang='lat' dir='ltr'>rum</span> <span class='ocrx_word' id='word_1_736' title='bbox 1174 2553 1184 2568; x_wconf 93' lang='lat'>,</span> <span class='ocrx_word' id='word_1_737' title='bbox 1206 2528 1318 2562; x_wconf 84' lang='lat' dir='ltr'>Bedam</span> <span class='ocrx_word' id='word_1_738' title='bbox 1333 2553 1343 2568; x_wconf 95' lang='lat'>,</span> <span class='ocrx_word' id='word_1_739' title='bbox 1369 2530 1547 2567; x_wconf 68' lang='lat' dir='ltr'>Calvinum,</span> <span class='ocrx_word' id='word_1_740' title='bbox 1564 2530 1700 2563; x_wconf 60' lang='lat' dir='ltr'>Bezam,</span> <span class='ocrx_word' id='word_1_741' title='bbox 1721 2527 1845 2560; x_wconf 69' lang='lat' dir='ltr'>Gualte-</span> 
     </span>
     <span class='ocr_line' id='line_1_120' title="bbox 1093 2576 1844 2622; baseline -0.003 -12"><span class='ocrx_word' id='word_1_742' title='bbox 1093 2590 1178 2615; x_wconf 78' lang='lat' dir='ltr'>rum,</span> <span class='ocrx_word' id='word_1_743' title='bbox 1203 2577 1391 2622; x_wconf 68' lang='lat' dir='ltr'>‘piscatorem</span> <span class='ocrx_word' id='word_1_744' title='bbox 1405 2602 1414 2616; x_wconf 91' lang='lat'>,</span> <span class='ocrx_word' id='word_1_745' title='bbox 1439 2576 1615 2610; x_wconf 67' lang='lat' dir='ltr'>‘Deodatum</span> <span class='ocrx_word' id='word_1_746' title='bbox 1633 2579 1844 2610; x_wconf 86' lang='lat' dir='ltr'>Annotatores</span> 
     </span>
     <span class='ocr_line' id='line_1_121' title="bbox 1093 2626 1843 2674; baseline -0.004 -14"><span class='ocrx_word' id='word_1_747' title='bbox 1093 2628 1300 2674; x_wconf 88' lang='lat' dir='ltr'>Anglicanos,</span> <span class='ocrx_word' id='word_1_748' title='bbox 1319 2631 1350 2662; x_wconf 88' lang='lat'>&amp;</span> <span class='ocrx_word' id='word_1_749' title='bbox 1369 2628 1492 2674; x_wconf 81' lang='lat' dir='ltr'>Belgas,</span> <span class='ocrx_word' id='word_1_750' title='bbox 1513 2626 1763 2664; x_wconf 55' lang='lat' dir='ltr'>ssentzerum,</span> <span class='ocrx_word' id='word_1_751' title='bbox 1782 2627 1843 2671; x_wconf 87' lang='lat' dir='ltr'>Ly—</span> 
     </span>
     <span class='ocr_line' id='line_1_122' title="bbox 1092 2674 1842 2723; baseline -0.003 -15"><span class='ocrx_word' id='word_1_752' title='bbox 1092 2688 1217 2716; x_wconf 78' lang='lat' dir='ltr'>ranum,</span> <span class='ocrx_word' id='word_1_753' title='bbox 1231 2680 1382 2723; x_wconf 61' lang='lat' dir='ltr'>Lorynum</span> <span class='ocrx_word' id='word_1_754' title='bbox 1391 2700 1400 2715; x_wconf 92' lang='lat'>‚</span> <span class='ocrx_word' id='word_1_755' title='bbox 1415 2675 1431 2709; x_wconf 67' lang='lat' dir='ltr'>a</span> <span class='ocrx_word' id='word_1_756' title='bbox 1444 2674 1572 2723; x_wconf 83' lang='lat' dir='ltr'>Lapide,</span> <span class='ocrx_word' id='word_1_757' title='bbox 1587 2674 1718 2721; x_wconf 80' lang='lat' dir='ltr'>Estinm,</span> <span class='ocrx_word' id='word_1_758' title='bbox 1731 2675 1842 2707; x_wconf 81' lang='lat' dir='ltr'>Salme·</span> 
     </span>
     <span class='ocr_line' id='line_1_123' title="bbox 1092 2724 1839 2772; baseline -0.001 -15"><span class='ocrx_word' id='word_1_759' title='bbox 1092 2738 1208 2765; x_wconf 71' lang='lat' dir='ltr'>rom-m,</span> <span class='ocrx_word' id='word_1_760' title='bbox 1226 2725 1421 2759; x_wconf 70' lang='lat' dir='ltr'>Lndovtcum</span> <span class='ocrx_word' id='word_1_761' title='bbox 1436 2724 1473 2758; x_wconf 89' lang='lat' dir='ltr'>dc</span> <span class='ocrx_word' id='word_1_762' title='bbox 1485 2727 1584 2764; x_wconf 79' lang='lat' dir='ltr'>Dieu,</span> <span class='ocrx_word' id='word_1_763' title='bbox 1600 2726 1739 2772; x_wconf 59' lang='lat' dir='ltr'>§ratium</span> <span class='ocrx_word' id='word_1_764' title='bbox 1748 2748 1758 2763; x_wconf 87' lang='lat'>‚</span> <span class='ocrx_word' id='word_1_765' title='bbox 1770 2725 1839 2756; x_wconf 83' lang='lat' dir='ltr'>Ha-</span> 
     </span>
     <span class='ocr_line' id='line_1_124' title="bbox 1090 2771 1839 2818; baseline -0.004 -11"><span class='ocrx_word' id='word_1_766' title='bbox 1090 2775 1246 2812; x_wconf 82' lang='lat' dir='ltr'>mondum,</span> <span class='ocrx_word' id='word_1_767' title='bbox 1268 2779 1300 2810; x_wconf 72' lang='grc' dir='ltr'>δε</span> <span class='ocrx_word' id='word_1_768' title='bbox 1312 2775 1388 2809; x_wconf 81' lang='lat' dir='ltr'>alios</span> <span class='ocrx_word' id='word_1_769' title='bbox 1404 2785 1466 2808; x_wconf 86' lang='lat' dir='ltr'>tam</span> <span class='ocrx_word' id='word_1_770' title='bbox 1484 2786 1521 2807; x_wconf 85' lang='lat' dir='ltr'>ex</span> <span class='ocrx_word' id='word_1_771' title='bbox 1540 2773 1727 2811; x_wconf 85' lang='lat' dir='ltr'>Pontificiis,</span> <span class='ocrx_word' id='word_1_772' title='bbox 1746 2771 1839 2818; x_wconf 63' lang='lat' dir='ltr'>quarn</span> 
     </span>
     <span class='ocr_line' id='line_1_125' title="bbox 1091 2820 1837 2870; baseline -0.005 -12"><span class='ocrx_word' id='word_1_773' title='bbox 1091 2823 1332 2858; x_wconf 75' lang='lat' dir='ltr'>protestantibus</span> <span class='ocrx_word' id='word_1_774' title='bbox 1345 2849 1355 2864; x_wconf 94' lang='lat'>‚</span> <span class='ocrx_word' id='word_1_775' title='bbox 1381 2835 1522 2870; x_wconf 87' lang='lat' dir='ltr'>magnam</span> <span class='ocrx_word' id='word_1_776' title='bbox 1539 2824 1570 2856; x_wconf 92' lang='lat' dir='ltr'>in</span> <span class='ocrx_word' id='word_1_777' title='bbox 1588 2820 1783 2867; x_wconf 85' lang='lat' dir='ltr'>responsione</span> <span class='ocrx_word' id='word_1_778' title='bbox 1800 2821 1837 2854; x_wconf 83' lang='lat' dir='ltr'>ad</span> 
     </span>
     <span class='ocr_line' id='line_1_126' title="bbox 1087 2870 1837 2920; baseline -0.005 -14"><span class='ocrx_word' id='word_1_779' title='bbox 1087 2872 1152 2907; x_wconf 91' lang='lat' dir='ltr'>hoc</span> <span class='ocrx_word' id='word_1_780' title='bbox 1164 2873 1320 2920; x_wconf 84' lang='lat' dir='ltr'>quaesrtum</span> <span class='ocrx_word' id='word_1_781' title='bbox 1333 2874 1505 2907; x_wconf 78' lang='lat' dir='ltr'>varietatem</span> <span class='ocrx_word' id='word_1_782' title='bbox 1518 2871 1661 2905; x_wconf 87' lang='lat' dir='ltr'>inveniet.</span> <span class='ocrx_word' id='word_1_783' title='bbox 1675 2870 1770 2905; x_wconf 90' lang='lat' dir='ltr'>Multi</span> <span class='ocrx_word' id='word_1_784' title='bbox 1781 2882 1837 2903; x_wconf 90' lang='lat' dir='ltr'>vo-</span> 
     </span>
     <span class='ocr_line' id='line_1_127' title="bbox 1087 2916 1835 2969; baseline -0.003 -15"><span class='ocrx_word' id='word_1_785' title='bbox 1087 2924 1152 2955; x_wconf 87' lang='lat' dir='ltr'>lunt</span> <span class='ocrx_word' id='word_1_786' title='bbox 1168 2934 1234 2955; x_wconf 90' lang='lat' dir='ltr'>non</span> <span class='ocrx_word' id='word_1_787' title='bbox 1245 2922 1392 2969; x_wconf 69' lang='lat' dir='ltr'>Iofiplmm</span> <span class='ocrx_word' id='word_1_788' title='bbox 1409 2920 1526 2955; x_wconf 77' lang='lat' dir='ltr'>tantum</span> <span class='ocrx_word' id='word_1_789' title='bbox 1537 2943 1548 2958; x_wconf 85' lang='lat'>,</span> <span class='ocrx_word' id='word_1_790' title='bbox 1574 2916 1624 2952; x_wconf 86' lang='lat' dir='ltr'>sed</span> <span class='ocrx_word' id='word_1_791' title='bbox 1637 2919 1726 2952; x_wconf 85' lang='lat' dir='ltr'>etiam</span> <span class='ocrx_word' id='word_1_792' title='bbox 1746 2929 1835 2952; x_wconf 74' lang='lat' dir='ltr'>caete-</span> 
     </span>
     <span class='ocr_line' id='line_1_128' title="bbox 1086 2968 1835 3015; baseline -0.001 -13"><span class='ocrx_word' id='word_1_793' title='bbox 1086 2982 1138 3004; x_wconf 90' lang='lat' dir='ltr'>ros</span> <span class='ocrx_word' id='word_1_794' title='bbox 1155 2970 1338 3004; x_wconf 86' lang='lat' dir='ltr'>Patriarchas</span> <span class='ocrx_word' id='word_1_795' title='bbox 1351 2968 1506 3004; x_wconf 79' lang='lat' dir='ltr'>transsatos</span> <span class='ocrx_word' id='word_1_796' title='bbox 1518 2980 1553 3001; x_wconf 87' lang='lat' dir='ltr'>ex</span> <span class='ocrx_word' id='word_1_797' title='bbox 1570 2970 1705 3015; x_wconf 83' lang='lat' dir='ltr'>AEgypto</span> <span class='ocrx_word' id='word_1_798' title='bbox 1714 2993 1724 3007; x_wconf 91' lang='lat'><em>‚</em></span> <span class='ocrx_word' id='word_1_799' title='bbox 1738 2972 1768 3002; x_wconf 88' lang='lat'>&amp;</span> <span class='ocrx_word' id='word_1_800' title='bbox 1781 2981 1835 3001; x_wconf 83' lang='lat' dir='ltr'>an-</span> 
     </span>
     <span class='ocr_line' id='line_1_129' title="bbox 1085 3015 1832 3068; baseline -0.003 -16"><span class='ocrx_word' id='word_1_801' title='bbox 1085 3029 1114 3053; x_wconf 86' lang='lat' dir='ltr'>te</span> <span class='ocrx_word' id='word_1_802' title='bbox 1127 3020 1235 3068; x_wconf 67' lang='lat' dir='ltr'>Iofiphi</span> <span class='ocrx_word' id='word_1_803' title='bbox 1246 3017 1308 3052; x_wconf 79' lang='lat' dir='ltr'>ossa</span> <span class='ocrx_word' id='word_1_804' title='bbox 1324 3016 1459 3052; x_wconf 74' lang='lat' dir='ltr'>Sichemae</span> <span class='ocrx_word' id='word_1_805' title='bbox 1474 3015 1613 3063; x_wconf 87' lang='lat' dir='ltr'>sepultos.</span> <span class='ocrx_word' id='word_1_806' title='bbox 1640 3020 1744 3053; x_wconf 59' lang='grc' dir='ltr'>Ἑεζιι,</span> <span class='ocrx_word' id='word_1_807' title='bbox 1765 3019 1832 3060; x_wconf 60' lang='lat' dir='ltr'>Q-</span> 
     </span>
     <span class='ocr_line' id='line_1_130' title="bbox 1083 3065 1831 3113; baseline -0.001 -12"><span class='ocrx_word' id='word_1_808' title='bbox 1083 3079 1185 3108; x_wconf 79' lang='lat' dir='ltr'>vetus,</span> <span class='ocrx_word' id='word_1_809' title='bbox 1198 3069 1342 3112; x_wconf 76' lang='lat' dir='ltr'>Ptscator‚</span> <span class='ocrx_word' id='word_1_810' title='bbox 1363 3071 1393 3101; x_wconf 73' lang='grc' dir='ltr'>δι</span> <span class='ocrx_word' id='word_1_811' title='bbox 1408 3067 1456 3100; x_wconf 90' lang='lat' dir='ltr'>alii</span> <span class='ocrx_word' id='word_1_812' title='bbox 1468 3077 1574 3113; x_wconf 86' lang='lat' dir='ltr'>putant</span> <span class='ocrx_word' id='word_1_813' title='bbox 1585 3065 1648 3100; x_wconf 86' lang='lat' dir='ltr'>hoc</span> <span class='ocrx_word' id='word_1_814' title='bbox 1661 3066 1831 3113; x_wconf 86' lang='lat' dir='ltr'>probabile.</span> 
     </span>
     <span class='ocr_line' id='line_1_131' title="bbox 1084 3115 1829 3162; baseline -0.005 -10"><span class='ocrx_word' id='word_1_815' title='bbox 1084 3119 1185 3162; x_wconf 87' lang='lat' dir='ltr'>Hujus</span> <span class='ocrx_word' id='word_1_816' title='bbox 1200 3116 1351 3152; x_wconf 77' lang='lat' dir='ltr'>sententiae</span> <span class='ocrx_word' id='word_1_817' title='bbox 1363 3117 1473 3150; x_wconf 65' lang='lat' dir='ltr'>autfror</span> <span class='ocrx_word' id='word_1_818' title='bbox 1485 3115 1529 3149; x_wconf 88' lang='lat' dir='ltr'>est</span> <span class='ocrx_word' id='word_1_819' title='bbox 1545 3118 1741 3162; x_wconf 45' lang='lat' dir='ltr'>Hieronymus</span> <span class='ocrx_word' id='word_1_820' title='bbox 1748 3140 1758 3155; x_wconf 94' lang='lat'>,</span> <span class='ocrx_word' id='word_1_821' title='bbox 1777 3116 1829 3162; x_wconf 90' lang='lat' dir='ltr'>qui</span> 
     </span>
    </p>
   </div>
   <div class='ocr_carea' id='block_1_18' title="bbox 1082 3164 1834 3246">
    <p class='ocr_par' dir='ltr' id='par_1_23' title="bbox 1082 3164 1834 3246">
     <span class='ocr_line' id='line_1_132' title="bbox 1082 3164 1830 3245; baseline -0.009 -43"><span class='ocrx_word' id='word_1_822' title='bbox 1082 3167 1211 3216; x_wconf 63' lang='lat' dir='ltr'>epistola</span> <span class='ocrx_word' id='word_1_823' title='bbox 1236 3165 1399 3201; x_wconf 69' lang='lat' dir='ltr'>centesima</span> <span class='ocrx_word' id='word_1_824' title='bbox 1419 3164 1516 3213; x_wconf 60' lang='lat' dir='ltr'>prim&amp;</span> <span class='ocrx_word' id='word_1_825' title='bbox 1541 3165 1577 3200; x_wconf 82' lang='lat' dir='ltr'>ad</span> <span class='ocrx_word' id='word_1_826' title='bbox 1601 3167 1830 3245; x_wconf 54' lang='grc' dir='ltr'>ΡαηαηφασΙαιζγη</span> 
     </span>
     <span class='ocr_line' id='line_1_133' title="bbox 1792 3225 1834 3246; baseline -0.024 0"><span class='ocrx_word' id='word_1_827' title='bbox 1792 3225 1834 3246; x_wconf 67' lang='lat' dir='ltr'>are</span> 
     </span>
    </p>
   </div>
  </div>
 </body>
</html>
