2048 3343
451 124 528 149 ET
587 109 963 149 Cunoxot

203 185 237 219 cz}
251 185 281 218 in
296 182 475 225 maritorum
495 181 656 216 stemmate
670 193 802 215 uxorum
824 189 919 226 genus
933 181 963 211 &

203 231 347 267 familiam
368 229 485 266 solitam
506 230 644 265 describi.
682 234 717 264 In
737 229 800 262 hoc
820 224 963 272 responso

205 281 415 330 Chrjfistomas
424 306 433 320 ‚
460 279 651 321 eAmbrofius
659 303 669 318 ‚
687 281 903 323 Hieronymus,
932 278 962 309 &

202 332 252 365 alii
269 331 355 364 multi
370 341 430 364 tam
448 329 555 362 Graeci
567 327 660 374 quam
679 325 782 360 Latini
795 328 900 358 Patres
912 335 962 357 ac-

203 381 355 428 quievere.
646 376 652 384 ’

249 429 341 465 Prior
355 423 558 470 responsionis
567 437 633 472 pars
649 425 689 458 ita
703 422 898 470 intelligenda
906 420 961 460 cst,

201 491 236 513 ut
248 489 313 511 nou
326 488 392 522 neg*
406 485 418 508 t
432 475 566 508 mulieris
578 471 747 522 prosapiam
768 473 846 506 inter
860 471 962 505 Iudaeos

202 525 366 574 aliquando
380 535 598 558 memoratam:
613 523 679 557 esto
689 521 808 556 Iudtthx
816 520 961 568 stirpsve-

203 579 237 613 τὲ
249 575 355 610 tradita
369 574 571 613 concedatur,
596 571 648 606 etsi
661 573 740 606 liber
754 570 805 605 ille
821 573 961 617 Apocry-

203 626 282 674 plius
297 625 312 659 a
326 623 461 670 quodam
471 623 650 670 Judaizante
664 621 813 655 Graeculo
827 618 960 654 conscri-

204 688 273 724 ptus
288 675 412 721 nugis&
421 669 531 706 fabulis
544 670 666 710 scateat,
687 683 791 705 verum
804 669 894 703 ctiam
909 667 963 702 est.

204 738 228 760 1.
243 725 371 770 paralip.
387 735 451 769 cap.
462 735 482 755 1.
496 726 525 756 δι
540 734 565 754 2.
582 721 696 755 &alibi
710 721 741 753 in
759 718 963 766 Genealogiis

204 774 329 820 judaicis
339 773 486 805 variarum
495 771 657 803 mulierum
666 771 791 803 nomina
800 769 963 802 continen-

205 835 272 861 tur,
298 820 346 854 sed
361 821 446 867 quod
465 818 597 854 asseritur
615 819 678 853 hoc
697 818 758 857 est,
785 819 815 851 in
836 817 960 851 Genea-

207 873 301 920 logiis
317 871 524 904 Hebraeorum
543 870 625 902 viros
644 870 680 902 ad
696 868 809 902 tribum
828 871 856 901 &
871 865 962 900 fami-

208 923 280 956 liam
301 933 364 953 non
381 932 434 966 per
451 930 560 952 matres
581 917 629 953 sed
647 931 701 965 per
723 928 819 963 patres
834 916 962 950 consue-

209 969 284 1005 visse
302 967 404 1002 referri
419 993 427 1007 ,
457 967 619 1002 secundum
638 967 782 1001 familiare
797 965 962 1000 Rabbino-

209 1033 279 1054 rum
298 1019 415 1052 diet-um
430 1042 439 1056 ‚
466 1015 579 1051 familia
602 1018 705 1052 matris
730 1029 794 1049 non
812 1014 856 1049 est
874 1013 961 1048 fami-

210 1070 266 1109 lia3
287 1081 350 1102 non
363 1069 444 1102 enim
458 1070 543 1111 cujus
557 1078 652 1100 mater
665 1076 730 1099 erat
742 1078 777 1098 ex
791 1066 874 1098 tribu
889 1062 961 1096 luda

210 1120 258 1153 vcl
272 1121 349 1150 Lem
363 1115 423 1163 ipse
437 1115 649 1150 censebaturin
662 1116 697 1149 iis
710 1114 850 1148 tribubus
861 1111 912 1146 nisi
922 1122 961 1145 et-

210 1170 271 1204 iam
284 1178 367 1213 pater
379 1167 452 1200 iniis
466 1163 573 1198 fuisset.
599 1167 628 1198 A
641 1165 799 1199 communi
810 1162 867 1196 hac
874 1173 962 1208 regu-

211 1218 240 1252 13.
255 1216 448 1262 excipiendus
461 1225 523 1248 erat
540 1214 659 1249 Messias
673 1238 682 1253 ,
708 1213 761 1260 qui
775 1213 791 1246 εἰ
803 1223 897 1244 matre
910 1211 964 1244 tri-

211 1267 287 1300 bum
300 1266 436 1311 accipere
455 1261 606 1298 necessum
620 1261 765 1300 habebat,
792 1260 878 1308 quod
893 1259 964 1293 effit

211 1319 359 1354 intima&
374 1315 490 1347 nullum
499 1315 578 1346 inter
588 1312 732 1346 homines
742 1323 856 1358 patrem
870 1310 964 1344 habe-

211 1376 245 1398 re
261 1364 410 1410 potuerit,
439 1374 542 1409 neque
554 1372 655 1395 tamen
669 1362 805 1408 expresse
820 1367 850 1395 δι
864 1360 963 1393 nomi-

210 1413 305 1447 natim
319 1413 372 1459 pei·
389 1422 519 1446 matrem
531 1411 577 1445 vel
590 1411 626 1444 ad
639 1411 755 1444 tribum
768 1410 814 1444 vel
827 1409 863 1444 ad
877 1407 964 1442 ffimi-

162 1493 166 1498 .
209 1462 281 1496 liam
297 1460 499 1499 referebatur,
520 1472 558 1494 ne
570 1460 610 1493 ab
625 1459 780 1493 ordinaria
793 1462 824 1494 δε
837 1457 962 1493 consue-

209 1514 243 1547 τὲ
255 1511 520 1558 Genealogiarum
534 1512 651 1543 ratione
665 1507 779 1557 absque
794 1509 964 1542 necessitate

210 1558 423 1596 discederetur.
455 1557 580 1604 Absque
599 1557 768 1593 necessitate
780 1582 791 1597 ‚
817 1559 942 1605 inquam
954 1583 963 1597 ‚

212 1611 284 1658 quia
298 1609 367 1644 cuin
380 1609 485 1643 eadem
499 1607 570 1644 esset
588 1621 649 1643 tarn
662 1608 761 1642 tribus
775 1607 867 1654 quam
877 1605 961 1641 fami-

45 1666 198 1704 zaa'emsuit
213 1661 250 1694 lia
259 1660 384 1708 putativi
392 1663 421 1694 &
431 1659 532 1706 legalis
541 1657 658 1693 Christi
666 1655 965 1705 patrisJosephi,quae

43 1708 133 1746 IOftPhl
149 1717 198 1745 qua
213 1723 288 1745 verae
302 1714 332 1744 &
352 1710 491 1743 naturalis
507 1709 608 1741 matris
624 1708 746 1747 Mariae;
773 1719 838 1741 non
852 1706 966 1741 necesse

44 1752 133 1778 Mam
151 1757 197 1776 '²⁴¹'
214 1757 271 1794 fuit
284 1758 336 1793 sub
349 1759 478 1794 nomine
491 1759 598 1791 Mariae
610 1756 772 1792 Christum
780 1757 814 1789 ad
822 1753 966 1790 familiam

45 1786 99 1817 bus.
449 1809 453 1812 ⁴
732 1808 736 1812 .
945 1808 950 1813 .

214 1810 350 1846 Davca'ts
369 1813 398 1844 &
418 1807 533 1842 tribum
549 1807 619 1840 lmi'ae
634 1805 737 1842 referri
751 1817 857 1853 pra’ter
870 1817 967 1854 gentis

214 1858 429 1899 morem,csim
442 1858 471 1890 id
485 1857 570 1904 :eque
583 1856 751 1891 commode
765 1854 871 1889 siu-rvara
884 1857 966 1890 ordi-

215 1911 300 1944 naria
313 1907 529 1942 consuetutlinc
546 1906 597 1941 sub
607 1909 733 1941 nomine
749 1905 967 1954 loftpthariae

213 1959 313 1993 mariti
330 1957 458 2003 praestaii
473 1959 618 2004 potuerit.
908 1968 913 1971 “

237 2025 241 2030 ,
262 2009 320 2040 Sed
333 2007 397 2041 haec
409 2006 453 2040 cst
467 2020 531 2054 pars
540 2006 744 2054 responsionis
758 2005 900 2047 secunda,
913 2019 968 2040 ne-

213 2056 369 2092 cessarium
387 2058 423 2090 ad
437 2068 552 2102 partem
567 2059 702 2104 priorem
716 2057 966 2096 additamentum,

213 2105 597 2153 quoquehocillustrctur3
615 2106 714 2141 Porro
727 2107 968 2140 animadverten-

213 2155 286 2189 dum
296 2154 398 2202 primo
406 2180 414 2194 ‚
423 2154 675 2195 consuetudinem
685 2155 967 2202 istamJudaeorum,

213 2215 247 2238 ut
259 2205 315 2238 viri
329 2205 468 2238 mulieres
483 2205 671 2238 ducerentex
680 2203 728 2238 sua
743 2204 861 2238 tanturn
875 2205 968 2240 tribu,

1 2210 6 2379 ἱ
213 2253 369 2287 fundatam
384 2252 466 2287 fuisse
481 2255 511 2286 in
525 2255 590 2300 lege
605 2254 685 2291 Dei,
701 2265 767 2300 quae
779 2253 908 2286 habetur
922 2253 966 2285 di-

214 2301 291 2336 serte
304 2302 400 2335 Num.
420 2307 466 2346 36.
480 2307 509 2333 6.
524 2305 552 2334 δι
567 2300 775 2347 sequentibus·

262 2349 418 2384 Secundo.
451 2348 613 2383 secundum
633 2361 700 2382 earn
730 2349 831 2394 legem
842 2347 970 2380 (necesse

215 2397 272 2432 suit
286 2398 464 2432 mulieribus
490 2411 553 2431 non
572 2397 689 2432 tantum
704 2397 734 2430 in
749 2397 798 2431 sua
817 2396 898 2430 tribu
915 2408 972 2429 nu-

216 2448 306 2485 bere,
333 2447 381 2481 sed
395 2448 486 2481 etiarn
499 2448 528 2480 in
543 2446 590 2481 sua
604 2448 686 2481 istius
694 2447 791 2481 tribsis
806 2443 933 2481 familia,
947 2446 971 2478 i—

214 2497 271 2532 mo
285 2497 356 2531 vcro
369 2498 398 2530 in
412 2496 462 2532 sua
474 2495 587 2531 familia
600 2498 667 2531 viro
681 2496 812 2531 maxime
821 2506 971 2543 cognato:

214 2549 292 2580 ratio
301 2549 383 2580 enim
393 2547 467 2594 legis
481 2559 543 2581 erat
557 2545 748 2582 conservatio
757 2544 971 2593 posscssionum

4 2830 8 2844 ⁴

5 2860 8 3050 l

6 3056 8 3076 ι

6 3130 8 3156 l

214 2646 265 2681 lia.
281 2646 411 2682 nonlat¹e
425 2644 552 2693 sumpta,
565 2644 612 2681 sed
621 2644 836 2693 sumptfiquam
844 2644 972 2691 fieripo—

177 2730 182 2734 ,
215 2695 658 2736 tuitcommode,stri6ie3alias
668 2693 971 2740 multaefamiliaepar-

216 2745 353 2778 ticulares
374 2757 427 2791 per
448 2756 588 2778 extranea
612 2744 766 2778 connubia
791 2745 972 2783 mulierum,

216 2792 272 2827 suis
287 2794 511 2828 haereditatibus
526 2795 556 2827 in
569 2795 654 2827 annis
664 2794 765 2839 paucis
774 2791 892 2826 fuissent
906 2792 972 2837 spo-

217 2843 292 2876 liatae
307 2857 315 2876 :
354 2847 384 2877 ὅ(
399 2844 524 2890 quidem
537 2842 605 2877 filiae
617 2842 808 2890 Zelophehad
817 2853 884 2888 quae
897 2840 971 2887 legis

217 2890 348 2924 fertndae
361 2892 554 2926 occasionem
568 2892 762 2939 praebuerunt
775 2915 784 2927 ,
809 2895 839 2925 &
859 2891 889 2922 in
903 2891 971 2936 qui-

217 2940 276 2974 bus
303 2941 398 2986 prima
417 2943 553 2988 legissatae
573 2941 666 2975 fiebat
684 2941 799 2988 praxis,
826 2940 973 2986 proximis

219 2988 350 3023 omnino
365 2988 420 3022 suis
434 2993 563 3036 agnatis,
585 2987 897 3026 consobrinisscilicet
905 3001 969 3035 ger-

220 3050 315 3072 manis
329 3042 357 3071 &
372 3041 467 3083 patrui
481 3038 522 3072 sui
534 3039 602 3074 filiis
617 3043 648 3074 in
662 3052 771 3074 uxores
785 3039 859 3072 datae
874 3035 949 3071 sunt.

58 3105 188 3133 Aliaeratio
270 3086 383 3120 Tmo
396 3088 627 3127 advertendum,
653 3091 752 3137 legem
768 3088 854 3135 loqui
870 3088 971 3132 primo

6 3160 9 3177 0
60 3146 187 3181 virginum
222 3138 258 3171 de
274 3136 450 3169 mulieribus
468 3142 607 3181 ι’πικλέξως
620 3151 687 3184 quae
701 3139 807 3173 dotem
820 3135 972 3171 habebant

7 3192 9 3219 !
59 3184 191 3225 '’maie‘’
220 3188 252 3223 in
264 3185 489 3222 haereditatibus
500 3183 604 3227 fundi,
629 3199 695 3222 non
713 3190 876 3229 επτπςσύφις,
898 3200 970 3234 qua-

214 2609 280 2630 non
296 2596 412 2630 tantum
428 2598 456 2630 in
470 2596 576 2631 eidem
589 2597 709 2630 tribu&
724 2598 754 2630 in
763 2595 869 2629 eadem
883 2592 978 2628 fami-·

994 106 1415 146 00101L1n.
1473 105 1530 144 11.
1713 110 1754 157 65

998 191 1066 212 rum
1080 178 1136 212 dos
1151 189 1218 210 non
1232 176 1262 209 in
1276 177 1353 223 agris
1366 177 1416 222 qui
1431 177 1580 211 cedebant
1592 174 1750 216 fratribus,
1764 178 1821 225 ‘11:12'
1832 179 1887 205 ‘'⁷³⁷-

999 225 1046 260 sed
1061 229 1091 260 in
1112 225 1239 272 pecunid
1253 225 1345 258 aliave
1360 238 1391 259 re
1408 225 1546 259 familiari
1559 225 1752 260 consistebat.
1765 228 1873 252 mamm.

999 276 1083 308 Hinc
1100 275 1134 308 fit
1147 287 1180 309 ut
1192 276 1223 308 in
1236 272 1321 308 sacris
1334 274 1427 307 literis
1441 276 1518 308 varia
1533 274 1699 309 habeantur
1719 288 1753 309 e-

997 324 1116 368 xempla
1130 324 1293 357 mulierum
1317 335 1383 370 quae
1404 335 1468 355 non
1482 323 1599 365 tantum
1613 336 1694 358 extra
1708 323 1752 357 fa-

997 371 1128 410 miliam,
1156 370 1204 405 sed
1219 373 1310 405 etiarn
1327 382 1408 405 extra
1421 372 1537 405 tribum
1552 373 1630 407 suam
1644 369 1756 420 nupscss

995 430 1083 456 runt,
1109 420 1247 466 inprimis
1263 421 1340 453 inter
1356 422 1495 460 Levitas,
1518 421 1571 454 ubi
1586 429 1707 456 &sciron
1720 427 1752 457 &

995 469 1134 517 lohojada
1147 481 1257 503 uxores
1271 469 1421 503 duxerunt
1430 483 1463 503 ex
1478 469 1559 503 tribu
1573 469 1652 516 Judri
1660 496 1668 510 ,
1682 485 1752 506 nam

995 520 1130 565 proclive
1139 518 1239 553 eratin
1253 517 1334 552 tribu
1346 521 1426 551 Levi
1434 529 1497 552 tam
1505 520 1647 552 mulieres
1660 533 1752 566 quam

996 570 1076 602 viros
1090 580 1161 602 cum
1175 568 1322 607 extraneis
1340 568 1535 601 matrimonia
1551 568 1752 608 contrahere,

997 630 1036 651 eo
1049 617 1135 665 quod
1149 618 1259 651 Levita:
1273 629 1336 650 non
1351 616 1498 650 haberent
1513 616 1753 663 poffcffionca&

998 664 1055 701 suis
1079 667 1282 701 matrimoniis
1302 679 1401 713 neque
1420 665 1491 700 dare
1511 678 1611 713 neque
1635 666 1753 702 auferre

997 714 1114 763 possent
1127 728 1234 764 agros;
1261 715 1313 749 etsi
1330 727 1432 750 autem
1448 716 1493 749 lex
1507 716 1610 762 primo
1627 722 1657 752 &
1675 730 1753 764 prae-

997 765 1085 812 cipue
1099 767 1135 800 de
1155 771 1291 809 ivnxarsgoig
1314 766 1370 798 lata
1389 764 1439 804 sit,
1463 776 1564 799 tamen
1583 767 1653 813 quia
1667 779 1753 800 mor-

997 826 1026 849 te
1040 816 1288 862 propinquorum
1305 819 1334 849 &
1350 815 1413 848 aliis
1428 814 1542 849 casibus
1556 816 1753 853 {mfflssswfflaut

996 877 1099 898 carum
1114 864 1228 911 posteri
1243 864 1318 911 saepe
1334 863 1504 898 evadebant
1518 867 1655 908 ἐπίκληξοι,
1674 878 1751 899 con-

997 913 1122 947 suetudo
1135 916 1308 947 communis
1318 938 1327 952 ‚
1340 926 1433 959 quam
1443 927 1543 960 paucae
1554 917 1750 962 exceptiones

995 975 1060 996 non
1069 963 1197 999 violant,
1215 960 1341 1002 ferebat,
1352 975 1389 996 ne
1402 963 1458 996 ulla
1465 965 1573 997 mulier
1581 976 1660 998 extra
1671 962 1752 999 suam

995 1013 1110 1046 tribum
1125 1012 1190 1046 imo
1201 1010 1346 1046 familiam
1358 1012 1502 1046 nuberet:
1516 1012 1577 1046 hoc
1586 1015 1677 1058 ραέὶο
1687 1026 1752 1048 ma-

997 1061 1044 1094 riti
1058 1062 1154 1096 tribus
1171 1066 1201 1096 &
1215 1059 1326 1095 familia
1341 1062 1460 1095 inventa
1474 1062 1576 1094 uxoris
1591 1064 1705 1096 tribum
1719 1069 1752 1099 δε

997 1108 1140 1144 familiam
1149 1111 1309 1157 prodebat.
1335 1111 1490 1157 Adeoque
1500 1110 1570 1144 cum
1584 1110 1754 1160 Jofiphige-

998 1173 1052 1193 nus
1067 1160 1102 1193 ad
1116 1161 1222 1193 Iudam
1236 1165 1267 1194 &
1281 1159 1621 1199 Davidemduceretur‚
1636 1162 1753 1196 nullum

998 1209 1074 1242 inter
1083 1210 1185 1242 Indicos
1193 1207 1326 1243 summos
1335 1207 1449 1243 Christi
1458 1208 1561 1242 hostes
1570 1209 1753 1257 aquoquam

998 1258 1126 1293 dubium
1139 1257 1183 1292 est
1197 1270 1335 1297 motum,
1362 1259 1437 1305 quin
1450 1261 1515 1302 ejus
1530 1261 1631 1293 uxoris
1645 1261 1752 1294 Mariae

998 1321 1091 1355 genus
1105 1308 1143 1341 ab
1162 1309 1273 1342 eodem
1292 1306 1371 1356 Jnda
1391 1313 1420 1342 δι
1439 1308 1564 1340 Davide
1581 1308 1754 1345 duceretur.

999 1359 1138 1404 inprimis
1162 1357 1233 1392 cum
1253 1357 1387 1406 Jofi’phus
1408 1356 1446 1391 ab
1465 1357 1611 1391 omnibus
1630 1371 1753 1406 cogno-

998 1405 1126 1441 sceretur
1140 1408 1184 1441 vir
1197 1406 1292 1452 justus
1306 1408 1358 1455 qui
1371 1406 1453 1454 leges
1471 1410 1502 1442 &
1519 1406 1753 1442 consuetudines

998 1458 1105 1503 patrias
1119 1456 1263 1505 religiose
1276 1454 1415 1491 servaret.

1045 1507 1192 1554 Denique
1214 1505 1433 1540 advertendum
1452 1506 1583 1539 Mariam
1601 1506 1753 1553 virginem

999 1555 1081 1590 fuisse
1093 1558 1235 1597 'ez-inanem:
1255 1556 1323 1589 licet
1331 1555 1412 1589 enim
1426 1556 1621 1602 paupercula,
1635 1568 1700 1588 non
1708 1567 1754 1590 ta·-

1000 1619 1070 1640 men
1085 1607 1115 1638 in
1129 1608 1165 1640 ea
1179 1607 1221 1639 rei
1237 1619 1269 1640 ac
1283 1604 1343 1652 spei
1354 1602 1507 1638 familiaris
1519 1606 1665 1639 tenuitate
1678 1603 1752 1642 fuit,

1000 1655 1124 1689 utnulla
1143 1653 1195 1700 ipsi
1215 1655 1356 1702 particula
1371 1654 1458 1701 agelli
1473 1654 1488 1688 a
1502 1665 1586 1701 patre
1599 1655 1754 1701 relinque-

999 1716 1097 1745 retur,
1118 1704 1162 1739 vel
1177 1717 1208 1738 ut
1224 1707 1254 1739 in
1268 1704 1353 1738 nullo
1366 1702 1430 1737 casu
1448 1703 1502 1751 ipsi
1515 1704 1708 1750 portiuncula
1721 1717 1754 1738 a-

1000 1756 1078 1802 liqua
1093 1756 1227 1801 potuerit
1239 1756 1437 1801 contingere,
1453 1754 1484 1787 in
1497 1754 1601 1800 primis
1610 1766 1680 1787 cum
1694 1753 1754 1788 do-

1001 1818 1054 1838 mo
1062 1803 1220 1837 Davidtcd
1227 1805 1262 1837 ad
1270 1803 1461 1852 paucissimos
1473 1803 1636 1838 redactaad
1644 1815 1754 1850 quem-

1001 1856 1042 1889 vis
1058 1867 1094 1888 ex
1108 1853 1168 1887 istis
1183 1855 1316 1901 reliquiis
1332 1852 1538 1900 superstitem,
1565 1853 1584 1885 si
1605 1865 1670 1886 non
1683 1849 1755 1899 pos-

1001 1904 1083 1939 sessio
1102 1904 1264 1952 tyrannicis
1278 1904 1335 1936 illis
1354 1902 1564 1948 temporibus;
1591 1903 1637 1946 jus
1651 1913 1754 1935 tamen

999 1956 1035 1989 ad
1055 1956 1152 2002 ampla
1171 1953 1236 1989 satis
1249 1951 1402 1987 latifundia
1416 1953 1612 1999 contingere,
1639 1949 1696 1985 fuit
1708 1949 1754 1991 fa-

1000 2006 1160 2040 cillimum.

1047 2055 1106 2089 Sed
1127 2055 1156 2087 id
1171 2054 1257 2103 quod
1277 2064 1344 2087 ante
1364 2051 1470 2085 omnia
1490 2051 1602 2085 evincit
1619 2050 1751 2084 Mariam
1767 2045 1919 2090 Mar{avir-

1002 2106 1128 2146 ἐπίκληρον
1143 2107 1174 2137 δι
1191 2103 1388 2143 ἐπικληςοπὶτάυ
1408 2102 1423 2146 <
1431 2101 1516 2148 quod
1529 2101 1567 2134 ab
1583 2100 1751 2147 interpreti·
1762 2085 1897 2152 ἕοξιῖω-

1003 2151 1059 2186 bus
1079 2151 1227 2200 plerisque
1245 2149 1324 2184 male
1344 2151 1523 2199 negligitur)
1545 2149 1588 2183 est
1605 2151 1682 2183 illius
1695 2161 1754 2194 prae
1768 2138 1868 2195 ⁵7:37⁹

1002 2201 1149 2236 omnibus
1167 2200 1348 2236 mortalibus
1367 2201 1578 2246 praerogativa,
1599 2211 1631 2232 ut
1645 2199 1708 2233 Dei
1721 2197 1757 2231 fi-

1003 2250 1059 2282 lius
1071 2251 1110 2282 ab
1130 2251 1164 2284 ea
1183 2262 1305 2284 carnem
1326 2250 1487 2294 acciperet.
1512 2248 1688 2287 Tribuum,
1714 2245 1760 2280 fa-

1003 2298 1171 2338 miliarum,
1199 2302 1230 2334 &
1249 2297 1459 2331 haereditautm
1479 2297 1621 2331 omnium
1645 2296 1762 2331 Israeli-

1004 2357 1105 2379 tarum
1118 2346 1321 2380 distinetioad
1329 2346 1410 2378 hunc
1423 2347 1555 2379 maxime
1569 2346 1662 2379 finem
1676 2344 1764 2378 insti-

1006 2406 1069 2428 tuta
1086 2394 1147 2435 est,
1174 2406 1208 2428 ut
1225 2394 1339 2428 Meffiae
1358 2394 1494 2427 nativitas
1513 2394 1671 2431 distinete«,
1698 2405 1764 2427 cer-

1006 2456 1051 2483 ta,
1071 2444 1210 2492 claraque
1223 2442 1385 2478 secundum
1398 2442 1561 2489 promissa,
1576 2442 1764 2490 prophetias,

1006 2498 1037 2528 δε
1054 2495 1196 2528 ordinem
1215 2494 1232 2527 a
1251 2494 1327 2527 Deo
1341 2491 1539 2538 praestitutum
1553 2505 1589 2526 ex
1602 2492 1690 2525 beata
1704 2492 1765 2526 vir-

1006 2544 1076 2590 gine
1089 2542 1186 2577 fieret.
1212 2543 1275 2575 Hic
1291 2540 1360 2575 finis
1375 2542 1532 2587 primarius
1546 2539 1618 2580 fuit,
1641 2553 1694 2574 cur
1706 2553 1764 2574 un-

1007 2606 1099 2640 quam
1113 2593 1192 2639 apud
1204 2592 1307 2626 ludaeos
1320 2591 1396 2624 ullus
1410 2590 1511 2624 homo
1525 2589 1573 2624 seu
1586 2591 1632 2625 vir
1645 2587 1693 2623 seu
1705 2588 1765 2624 foe-

1007 2644 1087 2677 mina
1101 2641 1171 2677 esset
1185 2646 1345 2684 {ninang(÷>⁴,
1366 2641 1413 2673 vel
1427 2641 1521 2673 ullum
1537 2641 1567 2674 in
1586 2641 1666 2674 terra
1679 2639 1765 2673 Cha-

1007 2705 1083 2726 naan
1098 2693 1161 2740 agri
1174 2692 1323 2740 pugillum
1343 2701 1375 2724 ut
1393 2689 1552 2724 distinetus
1565 2690 1658 2723 haeres
1672 2689 1764 2734 poffi-

1006 2743 1099 2776 deret.
1127 2743 1212 2776 Eane
1227 2754 1302 2788 ergo
1316 2739 1428 2774 merito
1447 2741 1621 2781 ἐπικλκξσπὲτη
1638 2735 1762 2772 censen-

1006 2792 1058 2826 da,
1079 2802 1111 2824 ut
1126 2802 1159 2824 ut
1172 2793 1202 2824 in
1215 2792 1342 2824 terrenis
1355 2788 1549 2835 paupercula,
1580 2788 1611 2820 in
1624 2789 1710 2831 cujus
1725 2799 1761 2821 u-

1007 2841 1072 2872 nius
1100 2837 1384 2886 superexcellentem
1404 2838 1610 2871 haereditatem
1631 2838 1761 2870 aliorum

1006 2889 1148 2922 omnium
1162 2887 1356 2935 possessiones
1365 2899 1396 2921 ut
1406 2887 1512 2922 finem,
1530 2884 1672 2933 scopum,
1687 2898 1761 2919 cen-

1005 2950 1100 2973 trum,
1117 2943 1147 2973 &
1162 2939 1330 2984 antitypum
1343 2936 1515 2971 tendebant.
1542 2937 1626 2970 Eane
1640 2947 1696 2981 pro
1704 2934 1759 2969 suo

1006 2987 1234 3034 incomparabili
1249 2987 1408 3034 privilegio
1422 2986 1508 3019 omni
1530 2987 1662 3027 {mnan'gm
1673 2985 1756 3028 jure,

1005 3047 1073 3070 ante
1091 3049 1201 3070 omnes
1219 3034 1278 3069 frui
1292 3036 1424 3070 debebat
1439 3038 1451 3068 ?
1480 3033 1620 3081 Inprimis
1639 3046 1679 3066 eo
1697 3046 1757 3080 prae

1005 3085 1154 3121 manibus,
1166 3096 1199 3119 ut
1212 3098 1275 3119 non
1289 3084 1342 3118 nisi
1355 3085 1385 3117 in
1399 3082 1448 3117 sua
1461 3084 1552 3119 tribu,
1567 3084 1642 3118 &in
1654 3080 1703 3118 sufi
1712 3080 1757 3117 fa-

1004 3134 1088 3168 milia
1106 3135 1137 3169 in
1151 3134 1247 3182 eaque
1260 3134 1405 3182 proximo
1424 3144 1535 3181 agnato
1549 3132 1688 3168 debuerit
1700 3144 1757 3165 nu-

1005 3184 1089 3219 bere.

1421 3234 1438 3265 I
1446 3234 1458 3264 i
1683 3229 1760 3263 Satis
