2048 3343
51 1195 156 1225 Termini

55 1920 159 1958 Magne

54 1969 119 1988 mter

58 2004 80 2029 C
81 2001 140 2028 bron
144 2001 168 2027 ol
169 2011 193 2027 o-

51 2052 95 2081 gos
101 2041 144 2077 defi
150 2052 185 2069 re-

488 84 568 114 ετ
623 74 1254 121 (Ζῃιιοκοιοοιειε

205 151 363 190 miraculo
376 148 637 199 poffibilitatem‚
662 149 765 198 probe
781 147 854 184 alias
874 161 954 183 con-

201 201 255 238 scii
267 214 303 235 cx
317 199 385 248 ipso
395 199 484 235 sensu
500 204 532 235 &
544 198 731 249 quotidianfi
741 196 937 245 experientia'i
949 220 956 232 ,

203 260 288 298 quot
307 261 495 298 quantaque
505 250 565 285 sint
575 274 585 290 ,
596 262 666 297 quae
678 249 806 297 generis
822 246 958 280 humani

203 300 514 346 multiplicationem
528 300 565 332 ad
577 298 754 345 superiores
770 296 957 343 proportio-

203 361 262 383 nes
274 348 433 394 impedire
442 349 574 382 soleant.
601 345 688 381 Alias
703 346 832 394 lingulis
844 344 956 379 seculis

204 410 407 445 unaquaeque
422 409 500 443 gens
522 395 620 430 inilia
640 395 786 443 prodigia
800 407 958 429 numero-

203 460 276 482 rum
289 444 482 481 excresceret
493 470 502 485 ,
514 456 549 479 ut
563 446 762 493 populorum
775 443 957 478 multitudi-

203 498 236 531 ni
249 494 410 543 capiendae
423 506 513 530 totus
522 495 611 529 orbis
630 494 686 529 diu
705 507 772 529 non
786 492 958 532 sufficeret,

203 542 279 580 cum
298 555 405 578 tamen
427 543 602 591 multiplici
618 542 963 592 experientificonstct2

207 591 469 630 foecundissimos
480 594 622 641 populos
644 593 818 641 postyaria
837 592 960 630 secula,

207 645 307 678 etiam
325 643 444 690 absque
457 643 637 689 insignibus
657 643 803 690 velpeste
816 639 865 674 vel
879 639 963 674 fame

205 694 254 727 vcl
266 691 374 739 gladio
392 689 871 739 depopulationibus,notabile
887 690 963 723 nul-

206 742 325 777 lumin
338 753 476 775 numero
489 744 730 775 incrementum
745 737 870 786 cepisse.

254 788 347 825 Plura'i
357 789 406 824 liic
416 803 483 825 non
492 789 696 838 inquiremus
708 799 916 837 properantes
928 785 966 821 ad

207 838 355 889 Epocham
366 839 572 888 sequentem·

423 939 660 972 CAPUT
714 937 756 969 V.

207 1030 263 1066 De
275 1023 372 1067 rebus
392 1023 492 1078 gestis
511 1025 549 1061 in
571 1020 680 1061 tertia*
692 1021 827 1075 Epochd
837 1019 880 1060 ab
899 1035 962 1060 ex-

301 1080 352 1115 odo
363 1082 402 1114 ad
407 1077 506 1125 templi
513 1077 701 1111 Solomonis
713 1077 869 1112 conditum.

210 1177 281 1251 C
299 1173 528 1222 Hronologorum
554 1175 715 1221 principes
749 1186 817 1210 tam
846 1175 962 1210 Prote-

292 1224 410 1259 stantes
421 1223 518 1274 qudin
533 1223 700 1259 Pontificii
719 1224 845 1275 Scaliger
857 1251 864 1263 ,
889 1222 962 1258 Cal-

206 1274 290 1323 vissus
300 1298 310 1314 ,
324 1274 458 1309 Salianm
472 1299 481 1314 ‚
504 1274 641 1308 Fetavim
653 1299 662 1314 ,
681 1274 830 1309 Exodum
844 1273 962 1309 consti-

203 1335 300 1359 tuunt
311 1337 398 1358 anno
425 1324 536 1358 mundi
550 1323 598 1358 bis
621 1323 795 1358 millesimo
807 1323 964 1372 quadrin-

201 1372 386 1422 gentefimo
413 1371 688 1423 quinquagesimo
707 1374 808 1408 tertio
827 1391 837 1414 ,-
863 1371 963 1421 quam

201 1420 288 1458 reete
300 1422 332 1457 id
348 1422 404 1458 fiat
425 1422 512 1470 supra
533 1421 703 1470 perspicue
724 1422 964 1457 demonstravi-

202 1483 276 1508 mus
299 1485 338 1506 ex
355 1473 544 1507 indubitatis
570 1474 603 1506 S.
625 1474 794 1520 Scripturae
820 1472 963 1506 calculis.

201 1523 289 1557 Nam
301 1534 403 1556 annus
417 1523 543 1557 Diluvii
561 1519 626 1557 fuit
647 1522 761 1556 mundi
774 1520 964 1556 millesimus

202 1569 451 1606 sexcentesimus
462 1572 746 1620 quinquagesimus
758 1570 879 1605 sextus:
894 1570 964 1618 post

204 1620 385 1655 Diluvium
405 1632 500 1656 natus
513 1621 558 1655 est
571 1619 726 1655 Abraham
738 1622 831 1655 annis
840 1620 965 1655 ducen-

203 1671 245 1703 tis
259 1671 437 1717 nonaginta
450 1670 591 1707 duobus,
605 1675 636 1705 &
650 1684 737 1705 anno
750 1672 823 1705 vitae
835 1670 965 1717 septua-

204 1719 329 1767 gesimo
358 1723 476 1766 quinto
508 1721 661 1766 migravit
690 1722 723 1754 in
751 1716 942 1753 chananaeam
954 1744 964 1760 ,

207 1769 285 1803 hinc
297 1768 336 1802 ad
355 1768 506 1803 Exodum
522 1768 623 1815 Moses
634 1773 664 1804 &
681 1768 784 1802 Paulus
796 1779 967 1804 numerant

210 1817 472 1866 quadringentos
482 1818 616 1866 triginta
626 1842 636 1858 ,
665 1817 724 1852 hos
735 1818 878 1864 sijungas
888 1832 968 1866 pro-

211 1868 259 1901 dit
281 1866 366 1901 dicta
385 1865 510 1901 summa
531 1878 695 1902 annorum
716 1867 764 1902 bis
782 1869 869 1903 mille
888 1882 968 1916 qua·

210 1915 462 1964 dringentorum
483 1917 718 1965 quinquaginta
728 1918 839 1952 trium.
864 1917 968 1966 Qod

212 1976 320 2000 autem
335 1966 479 2014 Capellus‚
496 1967 642 2001 Henricm
655 1965 778 2016 Philippi
792 1971 825 2002 ὃς
838 1968 890 2002 alii
902 1980 969 2002 rna-

209 2018 318 2060 jorem
338 2014 499 2051 summam
518 2016 716 2051 constituant
731 2041 740 2054 ‚
759 2031 797 2052 ex
808 2030 848 2052 eo
861 2029 970 2051 errore

213 2063 262 2099 fit,
275 2065 363 2111 quod
374 2064 581 2113 supposititio
591 2067 715 2101 Cainani
726 2068 859 2114 triginta
874 2067 971 2100 mini-

212 2112 305 2148 mum
317 2126 424 2148 annos
435 2115 566 2162 quidam
581 2116 734 2153 tribuant,
747 2120 779 2151 &
790 2129 905 2151 omnes
916 2118 970 2150 A·

210 2161 381 2198 brahamum
392 2164 557 2212 sexaginta
572 2167 649 2200 totis
661 2168 752 2200 annis
763 2163 859 2199 serius
871 2163 970 2211 quam

211 2216 316 2261 Mofts
328 2238 338 2254 ‚
352 2211 452 2248 Tharae
463 2213 583 2248 scilicet
596 2214 776 2249 centesimo
789 2214 969 2254 tricesimo,

212 2275 295 2302 uon,
308 2273 343 2296 ut
355 2276 429 2298 nos,
439 2261 676 2312 septuagesimo
689 2275 802 2298 natum
812 2264 925 2307 velint.

261 2313 312 2347 Ut
323 2312 455 2347 duarum
471 2314 616 2360 priorum
626 2313 830 2360 Epocliarum
843 2312 973 2348 termini

215 2361 289 2393 clari
299 2357 370 2395 satis
382 2365 412 2396 &
425 2361 480 2396 fixi
495 2362 578 2402 sunt,
591 2365 635 2397 ita
646 2364 820 2406 tertiaejam
833 2374 893 2408 prae
905 2375 972 2396 ma-

216 2407 314 2441 nibus
330 2420 398 2443 non
420 2411 532 2445 minus
549 2414 626 2446 certi
651 2417 682 2447 δι
696 2413 775 2446 clari
795 2411 948 2446 videntur
965 2424 973 2444 ι

217 2457 307 2491 Nam
320 2467 354 2490 ut
366 2458 470 2491 Exodi
484 2460 639 2505 tempusa
653 2461 741 2506 Mose
751 2486 760 2500 ‚
781 2463 825 2494 ita
837 2460 973 2494 [ὶῐυξὶιι-

217 2518 259 2540 rae
272 2507 383 2551 templi
404 2506 443 2540 ab
460 2508 590 2541 auc‘tore
613 2509 670 2542 lib.
686 2511 795 2556 1.Reg
816 2522 885 2555 cap.
899 2515 927 2543 6.
947 2521 976 2542 1.

217 2556 416 2601 principium
459 2556 610 2589 statuitur
655 2557 999 2604 quadringentesimo?

215 2603 421 2651 oistogefimo
438 2603 511 2650 post
527 2605 677 2638 Exodutn
690 2632 698 2644 ‚
716 2606 861 2653 adeoque
879 2618 976 2639 mun-

214 2653 246 2686 di
263 2654 310 2686 bis
337 2653 506 2687 millesimo
532 2654 782 2700 nongentesimo
810 2653 975 2688 tricesimo

215 2704 325 2736 tertio-
350 2704 482 2736 Summa
494 2703 591 2748 hujus
601 2704 742 2750 Epocliae
754 2702 769 2738 ἆ
783 2705 874 2738 variis
888 2703 973 2737 varie

214 2750 393 2798 colligitur.
422 2753 476 2785 Sic
490 2764 596 2786 autem
607 2753 623 2787 ὲ
636 2754 719 2786 limio
730 2755 762 2786 in
779 2753 835 2787 lib.
852 2765 878 2786 1.
891 2754 974 2800 Reg-

215 2813 284 2847 cap.
298 2805 333 2835 6.
345 2799 420 2834 vers·
436 2813 463 2834 1.
483 2803 519 2834 In
530 2800 656 2835 deserto
670 2804 808 2848 (inquit)
821 2804 896 2836 anni
913 2804 974 2835 acti
999 2811 1000 2834 1
1024 2803 1154 2838 Defecit
1167 2803 1218 2837 hic
1231 2801 1391 2850 populum
1404 2814 1501 2850 quam
1516 2815 1553 2835 ex
1573 2805 1714 2849 AEgypto
1725 2814 1781 2837 tu-

216 2848 290 2884 sunt
308 2850 532 2897 quadraginta,
554 2850 611 2885 sub
632 2849 712 2897 lofiid
732 2850 950 2897 septendecim
964 2875 973 2890 ‚

221 2896 279 2932 sub
300 2898 442 2933 Iudicsbm
462 2900 590 2934 ducenti
610 2901 727 2948 viginti
750 2911 868 2934 novem
885 2925 893 2938 ,
920 2899 976 2933 sub
1000 2914 1002 2921 r

226 2947 286 2985 Eli,
298 2950 429 2982 Samuele
440 2952 474 2983 &
488 2949 577 2983 Saule
589 2951 771 2997 oftoginta,
783 2948 839 2982 sub
854 2949 977 2982 Davide
1001 2949 1002 2952 ¹

227 2997 458 3045 quadraginta,
485 2998 533 3033 liis
545 2999 643 3033 additi
657 3001 751 3046 primi
772 3009 911 3045 quatuor
922 3002 979 3031 So-

229 3042 344 3079 Iomanis
356 3047 432 3082 dant
452 3045 648 3095 supradic‘tos
668 3048 927 3096 quadringentos
943 3061 980 3081 0-

232 3093 388 3139 &ogiam
415 3099 500 3145 Qiae
519 3098 631 3133 contr)
652 3100 856 3142 objiciuntur
879 3099 980 3132 multa

232 3139 305 3177 satis
318 3146 350 3177 δε
363 3149 486 3192 gravia,
506 3151 607 3196 capite
622 3147 775 3197 sequente
787 3147 978 3185 videbimus.

1314 73 1490 117 Liml.
1704 88 1753 121 41

1010 150 1077 184 Res
1096 146 1215 182 interea
1233 161 1285 194 per
1302 148 1416 184 orbern
1438 148 1543 198 gestas
1563 148 1671 195 paucis
1681 149 1762 185 deli-

1008 197 1123 232 bemus
1143 208 1209 232 tam
1222 198 1306 232 intra
1324 199 1494 234 Ecclesiam
1513 196 1612 247 quaim
1625 210 1715 234 extra
1725 201 1760 234 in

1007 248 1142 282 mundo.

1053 300 1089 330 In
1100 294 1166 343 ipsz'i
1177 295 1295 330 Exodo
1305 292 1477 341 paucisque
1486 297 1541 341 qui
1553 295 1676 343 sequuti
1689 295 1759 331 sunt
1780 293 1906 330 lftazlim-

1007 344 1122 380 dicbus
1142 347 1339 392 AEgyptiacae
1359 344 1456 391 plagae
1468 342 1563 379 finitae
1574 344 1656 381 sunt.
1685 347 1759 381 Post
1778 335 1920 382 riamcrua'e-

1007 396 1191 430 multorum
1210 405 1374 428 annorum
1393 392 1627 428 acerbissimam
1646 395 1685 429 ab
1705 397 1760 429 ΑΞ-
1775 376 1922 452 ssssfisses‘

1006 444 1126 492 gyptiis
1159 441 1372 477 afflictionem
1399 445 1500 485 (nam
1530 443 1700 489 oeloginta
1728 448 1759 478 &
1784 463 1820 485 80
1838 459 1918 495 plaga

1007 492 1099 540 quod
1120 494 1262 526 excurrit
1276 493 1368 526 annis
1381 492 1504 525 duravit
1516 490 1582 524 dira
1604 492 1759 526 masculo-
1780 497 1919 536 AEgjpna-

1008 554 1081 577 rum
1103 538 1280 575 infantium
1304 539 1506 583 submersio)
1535 540 1673 575 excitata
1691 551 1760 575 tan-

1009 592 1083 625 dem
1104 592 1138 625 in
1149 588 1344 638 oppressores
1354 591 1525 637 AEgyptios
1536 589 1645 624 divina
1657 590 1763 624 vindi-

1010 642 1060 674 &a
1071 640 1113 674 ess
1126 662 1135 676 ³
1151 639 1350 686 vocatusque
1360 642 1463 686 Mffes
1473 637 1716 686 quadragesimo
1728 652 1761 673 a-

1011 689 1079 736 pud
1096 688 1286 723 Madianitas
1306 686 1395 722 exilii
1416 692 1448 723 &
1471 688 1680 735 ostogefimo
1693 689 1764 722 vitae

1011 751 1099 773 anno
1112 761 1120 777 ‚
1136 737 1174 772 ad
1191 737 1396 774 liberandum
1415 736 1524 773 divin-21
1544 735 1690 785 potentini
1704 751 1767 784 po-

1010 789 1138 835 pulum.
1161 789 1257 821 Toto
1275 800 1314 822 eo
1335 800 1422 822 anno
1442 788 1475 821 in
1498 786 1697 835 oppressores
1708 787 1767 820 AE-

1780 549 1808 565 cx
1825 550 1871 566 uno

1780 587 1878 607 tantum

1780 631 1843 647 anno
1853 620 1900 647 du·

1783 669 1879 690 rarum.

1009 838 1143 885 gyptios
1164 837 1287 870 meritis
1308 837 1408 884 plagis
1425 834 1638 871 saevitum‘est
1655 859 1666 875 ,
1690 849 1768 870 nam

1011 884 1101 932 quod
1114 884 1250 932 quidam
1271 897 1340 918 uno
1362 884 1472 919 mense
1488 885 1592 932 plagis
1607 885 1766 920 omnibus

1011 937 1188 981 AEgyptum
1199 930 1385 968 defunctam
1396 935 1513 969 volunt
1525 959 1535 975 ‚
1547 939 1768 982 praeterratio-

1010 995 1086 1016 nem
1099 980 1329 1028 praefestinant.

1055 1032 1145 1065 Anni
1167 1032 1263 1073 Masis
1281 1028 1475 1078 mstogesimi
1495 1031 1592 1078 primi
1614 1054 1624 1071 ,
1650 1029 1766 1067 mundi
1789 1038 1910 1067 Diari'um

1009 1079 1062 1115 bis
1106 1078 1270 1115 millesimi
1312 1078 1625 1128 quadringentesimi
1659 1083 1766 1128 quarti
1785 1082 1878 1126 itineris

1010 1126 1121 1164 mense
1141 1131 1250 1177 primo
1276 1127 1358 1172 (Ab
1371 1127 1517 1175 primum
1538 1132 1569 1163 &
1583 1128 1690 1176 postea
1704 1130 1765 1163 Ni·
1787 1121 1898 1156 ‘fissam‘

1002 1179 1056 1226 san
1075 1178 1181 1218 dicio,
1204 1180 1261 1226 qui
1279 1181 1313 1212 in
1325 1189 1485 1225 computo
1503 1179 1597 1212 omni
1613 1177 1701 1213 sacro
1719 1176 1767 1212 fa·
1785 1173 1838 1231 ’ἔξω
1853 1171 1896 1230 ‘²¹⁶0

1009 1230 1080 1262 &us
1093 1227 1137 1262 est
1147 1227 1256 1276 poste}
1266 1229 1415 1275 primus)
1442 1227 1492 1262 die
1503 1227 1633 1262 decimo
1647 1253 1655 1266 ,
1669 1228 1769 1262 nostri
1820 1210 1870 1241 gyf
1899 1220 1908 1229 ⁸

1011 1278 1131 1325 Aprilis
1153 1277 1328 1312 undecimo
1344 1301 1354 1317 ‚
1379 1274 1534 1324 sepositus
1551 1277 1594 1312 est
1616 1279 1648 1312 in
1660 1279 1772 1311 omnis

1012 1327 1160 1361 lsra'e’litae
1186 1326 1290 1361 domo
1314 1326 1357 1360 ad
1377 1325 1690 1374 sacrificiumagnus
1708 1331 1772 1361 Pa-

1011 1375 1141 1417 sclialis,
1162 1378 1220 1425 qui
1241 1375 1313 1423 post
1332 1376 1398 1411 dies
1417 1387 1558 1422 quatuor
1571 1399 1579 1413 ‚
1601 1376 1700 1421 Nifhn
1717 1388 1772 1422 ¹4·

1011 1427 1133 1473 Aprilis
1150 1426 1251 1471 15.ad
1269 1424 1432 1472 vesperam
1448 1427 1603 1460 mastatus
1615 1425 1671 1460 est.
1698 1425 1773 1460 No-

1013 1476 1062 1510 cte
1077 1473 1112 1508 eit
1132 1474 1236 1509 media
1251 1474 1269 1509 :l
1289 1474 1485 1510 destruetore
1507 1476 1626 1523 angelo
1648 1476 1775 1522 primo-

1013 1525 1119 1572 geniti
1137 1525 1255 1559 necati.
1293 1526 1436 1560 Decimo
1447 1525 1567 1573 quinto
1586 1526 1701 1572 Mfim,
1732 1529 1774 1558 16

1013 1575 1137 1621 Aprilis
1155 1572 1263 1608 multo
1283 1586 1378 1608 mane
1396 1572 1492 1608 donis
1507 1577 1536 1607 ἃ
1556 1573 1720 1609 blanditiis
1731 1572 1772 1607 ab

1014 1624 1177 1672 AEgyptiis
1197 1622 1416 1671 praesentaneae
1441 1624 1557 1658 mortis
1579 1634 1671 1658 metu
1692 1636 1776 1657 con-

1015 1673 1163 1708 sternatis
1176 1670 1316 1720 protrusi
1331 1697 1339 1713 ‚
1368 1673 1477 1719 primo
1498 1670 1772 1720 profefitionisdie

1016 1721 1092 1758 feria
1103 1722 1313 1758 hebdomadae
1323 1721 1435 1770 quintii
1444 1723 1476 1756 in
1486 1719 1608 1756 Succoth
1620 1721 1772 1756 taberna-

1017 1771 1088 1808 cula
1102 1771 1244 1807 fixerunt
1263 1785 1271 1804 :
1298 1771 1343 1806 ibi
1356 1774 1388 1806 in
1400 1772 1574 1819 tuguriolis
1587 1767 1711 1805 Succotb
1722 1771 1775 1804 di-

1017 1823 1076 1857 &is
1086 1834 1217 1869 azymos
1229 1819 1385 1856 Paschatis
1396 1832 1493 1867 panes
1514 1819 1571 1854 sub
1590 1822 1695 1854 cinere
1716 1833 1777 1854 co-

1017 1874 1088 1906 ξῒοε
1110 1870 1334 1905 comederunt.
1358 1871 1423 1905 Die
1445 1870 1594 1916 sequenti
1613 1869 1710 1915 Nifim
1727 1872 1778 1904 16.

1017 1921 1140 1968 Aprilis
1156 1932 1168 1954 i
1178 1932 1209 1965 7.
1220 1917 1300 1955 feriz‘i
1309 1918 1396 1953 sexta
1408 1921 1521 1954 eAEtan
1532 1916 1669 1966 profefti
1683 1917 1755 1953 sunt
1767 1942 1776 1955 ,

1018 1970 1071 2005 hic
1087 1969 1230 2004 sabbato
1249 1967 1328 2004 feria
1343 1967 1475 2016 septimii
1492 1965 1644 2015 quievisse
1665 1967 1779 2002 viden-

1019 2031 1081 2054 tur.
1107 2019 1206 2067 Nisam
1228 2020 1284 2052 18.
1302 2015 1424 2063 Aprilis
1449 2030 1503 2061 19.
1530 2015 1605 2051 feriit
1629 2015 1778 2051 secundae

1018 2067 1231 2104 hcbdomadae
1250 2067 1352 2115 primzi
1367 2076 1527 2102 venerunt
1551 2062 1725 2100 chahiroth
1739 2065 1779 2100 ad

1018 2120 1111 2154 littus
1124 2118 1220 2152 maris
1238 2117 1348 2156 rubri,
1375 2116 1483 2163 paucis
1494 2113 1545 2148 hie
1557 2114 1672 2149 diebus
1683 2127 1778 2149 com·

1018 2168 1152 2206 morati,
1163 2164 1374 2201 habuerunt&
1388 2176 1481 2212 tergo
1491 2165 1626 2211 AEgypti
1639 2164 1780 2212 Regem,

1018 2213 1190 2251 Manethoni
1200 2212 1360 2250 fenebrem
1373 2226 1447 2248 curri
1461 2212 1520 2247 suo
1532 2215 1690 2253 exercitu,
1703 2215 1733 2248 vi
1747 2217 1780 2247 &

1021 2267 1121 2301 armis
1142 2268 1173 2300 in
1186 2265 1350 2313 pristinam
1363 2263 1550 2299 servitutem
1569 2261 1716 2298 israelitas
1729 2275 1780 2297 re-

1017 2318 1209 2353 tracturum.

1068 2369 1099 2399 A
1112 2367 1222 2412 primo
1235 2363 1449 2411 profcffionis
1467 2372 1639 2397 momento
1657 2360 1780 2396 Domi-
1801 2358 1909 2408 cbristus

1021 2417 1161 2462 nus-[esua
1172 2413 1263 2448 faciei
1274 2411 1672 2460 Ieliovaeangelus,1sra'e'lis
1684 2409 1780 2443 castra
1802 2418 1827 2443 in
1838 2415 1898 2444 nube

1023 2472 1059 2498 ut
1075 2465 1151 2497 Dux
1165 2467 1198 2497 δε
1217 2467 1393 2509 Imperator
1406 2461 1616 2496 antecedebat
1627 2462 1660 2493 in
1673 2459 1780 2502 nube3
1798 2458 1885 2494 p⁰P¹⁴l⁰

1022 2526 1092 2560 quae
1113 2512 1252 2546 interdiu
1265 2513 1404 2558 caligine
1415 2511 1465 2544 sufi
1476 2511 1581 2544 radios
1593 2509 1704 2542 solares
1718 2509 1781 2541 mi·
1802 2500 1878 2527 Dux.

1023 2561 1170 2607 tigabat,
1193 2565 1224 2594 &
1243 2562 1342 2592 ηοᾶυ
1361 2559 1419 2592 suo
1440 2560 1550 2591 calore
1567 2569 1602 2589 ac
1623 2555 1697 2590 luce
1717 2570 1779 2591 no-

1023 2611 1137 2642 eturna
1148 2607 1270 2654 frigora
1281 2611 1311 2640 &
1325 2607 1473 2640 tenebras
1484 2604 1661 2652 diffipabat.

1073 2658 1203 2702 integro
1220 2653 1393 2689 transfafto
1414 2654 1524 2689 mense
1538 2653 1608 2701 post
1624 2653 1777 2689 Exodum

1023 2704 1160 2740 statione
1173 2703 1286 2740 οᾶιινέὶ
1299 2715 1462 2738 venerunt
1475 2701 1660 2738 lsra'e'litaein
1672 2703 1779 2738 deser-

1023 2763 1095 2799 tum
1116 2755 1187 2789 Sin,
1206 2753 1321 2788 mensis
1344 2757 1403 2787 [tar
1425 2765 1475 2799 15.
1496 2752 1595 2786 nostri
1617 2753 1700 2798 Maji
1721 2757 1776 2787 16.

1025 2851 1132 2886 lerunt
1142 2866 1271 2886 annona
1282 2878 1290 2891 ‚
1311 2852 1386 2886 liinc
1401 2863 1565 2885 murmura
1579 2853 1611 2885 in
1625 2854 1733 2892 Mosen
1747 2855 1780 2886 &

1027 2900 1199 2936 Deumsed
1212 2914 1283 2950 quae
1299 2903 1385 2935 Deus
1398 2901 1501 2935 statim
1515 2901 1730 2948 compescuit,
1741 2914 1781 2936 ex

1028 2952 1118 2998 largo
1131 2948 1191 2986 suae
1205 2950 1412 2997 providentice
1425 2953 1649 2996 promptuario
1667 2949 1783 2997 suppe-

1028 3000 1133 3034 ditans
1146 3000 1181 3034 ea
1192 2999 1256 3048 ips&
1267 3002 1363 3034 noire
1372 2998 1557 3034 immensam
1571 3001 1716 3033 carnium
1726 3000 1787 3034 de-

1027 3050 1193 3084 licatarum
1206 3052 1355 3096 copiam,
1365 3061 1494 3097 gregem
1507 3049 1735 3088 Coturnicum‚
1749 3053 1782 3083 &

1030 3111 1124 3133 mane
1136 3100 1315 3148 insequenti
1328 3101 1361 3133 in
1372 3111 1441 3133 rore
1454 3100 1652 3147 Angelicum
1664 3111 1782 3146 panem

1029 3152 1161 3185 Manna.

1419 3198 1442 3232 1³
1700 3197 1783 3231 Dies
