2048 3343
105 2098 193 2125 Bellum

97 2138 187 2172 ſsciale

104 2177 207 2215 difficile.

284 100 363 133 292
635 74 950 119 OPERiS

1013 76 1491 116 H13T0R1‘01

284 158 345 194 suis
355 156 450 192 armis
461 154 693 201 acquisiverat:
709 153 773 202 legi
783 151 924 191 addidit,
936 161 972 184 ut
982 149 1043 183 fin,
1061 153 1066 183 ‘i
1091 148 1152 184 hoc
1164 149 1257 186 bello
1270 153 1341 194 sylla
1352 152 1453 184 virtus
1465 150 1618 192 emicuit,
1633 164 1670 188 ut
1683 153 1847 191 Consula-

282 209 349 256 guli
373 206 535 242 senatores
553 217 624 238 carn
642 204 698 237 suo
718 201 928 247 jurejurando
940 199 1043 234 sanci-

283 256 529 301 rent‚alioquin
543 255 891 288 Senatumoverentur
903 275 913 290 ‚
942 252 975 283 ὅ(
993 251 1041 282 vi-

282 308 366 354 ginti
388 305 518 339 talentis
531 305 780 338 multitarentur.
807 302 921 334 Marius
937 299 969 333 in
984 300 1040 333 Se-

282 367 359 389 natu
376 366 491 389 contra
508 353 573 387 hoc
588 351 810 397 jusjurandum
824 347 1037 388 declamavit,

281 409 315 439 ὃς
338 403 380 437 ab
400 417 442 438 eo
468 402 632 438 sumendo
657 411 776 433 omnes
801 399 858 433 suo
883 396 1035 444 exemplo

280 456 418 488 avertit:
439 453 487 487 secl
501 465 540 487 en
554 452 717 484 versutum
728 450 1033 495 praevaricatorem!

283 504 373 537 Cum
395 505 565 537 Saturninus
584 508 711 547 urgeret
737 502 984 541 juramentum,
1001 495 1034 530 id

278 555 391 588 Marius
401 548 628 597 linescrupulo
639 547 800 596 praestitit,
816 550 850 580 δε
871 544 944 592 post
955 557 1030 579 eum

279 614 336 635 om
343 613 396 634 nes
407 612 521 648 praetet
534 601 687 635 Metellum,
699 597 748 629 cui
761 597 815 628 uni
828 595 966 642 laqueus
977 595 1030 629 ille

276 649 293 684 2¹1
305 653 399 685 Mario
411 649 608 684 tendebatur
623 661 630 680 :
660 645 860 680 recusantem
883 648 1030 679 Metellum

274 712 344 734 non
362 698 490 733 tantum
508 709 544 730 ex
563 695 672 729 senam
689 719 699 734 ‚
728 693 781 728 sed
798 707 834 728 ex
853 705 925 728 tota
939 693 1030 728 Italia

274 752 446 783 Saturninus
455 748 551 791 ejicit,
563 743 645 790 aqua
657 749 690 778 ὄε
704 745 772 791 igni
782 744 1027 778 interdicendo.

270 797 335 832 Sed
354 809 431 829 ecce
458 794 588 829 coelitus
614 805 792 841 properam
812 792 1026 827 rvindietarn.

268 848 359 880 Dum
371 844 501 879 favente
512 845 608 877 Mario
622 846 794 877 Saturninus
804 841 1025 876 Consulatum

266 895 426 934 ambiret,
450 895 606 928 Memmius
621 892 684 926 una
694 904 768 926 curn
781 905 823 926 eo
839 890 900 926 fuit
912 894 1025 926 candi-

265 944 358 978 datus
371 942 621 978 :animadverso
633 953 744 976 autem
757 941 872 989 populi
886 944 918 974 in
931 949 1022 976 Mem-

264 997 354 1028 mium
369 1006 432 1040 prae
445 993 472 1026 se
483 990 609 1031 favore,
620 993 663 1024 im
671 990 768 1025 miffis
780 988 1023 1039 percussoribus

264 1045 298 1075 in
311 1041 380 1089 ipso
391 1040 468 1076 foro
479 1044 650 1077 Memmium
669 1045 843 1075 Saturninus
864 1053 952 1074 curat
963 1053 1019 1074 ne-

263 1091 419 1126 candum.
453 1094 490 1125 In
504 1092 608 1125 atroci
618 1090 680 1123 hoc
692 1089 806 1125 scelere
819 1092 1023 1138 populustu-

263 1144 420 1176 multuari
440 1167 450 1182 ,
480 1144 651 1176 Saturninus
676 1140 885 1187 Capitolium
921 1152 1018 1174 occu-

262 1203 353 1237 pare:
373 1189 429 1226 scd
442 1191 521 1225 dum
534 1203 618 1236 aqua
630 1190 862 1224 intercluditur
873 1215 881 1230 ,
894 1188 941 1223 siti
953 1188 1020 1223 fere*

263 1242 416 1281 enectus,
439 1244 537 1276 Murio
558 1239 589 1274 se
603 1239 750 1274 tradidit.
786 1241 886 1273 l-lunc
908 1242 1021 1273 Marius

262 1288 351 1335 quali
365 1292 490 1336 iuditio
501 1290 662 1324 reservans
673 1288 829 1323 custodire
840 1287 1019 1328 commisit,

259 1340 407 1385 populus
420 1343 510 1375 Marti
521 1337 669 1373 fraudem
683 1337 872 1385 suspicatus,
884 1340 1018 1373 Saturni-

261 1401 331 1422 num
350 1389 456 1423 statim
469 1388 636 1434 lapidibus
655 1386 784 1422 obruit.
821 1390 870 1422 Eo
890 1387 1017 1422 sublato

260 1441 392 1472 Metellus
409 1442 519 1485 junior
540 1439 682 1485 pullatus
702 1436 717 1471 a
736 1440 866 1484 populo
879 1439 1018 1472 reditum

260 1489 362 1534 patris
383 1488 541 1535 supplicat
567 1503 575 1524 ,-
604 1487 684 1521 dum
697 1499 815 1520 omnes
827 1487 933 1522 redire
946 1499 1017 1534 per-

259 1538 420 1578 mittunt,
438 1549 518 1570 unus
539 1539 636 1571 Furius
659 1534 829 1570 Tribunus
847 1539 940 1571 Marii
953 1539 1016 1570 im-

258 1584 351 1631 pulsu
362 1585 601 1634 supplicantem
614 1589 769 1630 juvenem
782 1588 885 1631 rejicit
904 1600 911 1620 :
929 1586 1017 1620 hunc

257 1634 429 1670 obstinatae
450 1634 662 1681 perversitatis
689 1637 794 1669 virum
811 1638 967 1682 -populus
984 1637 1017 1669 in

238 1686 241 1689 ’
259 1687 404 1719 comitiis
424 1683 604 1732 discerpsit.
639 1684 853 1718 Redeuntem
869 1688 1016 1720 Metellum

258 1733 337 1767 urbs
359 1745 430 1768 tota
449 1747 573 1782 magno
596 1734 722 1781 gaudio
745 1732 883 1781 suscipit.
902 1733 1014 1769 'Unus

256 1783 441 1818 Marius'viri
452 1783 664 1831 conspeistum
676 1795 745 1817 non
754 1781 862 1818 fetens
872 1785 932 1816 infl.
941 1783 1018 1819 fiam

259 1831 478 1879 proficiscitur
499 1849 508 1873 ς
539 1832 625 1879 quasi
649 1845 726 1867 vota
745 1831 908 1868 soluturus
922 1836 1017 1869 matri

260 1883 428 1919 Deorum,
439 1894 550 1916 revera
562 1893 596 1914 ut
607 1885 805 1917 Mithridatem
819 1894 935 1917 contra
947 1885 1017 1918 Ro-

261 1942 379 1965 manos
388 1933 581 1970 concitaret,
591 1943 632 1964 eo
645 1930 709 1966 fine
720 1943 755 1965 ut
765 1930 830 1977 ipse
845 1932 932 1967 bello
943 1933 1018 1968 huic

262 1979 478 2015 conficiendo
491 1981 733 2016 admoveretur.
760 1982 825 2016 Sed
837 1982 896 2016 hac
906 1982 954 2018 suf]
965 1982 1017 2031 spe

260 2033 374 2064 Marius
383 2030 508 2078 egregie
521 2029 617 2065 salsus
629 2030 683 2063 est.

308 2080 405 2113 Italiae
417 2078 665 2126 populijuntstis
674 2078 795 2114 viribus
806 2092 880 2113 cum
892 2082 1017 2115 Roma-

261 2129 328 2166 nis,
348 2140 465 2161 omnes
487 2129 613 2161 vicinos
632 2128 735 2174 longe
753 2132 887 2176 lateque
899 2131 1017 2164 Romae

258 2176 508 2223 subjugaverant
537 2189 545 2209 ι
572 2189 702 2218 aequum
725 2189 804 2224 ergo
828 2178 1015 2219 censebant,

260 2223 381 2259 cumin
396 2227 491 2258 omni
513 2223 600 2258 bello
623 2228 762 2267 majores
785 2226 909 2271 {emper
926 2225 1013 2270 ipso-

257 2287 329 2308 rum
343 2273 439 2319 quam
456 2275 693 2308 Romanorum
707 2271 835 2307 fuiil'ent
850 2275 963 2317 copiae,
978 2285 1013 2307 ut

252 2326 305 2367 jus
324 2324 466 2356 civitatis
495 2326 530 2356 &
551 2333 676 2368 partem
699 2322 1014 2369 Imperiiopr'imque

255 2372 314 2406 suo
326 2371 477 2420 sanguine
497 2374 531 2405 ὃ(
552 2373 651 2405 armis
666 2370 874 2417 quaefitorum
885 2374 1013 2418 partici-

257 2433 383 2469 parent.
421 2423 571 2456 Romani
593 2421 650 2455 diu
675 2421 760 2467 ipsos
780 2421 904 2468 hacspe
916 2423 1013 2456 duxe-

259 2484 334 2505 runt
350 2497 359 2512 ‚
382 2470 431 2504 sed
453 2482 527 2503 cum
549 2469 578 2503 se
599 2470 735 2504 tandem
749 2470 1012 2505 ludificaricerto

261 2520 487 2568 comperillent
504 2544 512 2555 ‚
526 2521 648 2562 junestis
661 2519 804 2554 consiliis
814 2533 903 2553 arma
915 2522 1013 2554 corri-

260 2581 410 2616 puerunt.
441 2568 569 2603 Bellum
592 2569 656 2602 hoc
675 2567 795 2604 sociale
816 2572 1011 2604 &Italicum

259 2620 347 2652 annis
365 2630 510 2665 quatuor
535 2617 739 2651 durissimum
769 2623 803 2652 δε
830 2619 1009 2654 crueniiffi-

259 2680 350 2701 mum
362 2669 423 2702 fuit
435 2666 636 2713 :aequalibus
648 2667 734 2699 enim
751 2669 849 2700 armis
860 2690 867 2701 ‚
879 2669 1013 2708 viribus,

262 2720 295 2751 &
317 2720 437 2751 artibus
455 2716 672 2765 pugnabatur.
714 2716 824 2750 Multa
843 2719 877 2750 &
890 2719 1011 2750 atrocia

261 2767 455 2800 variis-locis
470 2767 578 2814 praelia
596 2763 764 2798 commissa
776 2764 848 2799 sunt
860 2791 867 2802 ,
882 2766 1011 2800 meliori

258 2815 441 2862 plerunque
453 2818 619 2850 lociorum
632 2812 766 2848 fortunii
784 2828 791 2848 ε
814 2815 1008 2850 iedtandem

260 2865 454 2904 Mariamme,
470 2869 503 2899 ἃ
516 2867 621 2911 „Qinti
634 2867 771 2910 Pompeii,
784 2868 883 2910 Magni
895 2867 1008 2911 patris,

258 2914 376 2947 virtute
404 2915 564 2949 sociorum
591 2915 675 2948 vires
699 2912 897 2948 labefactam
924 2915 1008 2949 sunt.

260 2963 348 2994 Ante
368 2966 482 2996 omnia
499 2962 565 2997 liaec
582 2964 814 2997 Romanorum
835 2976 881 2997 ars
899 2964 1008 2998 socios

259 3009 441 3056 confregit;
463 3015 582 3060 Volscis,
605 3013 763 3059 Hetruscis,
787 3017 821 3047 &
842 3012 912 3046 aliis
938 3015 1006 3048 urbi

257 3060 552 3105 propinquioribus
563 3063 701 3096 civitatis
711 3067 760 3107 jus
772 3060 1007 3104 conccfferunt‚

260 3119 402 3153 quorum
415 3110 535 3143 viribus
554 3112 609 3154 ipsi
624 3111 691 3146 feffi
705 3138 712 3150 ‚
737 3116 770 3146 δέ
792 3112 897 3160 prope
918 3110 1009 3147 fraffi

260 3167 394 3191 caeteros
414 3156 519 3191 socios
540 3160 830 3204 pessumdederunt
848 3174 962 3207 3tauta
976 3164 1007 3197 in

1088 210 1159 237 tus,
1180 212 1278 248 atque
1297 199 1371 234 Asia
1385 199 1579 246 bellumque
1597 202 1774 239 Asiaticum
1788 207 1848 240 de-

1087 261 1308 285 cernerentur.
1317 251 1408 284 Dum
1419 262 1494 284 cum
1504 250 1689 298 legionibus
1699 249 1848 302 quinque

1087 299 1194 333 versus
1207 299 1318 333 Asiam
1331 311 1526 346 properaret
1538 324 1547 338 ‚
1563 304 1596 335 &
1606 302 1645 334 ad
1658 302 1782 337 Nolam
1795 317 1848 339 re-

1085 349 1204 393 liquias
1216 347 1292 382 belli
1316 349 1439 384 socialis
1455 348 1619 394 diffiparet
1635 375 1643 388 ,
1671 354 1847 388 nunciatur

1084 399 1239 442 Sulpicium
1252 397 1442 433 Tribunum
1455 398 1674 448 tuliffelegem
1693 400 1758 448 quz‘i
1779 414 1844 448 po-

1083 446 1179 480 testas
1193 446 1490 494 Syllaeabrogaretur
1508 474 1518 489 ‚
1545 455 1578 484 δ’.
1599 451 1746 496 legiones
1769 450 1842 486 bel-

1083 493 1221 542 lt'tmque
1232 499 1467 532 Mithridaticum
1478 504 1574 533 Mario
1594 501 1661 543 jam
1672 499 1841 549 septuage-

1078 556 1490 588 nariocommitterentur.

1126 596 1217 629 Dum
1241 597 1386 643 Pompejus
1412 596 1543 630 alterius
1571 585 1729 631 Consulis
1751 596 1836 633 filius
1854 597 1961 627 Marius

1078 647 1152 692 Syllae
1163 657 1265 694 gener
1278 647 1522 693 obloqueretur
1537 671 1547 686 ‚
1569 647 1585 680 ὲ
1608 644 1764 681 Tflbflno
1773 660 1833 682 ne·
1850 638 1983 710 fffiisff⁹

1075 704 1174 729 catur.
1200 696 1277 729 Hoc
1288 708 1427 742 accepto
1450 697 1572 729 nuncio
1599 698 1774 732 revertitur
1798 699 1834 732 in

1074 742 1191 777 urbem
1203 747 1281 788 Sylla
1298 770 1307 785 ,
1324 757 1503 779 occurrunt
1516 744 1669 786 Mariani,
1689 747 1761 793 post
1772 760 1834 795 pu-

1073 804 1172 838 gnem
1185 797 1261 837 Sylla
1274 796 1382 828 vietor
1395 794 1512 828 urbem
1524 806 1677 842 occupat.
1689 797 1836 838 Marium,

1075 843 1250 888 sulpitium,
1266 846 1300 877 δε
1319 845 1379 876 alia
1390 844 1546 877 faetionis
1557 844 1686 878 flabella
1696 840 1836 893 proscri-

1075 890 1135 931 bit,
1150 893 1181 924 iu
1192 889 1270 940 fuga
1288 903 1400 939 captus
1413 894 1547 938 sulpitius
1557 892 1762 934 confoditur,
1774 896 1837 931 ab-

1073 939 1264 987 scissumque
1291 952 1389 989 caput
1416 954 1478 988 pro
1504 941 1614 976 rostris
1632 942 1835 981 cbllocatur.

1072 992 1183 1025 Marius
1193 989 1371 1025 oculorum
1384 1002 1477 1024 tenus
1496 992 1527 1023 in
1540 991 1765 1027 Minturnenfi
1775 1007 1835 1041 pa-

1070 1039 1148 1074 lude
1161 1041 1338 1081 demersus,
1352 1041 1408 1087 diu
1422 1040 1554 1075 delituit
1571 1042 1703 1087 ignotus
1724 1056 1733 1076 :
1759 1054 1834 1078 tan-

1070 1090 1143 1124 dem
1155 1091 1316 1125 extratffffls
1327 1090 1369 1124 est
1381 1113 1391 1130 ‚
1411 1085 1443 1124 &
1461 1093 1531 1125 loro
1550 1092 1672 1125 collum
1685 1094 1832 1127 circum-

1066 1142 1160 1184 jecto
1191 1142 1223 1173 in
1251 1152 1416 1175 carcerem
1443 1139 1611 1184 publicum
1632 1144 1826 1185 conjestus:

1073 1191 1317 1223 Minturnarum
1351 1187 1493 1224 carnifex
1533 1196 1693 1225 Germanus
1731 1191 1825 1227 bello

1069 1239 1244 1273 Cimbrico
1262 1251 1373 1286 captus
1395 1252 1468 1274 cum
1486 1239 1601 1286 gladio
1615 1242 1647 1272 in
1662 1252 1828 1276 carcerem

1070 1288 1175 1323 mifl'us
1187 1289 1231 1323 est
1243 1301 1280 1323 ut
1289 1292 1452 1335 captivum
1468 1299 1619 1331 necaret3
1644 1289 1694 1323 sed
1708 1302 1743 1324 ut
1754 1297 1829 1326 Ma-

1065 1341 1140 1372 rium
1159 1351 1280 1386 magno
1299 1338 1421 1383 eiulatu
1438 1337 1674 1372 vociferantem
1694 1342 1831 1388 agnovit

1067 1389 1198 1422 territus
1217 1413 1224 1425 ‚
1249 1387 1380 1432 abjecto
1398 1388 1511 1435 gladio
1534 1400 1572 1421 ex
1592 1400 1720 1423 carcere
1732 1389 1829 1437 fugit.

1068 1436 1310 1471 Minturnenses
1325 1440 1406 1470 tanti
1421 1439 1477 1470 viri
1494 1436 1715 1471 calamitatem
1727 1451 1829 1473 com-

1067 1485 1255 1530 miserantes
1274 1510 1282 1523 ,
1310 1498 1385 1519 eurn
1404 1497 1477 1519 cum
1491 1486 1615 1518 viatico
1630 1487 1662 1518 in
1676 1488 1829 1521 navicula

1065 1535 1257 1569 dimiserunt
1284 1549 1292 1569 z
1322 1533 1475 1582 appulsus
1498 1533 1594 1567 hicin
1607 1530 1826 1575 Africam,in

1066 1586 1262 1632 pauperculo
1275 1587 1408 1632 tugurio
1423 1583 1671 1631 Carthaginensi
1685 1610 1694 1625 ,
1710 1585 1824 1620 diebus

1064 1635 1175 1668 multis
1191 1660 1199 1676 ,
1217 1635 1296 1670 dum
1311 1633 1494 1668 desaevii'ss'ct
1506 1633 1820 1680 tempestas,latuit;

1064 1685 1142 1718 iude
1156 1697 1235 1718 mox
1248 1684 1289 1719 ad
1302 1696 1455 1731 magnam
1468 1686 1580 1732 patria:
1598 1684 1823 1719 calamitatem

1064 1736 1261 1781 prodituruS.

1111 1787 1298 1819 Mithridates
1308 1785 1408 1818 Ponti
1420 1784 1491 1817 Rex
1504 1783 1772 1830 maximiingenii
1787 1787 1822 1819 δε
1841 1779 1942 1848 ξῷξῦωἰ

1909 1832 1930 1848 'r
1943 1837 1954 1844 a

1843 1863 1961 1891 daucum.

1064 1836 1162 1868 animi
1178 1837 1225 1869 vir
1238 1859 1248 1874 ‚
1267 1832 1324 1867 etfi
1338 1834 1395 1867 diu
1407 1844 1523 1867 contra
1540 1835 1721 1867 Romanos
1733 1845 1822 1867 arma

1068 1884 1245 1919 meditatus
1256 1912 1264 1926 ‚
1279 1895 1391 1917 tamen
1406 1882 1446 1916 ad
1459 1895 1494 1916 ea
1505 1882 1612 1917 voluit
1623 1881 1732 1929 apert&
1744 1885 1824 1918 Ro-

1067 1946 1238 1968 manorum
1266 1932 1420 1979 injustitiss
1446 1931 1588 1979 pertrahi
1613 1948 1625 1975 3
1653 1943 1824 1966 curaverat

1064 1986 1200 2030 quidem
1215 1984 1442 2020 ariobarzanem
1453 1983 1524 2029 Cap
1532 1981 1670 2028 padocifi
1687 1985 1720 2016 &
1734 1984 1824 2017 Nico-

1032 2059 1035 2062 -
1063 2036 1169 2069 medem
1196 2034 1345 2082 Bithylnia
1370 2032 1431 2065 suis
1458 2032 1744 2084 artibus'egtpelli5
1771 2031 1823 2065 sed

1064 2096 1139 2117 cum
1155 2085 1233 2118 illos
1250 2084 1328 2131 Sylla
1347 2085 1466 2115 Praetor
1481 2081 1652 2114 reduxiflet
1664 2082 1694 2113 in
1707 2091 1821 2124 regna,

1063 2144 1201 2178 uterque
1212 2131 1230 2165 5.
1246 2133 1407 2165 Romanis
1419 2126 1674 2162 l‘roconsulibus
1685 2127 1820 2176 instiga-

1063 2194 1113 2214 tus
1134 2182 1178 2214 est
1200 2180 1241 2212 ad
1258 2181 1463 2213 Mithridatem
1483 2175 1549 2210 fine
1561 2175 1623 2211 ullssi
1634 2175 1727 2210 causa
1738 2190 1819 2223 pro—

1061 2227 1727 2270 vocandum.Mithridatesmultasinjurias
1738 2227 1820 2272 pati,

1059 2282 1089 2310 ὅ(
1108 2276 1196 2309 deiis
1207 2275 1248 2308 ad
1261 2276 1438 2308 Romanos
1458 2276 1491 2308 in
1512 2275 1584 2307 Atia
1604 2275 1816 2323 Magistratus

1060 2326 1304 2370 querimoniam
1335 2322 1490 2367 deferre3
1516 2323 1562 2357 illi
1582 2323 1659 2358 vcro
1686 2323 1818 2359 causam

1060 2373 1137 2408 belli
1155 2384 1338 2420 quaerentes
1349 2400 1356 2412 ‚
1374 2374 1554 2408 Mithridatis
1567 2375 1816 2419 querimoniam

1060 2425 1236 2470 negligere.
1258 2424 1348 2456 Dum
1363 2421 1432 2456 suas
1444 2421 1496 2456 ille
1506 2434 1623 2457 contra
1634 2425 1816 2459 Nicomedem

1060 2475 1189 2516 iniurias
1201 2471 1370 2507 vindicare
1382 2485 1518 2506 conatur
1530 2497 1539 2511 ,
1561 2470 1775 2506 Proconsules
1787 2475 1818 2507 ei

1061 2524 1182 2557 bellum
1195 2522 1345 2556 indicunt
1365 2536 1372 2560 ;
1391 2534 1484 2556 orare
1497 2523 1682 2556 Mithridates
1694 2522 1818 2556 vellent

1059 2585 1127 2606 rem
1140 2584 1239 2606 totam
1252 2573 1385 2605 Senatui
1398 2572 1564 2604 remittere
1580 2585 1587 2610 3
1609 2571 1654 2603 illi
1665 2581 1815 2607 orantem

1060 2622 1253 2669 spernere‚&
1266 2618 1359 2666 supra
1371 2620 1592 2666 quadraginta
1606 2620 1705 2653 millia
1715 2620 1818 2666 legio-

1058 2672 1226 2704 nariorum
1240 2668 1382 2702 militum
1393 2695 1402 2710 ‚
1417 2681 1452 2702 ac
1466 2671 1702 2717 quinquaginta
1713 2668 1815 2703 millia

1056 2718 1218 2753 sociorum
1229 2721 1261 2752 in
1275 2731 1428 2764 campum
1443 2718 1613 2754 deducere.
1630 2718 1813 2753 Mithridates

1054 2767 1331 2803 instruffisslmum
1353 2771 1531 2803 exercitum
1546 2768 1712 2802 ducenties
1725 2767 1814 2801 mille

1055 2819 1208 2866 peditum
1230 2822 1264 2853 &
1284 2819 1526 2864 quinquaginta
1542 2817 1689 2861 equitum
1703 2813 1812 2850 secum

1055 2868 1184 2901 trahens
1194 2870 1225 2900 in
1238 2868 1384 2914 preelium
1397 2865 1607 2901 deicendit‚i'n
1618 2877 1688 2910 quo
1702 2865 1809 2899 νίἇίοτ

1055 2919 1231 2963 plurimam
1259 2917 1496 2949 Romanorum
1524 2913 1660 2958 stragem
1683 2914 1808 2956 edidit,

1055 2964 1306 3011 Cappadociam
1318 2990 1326 3003 ‚
1337 2964 1520 3008 Bithyniam
1535 2988 1543 3001 ‚
1565 2967 1596 2997 ὅ(
1610 2962 1728 2997 multas
1741 2965 1809 2997 cit-

1053 3016 1215 3049 cumcirca
1233 3013 1420 3047 Provincias
1438 3015 1640 3058 occupavit,
1669 3015 1749 3059 quin
1772 3016 1808 3047 &

1054 3077 1106 3112 per
1130 3075 1232 3097 totam
1255 3061 1364 3096 Afiam
1391 3062 1547 3095 secretum
1576 3065 1612 3096 ad
1640 3064 1806 3109 Satrapas,

1054 3113 1254 3159 urbiumque
1285 3111 1458 3158 prefectos
1478 3113 1668 3146 mandatum
1688 3110 1807 3146 emisit,

1052 3175 1086 3197 ut
1099 3175 1168 3198 uno
1186 3162 1240 3197 die
1252 3172 1426 3208 quotquot
1438 3164 1652 3210 reperirentur
1664 3159 1807 3196 Romani

1749 3217 1805 3241 aut
