2048 3343
24 417 31 426 *
70 419 166 448 throno.

496 125 574 152 ET

639 112 1268 153 CHRouoLocrcr

1332 111 1553 151 L18.11.
1767 127 1789 161 9

73 183 212 219 Agrippina
237 186 305 225 bat,
329 187 361 219 &
374 184 405 218 in
419 186 620 233 Agrippinam
634 186 759 220 odium:
772 183 820 219 sed
834 182 919 231 sagax
932 195 998 217 mu·
1035 185 1132 218 mnias
1144 182 1284 219 refutavit
1296 208 1306 224 ,
1332 188 1364 219 &
1376 184 1407 216 in
1426 183 1518 230 ipsam
1530 182 1652 218 suorum
1668 186 1792 221 menda-

73 227 96 250 C
98 224 176 249 laada·

71 262 221 296 nec.³t,utfi⁴
709 284 715 289 .
967 280 973 286 ι

71 302 135 329 lium
148 301 223 337 suum
238 283 297 317 sam
316 283 484 318 veneficam
509 295 595 318 vetus
614 284 686 317 aulae
707 281 946 316 instrumentum
964 291 995 312 m

70 345 194 369 Neronem
238 333 350 367 boleto·
365 345 517 368 venenum
536 332 671 367 Claudio
685 329 882 376 propinavit,
908 328 994 376 quod

71 381 160 408 '0⁶⁴'ss
175 382 203 407 in
237 396 307 417 cum
321 382 420 416 multo
433 383 506 416 vino
520 385 551 416 &
570 381 628 414 alvi
647 379 799 413 solutione
812 378 995 426 vomituque

237 429 368 476 ejecisset
381 455 390 470 ‚
410 443 464 477 per
482 429 696 478 Xenophontem
713 429 869 463 medicum
897 429 994 462 acrius

235 493 387 515 venenum
408 479 536 526 praebuit
555 481 585 512 in
603 480 714 526 pinna,
740 479 802 525 qufi
817 478 933 526 gutturi
946 477 993 510 in-

235 530 315 575 jeffl
328 529 398 576 post
417 529 571 576 crapulam
588 529 741 564 vomitum
754 528 834 561 ciere
853 525 969 561 solebat
984 539 992 560 ε

234 592 355 614 veneno
368 579 430 613 hoc
444 577 584 626 suspcsto
597 590 702 626 paucas
719 576 789 624 post
802 577 894 610 horas
907 576 992 622 expi-

234 630 308 664 ravit
318 629 549 670 claudius‚vitae
562 626 744 676 sexagesimo
753 627 858 662 tertio,
872 625 993 672 imperii

233 678 358 712 decimo
370 679 474 716 tertio.
504 679 889 725 AgrippinaBrirannicum
902 680 933 711 &
948 676 993 708 0-

234 730 370 761 {raviam
387 728 503 762 tamdiu
526 726 584 760 suis
604 725 818 773 complexibus
838 724 990 762 detinuit,

233 778 335 811 donec
348 777 550 810 Praetorianos
564 774 696 823 aliosque
708 775 745 809 ad
757 775 919 821 imperium
934 773 990 806 filii

233 824 453 873 suscipiendum
473 824 660 873 pratparasset
676 850 686 865 ,
717 835 783 859 tum
807 823 883 859 vero
908 821 989 856 sum-

233 889 320 910 mum
334 875 451 909 luctum
466 875 605 909 simulans
615 874 737 908 Claudii
751 884 884 908 mortem
892 885 988 907 enun-

233 926 322 961 ciavit
335 949 346 964 ,
372 925 420 959 sed
434 925 571 959 abdufto
584 924 666 972 prius
680 924 860 957 ‘Domitiam
874 925 990 957 Praeto-

234 975 391 1009 rianorum
405 976 510 1011 castra.

282 1025 445 1058 Domitius
459 1026 548 1058 Nero
562 1037 644 1059 anno
656 1023 749 1059 aetatis
763 1021 887 1057 decimo
900 1019 987 1067 septi-

235 1087 290 1108 mo
309 1075 404 1121 pravis
417 1074 546 1122 peslimae
559 1074 661 1108 matris
673 1072 787 1107 artibus
799 1072 815 1106 a
829 1070 988 1106 Praetoria-

233 1125 279 1157 nis
293 1129 322 1160 &
339 1126 448 1158 Senatu
460 1134 601 1169 acceptus
618 1124 649 1156 in
668 1125 907 1169 Imperatorem,
935 1119 988 1152 ali-

234 1174 367 1220 quandiu
386 1172 506 1220 optime
530 1172 635 1205 omnia
654 1171 834 1219 gubernavit
853 1184 860 1203 ε
893 1178 989 1202 mater

232 1222 357 1269 quidem
371 1221 433 1256 ibat
445 1223 476 1254 in
489 1219 648 1261 scelera,&
665 1220 787 1255 nobiles
796 1219 914 1266 aliquot
926 1228 988 1252 tam

231 1273 315 1304 viros
327 1271 419 1317 quam
433 1271 576 1305 mulieres
590 1284 626 1304 ex
645 1271 722 1304 odio
735 1269 788 1303 suo
802 1269 922 1316 privato
936 1268 988 1302 da-

231 1320 284 1354 bat
296 1320 384 1360 neci,
412 1324 443 1355 &
456 1321 487 1354 in
501 1321 606 1354 omnia
624 1319 748 1367 Imperii
767 1319 872 1352 munia
887 1315 915 1351 se
931 1329 988 1364 pu-

231 1368 311 1403 blice‘
324 1370 499 1417 ingerebat:
527 1367 851 1404 stdSeneca&Burrus
863 1369 927 1413 ejus
943 1367 987 1400 in-

230 1417 364 1453 solentiae
384 1418 510 1453 fibulam
524 1417 744 1467 imposuerunt.
762 1419 927 1452 Neronem
945 1415 988 1449 illi

230 1466 431 1515 permiserunt
443 1469 566 1515 privatis
583 1468 788 1515 voluptatibus
806 1466 964 1514 indulgere
979 1489 989 1505 ,

231 1517 300 1564 ipsis
314 1518 450 1564 Reipub.
464 1520 536 1553 cura
549 1516 722 1552 commissa.
740 1519 909 1565 Agrippina
921 1527 988 1549 mu-

230 1567 286 1601 lier
298 1567 537 1602 ambitiosiffima
549 1568 684 1602 omnino
702 1579 767 1600 non
780 1564 880 1600 ferens
893 1566 924 1599 in
935 1577 987 1598 or-

232 1617 336 1651 dinem
347 1615 374 1651 se
382 1617 478 1665 redigi
491 1616 600 1652 acerbe
608 1616 674 1651 filio
682 1615 795 1651 imitari
802 1615 987 1650 reddituram

232 1664 263 1701 se
281 1669 459 1700 Britannico
476 1667 639 1714 imperium
651 1692 662 1707 ‚
687 1667 773 1713 quod
787 1664 841 1711 ipsi
854 1667 921 1710 jure
934 1664 988 1699 de-

232 1716 365 1750 bebatur
378 1731 386 1750 :
411 1717 502 1751 minis
515 1715 594 1751 hisce
602 1717 761 1751 exterritus
768 1716 858 1750 Nero
865 1718 987 1749 Britan-

61 1790 173 1828 fratrem
233 1769 297 1800 nico
310 1767 468 1802 maturavit
486 1767 616 1801 exitium
629 1791 640 1806 ‚
665 1764 778 1800 sedenti
791 1764 874 1798 enim
887 1761 985 1799 secum

65 1832 198 1858 Britanni-
233 1816 269 1850 ad
283 1815 414 1851 mensam
427 1841 436 1856 ‚
463 1829 616 1851 venenum
629 1816 646 1850 a
657 1814 782 1860 Locusta
794 1815 927 1848 mixtum
940 1811 984 1849 ef·

66 1880 123 1898 cum
129 1871 199 1899 toltit.
233 1864 307 1900 fecit
318 1867 394 1900 tradi
405 1891 414 1907 ‚
435 1867 515 1902 unde
529 1865 628 1901 statim
641 1876 800 1913 correptus
812 1861 985 1899 adolescens

233 1917 388 1963 expiravit.

285 1966 386 1999 Scelus
400 1965 465 2000 hoc
483 1967 499 2000 :i
518 1967 621 2001 multis
639 1966 762 2001 Neroni
775 1964 984 2000 condonatum

232 2013 296 2050 est,
322 2026 354 2048 ut
373 2016 424 2062 qui
446 2013 501 2050 suae
521 2015 670 2050 securitati
688 2013 880 2050 consuluisset
897 2039 908 2055 ,
935 2026 985 2048 ca-

231 2065 347 2103 vendo,
362 2076 394 2098 ut
409 2063 474 2098 sieri
489 2064 563 2099 solet
575 2091 585 2106 ,
611 2065 649 2100 ab
658 2066 769 2100 aemulo
778 2064 904 2113 Imperii
915 2079 923 2099 z
936 2062 985 2098 sed

231 2125 319 2160 prava
331 2115 475 2158 juvenum
489 2115 604 2149 cohors
617 2128 709 2163 quam
723 2115 932 2163 imprudenter
939 2114 985 2148 ni—

66 2170 198 2196 Senecaein-
231 2163 290 2196 mis
304 2165 366 2207 ejus
380 2164 463 2197 lateri
477 2164 628 2198 adhaerere
641 2165 838 2212 permittebat
851 2166 964 2198 Seneca
975 2188 985 2204 ‚

66 2209 192 2258 dralgenna
232 2212 262 2245 in
281 2214 424 2248 ulteriora
437 2226 508 2248 eum
527 2214 623 2248 indies
647 2213 755 2247 scelera
773 2213 984 2260 propellebat:

66 2252 201 2316 22:232
232 2264 476 2309 Paedagogorum
495 2262 704 2310 magisterium
723 2273 863 2297 excutere
883 2260 987 2296 suade—

163 2295 178 2325 Ρ
204 2308 209 2314 ’
233 2309 303 2349 bat,
329 2316 360 2345 ὃ(
382 2312 520 2346 avunculi
534 2314 601 2358 Caji
613 2312 684 2345 vere
697 2311 892 2357 Imperatoris
913 2323 985 2357 pro-

232 2371 348 2406 ponere
362 2360 417 2393 fibi
429 2361 515 2407 quod
535 2360 700 2394 imitaretur
714 2360 875 2406 exemplar.
901 2360 987 2392 Hinc

233 2407 304 2455 post
318 2407 525 2455 crepusculum
539 2409 642 2455 paucis
655 2409 823 2444 comitibus
840 2409 870 2442 in
883 2409 987 2456 galero

232 2459 278 2493 vel
299 2459 380 2503 pileo
394 2471 448 2505 per
463 2458 571 2492 urbem
586 2457 768 2498 discurrere,
790 2469 986 2492 occurrentes

232 2506 358 2554 pulsare,
374 2509 514 2542 tabernas
530 2506 692 2556 effringere
707 2532 715 2545 ‚
741 2507 922 2542 mulieribus
938 2508 986 2541 in—

232 2555 312 2591 ferre
326 2559 387 2591 vim
402 2572 409 2591 :
436 2557 474 2591 ab
486 2558 533 2591 his
547 2558 671 2592 tandem
683 2557 845 2592 sceleribus
859 2557 986 2591 deterri-

231 2616 280 2640 tus
292 2606 336 2640 est
348 2631 357 2643 ,
383 2606 455 2641 cum
469 2606 559 2642 semel
572 2612 603 2642 &
622 2608 734 2642 iterum
753 2607 862 2642 multas
880 2620 915 2642 ac
934 2620 986 2654 pe-

232 2656 272 2690 ne
291 2655 413 2691 lethales
431 2657 447 2691 a
465 2655 493 2692 se
512 2655 749 2704 defendentibus
773 2657 874 2705 plagas
899 2670 986 2692 acce-

230 2705 324 2753 pisset.

72 2768 191 2805 Praviffi-
279 2756 404 2790 Interim
418 2754 569 2791 crescebat
582 2758 613 2791 in
623 2768 752 2792 matrem
765 2757 891 2797 odium;
905 2755 987 2805 Julia

70 2811 116 2836 niis
124 2809 220 2854 ambus
235 2807 337 2838 Silana
351 2806 442 2852 ipsam
456 2806 602 2840 detulerat
616 2817 648 2840 ut
666 2817 820 2854 parantem
835 2819 906 2840 cum
924 2809 986 2838 Ru-

71 2852 207 2894 „sigrzpprnq
237 2853 314 2887 bellio
329 2856 435 2888 Plauto
450 2856 580 2903 nuptias,
596 2856 766 2904 Angustum
780 2855 892 2889 eodem
908 2866 985 2889 con-

67 2890 210 2955 15:283?ch
237 2901 437 2949 sanguinitatis
449 2907 543 2954 gradu
556 2919 622 2954 quo
633 2908 715 2940 Nero
725 2906 927 2952 contingente
935 2930 945 2945 ,
953 2914 986 2938 ut

72 2978 127 2995 mre
139 2968 201 3005 fm-
237 2952 368 2995 (Ῑίὃίθᾶῡ
387 2953 454 2988 filio
473 2969 560 2991 novo
577 2957 689 2990 marito
707 2956 792 2991 daret
808 2955 986 3002 Imperium.

67 3009 122 3044 stra
130 3019 203 3036 corm-
238 3002 401 3038 calumnia
419 3004 476 3038 hac
493 3004 586 3053 usque
604 3005 682 3040 adeo
706 3004 868 3041 excanduit
885 3005 982 3041 Nero,

73 3056 122 3077 '‘¹7-
239 3062 271 3085 ut
284 3062 411 3087 matrem
425 3053 588 3088 inauditam
601 3055 700 3090 statim
714 3053 844 3090 necasset
857 3079 866 3094 ,
888 3054 921 3087 ni
934 3057 985 3086 Se-

238 3115 309 3137 neca
322 3106 351 3137 &
369 3105 484 3136 Burrus
498 3101 525 3136 se
540 3102 722 3140 defendendi
735 3103 921 3152 potestatem
939 3105 981 3136 A-

239 3153 386 3201 grippinae
405 3150 604 3186 obtinuissent
624 3167 632 3187 :
663 3155 700 3188 ad
719 3154 774 3188 filii
790 3166 867 3201 ergo
885 3153 985 3187 collo-

239 3203 347 3250 quium
370 3200 490 3240 admissa
513 3214 579 3239 non
597 3201 762 3240 difficulter
779 3205 881 3240 Stlanae
904 3203 986 3239 calu-

67 1021 172 1048 Neronia
179 1020 219 1048 bo-

67 1071 102 1088 na
107 1063 201 1099 prmci-

66 1108 116 1138 pua.

65 1754 128 1779 Mox
134 1757 219 1778 tamen

177 232 212 266 Ψ),
238 236 291 268 lier
309 233 362 268 ista
376 238 539 281 praevenit,
563 248 617 282 per
629 234 786 279 Locustam
799 234 882 267 enim
895 229 997 265 famo·
1037 233 1157 267 ciorum
1176 245 1293 281 paenam
1306 232 1444 271 retorsit;
1475 246 1743 281 nunquamtamcn
1758 237 1790 270 in

1033 283 1171 326 priorem
1196 295 1267 317 cum
1288 281 1358 315 filio
1383 281 1522 315 amicitiae
1543 285 1670 329 gradum
1689 284 1791 319 redire

1031 330 1123 364 valuit
1136 355 1146 370 ‚
1172 330 1225 365 etsi
1239 332 1328 366 omni
1341 328 1392 367 sua
1405 339 1468 362 arte
1482 332 1573 366 ctiam
1589 334 1625 368 ad
1638 332 1789 368 incestum

1031 378 1174 424 pellicere
1189 390 1297 414 conata
1311 379 1355 414 fit.

1077 429 1159 461 Inter
1165 428 1241 462 alios
1255 427 1464 464 adolescentiae
1476 430 1614 464 Neronis
1623 443 1788 480 corrupto·
1800 443 1894 478 Pappia
1903 445 1949 469 sa-

1029 488 1077 511 res
1089 487 1151 511 erat
1163 477 1365 511 nobilissimus
1374 503 1384 518 ‚
1404 477 1451 512 sed
1465 478 1703 526 profligatorum
1716 495 1787 515 mo-
1800 480 1859 508 hina
1866 486 1948 508 Nera-

1030 538 1098 561 rum
1112 528 1233 571 juvenis
1246 526 1379 570 Publtus
1392 528 1478 562 Otho.
1510 529 1677 563 Pellexerat
1690 529 1740 563 hic
1754 531 1785 564 in
1798 520 1945 566 vfaudflagj-

1030 574 1115 610 suum
1142 578 1376 611 matrimonium
1403 590 1532 612 uxorem
1559 581 1682 625 Crispini
1701 581 1785 626 Pop·
1797 567 1932 627 {Zamen-

1028 638 1123 672 paearn
1148 626 1291 660 Sabinam
1320 627 1482 661 mulierem
1502 627 1641 661 nobilem
1662 632 1695 662 &
1718 629 1787 674 pul-

1029 674 1133 709 chram
1148 699 1157 714 ,
1182 676 1232 709 scd
1245 675 1347 715 astuti,
1369 678 1462 716 acris,
1482 680 1514 711 δι
1527 676 1686 724 praviffimi
1700 679 1788 724 inge-

1027 725 1080 759 nii.
1113 726 1216 769 Hujus
1235 725 1417 760 immodicas
1430 726 1530 760 laudes
1547 738 1613 760 non
1632 725 1787 761 desinebat

1028 774 1106 807 Otho
1125 775 1248 808 Neroni
1266 776 1454 822 ingeminare
1468 800 1478 815 ,
1503 775 1576 809 hinc
1593 776 1732 810 Neronis
1752 777 1785 810 in

1026 826 1190 871 Poppaeam
1204 836 1293 858 amor
1307 828 1339 858 δέ
1353 825 1476 858 Othonis
1489 825 1524 859 ad
1547 823 1725 872 Hispanicas
1738 826 1785 860 le-

1025 873 1133 920 giones
1147 873 1310 920 ablegatiO.
1335 877 1468 921 Poppaea
1482 886 1545 908 non
1558 885 1701 909 contenta
1714 875 1784 909 Ne·-

1023 923 1108 955 ronis
1122 920 1353 962 consuetudine,
1367 925 1403 956 ad
1417 925 1536 970 nuptias
1549 922 1705 971 aspirabat,
1716 925 1784 959 nul-

1022 971 1049 1005 la
1067 969 1131 1019 spes
1144 971 1337 1019 repudiandae
1356 973 1488 1005 Ocravtae
1508 973 1654 1020 quamdiu
1667 975 1784 1008 viveret

1023 1023 1206 1070 Agrippina.
1241 1021 1380 1055 Neronis
1394 1033 1471 1069 ergo
1485 1021 1516 1055 in
1529 1033 1658 1056 matrem
1672 1024 1783 1058 odium

1022 1070 1116 1117 usque
1128 1070 1206 1105 ad'eo
1219 1069 1416 1106 inflammavit
1430 1081 1462 1104 ut
1475 1070 1782 1113 decerneretnecem‚

1022 1121 1144 1167 publice
1157 1132 1222 1154 non
1234 1119 1382 1160 audebat,
1396 1131 1504 1155 contra
1517 1132 1632 1155 venena
1645 1119 1730 1167 sagax
1738 1119 1784 1155 su-

1022 1168 1182 1217 spicaxque
1201 1171 1312 1204 mulier
1325 1180 1388 1204 erat
1400 1171 1602 1217 praemunita3
1626 1168 1684 1204 hac
1703 1182 1782 1218 ergo

1022 1232 1088 1254 eam
1102 1229 1165 1253 arte
1183 1219 1307 1254 adortus
1327 1219 1379 1253 est.
1410 1214 1555 1254 Libertus
1567 1221 1714 1253 Anicetus
1726 1220 1783 1253 Li-

1023 1269 1182 1304 burnicam
1195 1268 1401 1304 dissolubilem
1414 1267 1562 1309 confecit,
1577 1271 1662 1314 cujus
1676 1270 1707 1303 in
1716 1281 1782 1303 ma-

1021 1320 1046 1352 ri
1060 1319 1151 1353 latera
1163 1319 1280 1366 aperire
1293 1319 1391 1366 posset
1403 1322 1435 1354 &
1448 1319 1587 1354 claudere
1602 1330 1661 1366 pro
1676 1318 1764 1353 libitu
1773 1333 1783 1353 :

1022 1369 1111 1403 Nero
1124 1381 1195 1403 cum
1203 1372 1300 1403 matre
1312 1370 1342 1403 in
1356 1368 1514 1415 pristinam
1523 1367 1640 1403 rediiffe
1652 1368 1780 1416 gratiam

1021 1418 1161 1453 simulans
1173 1419 1205 1452 in
1213 1417 1409 1468 Campaniam
1422 1418 1458 1452 ad
1472 1418 1614 1453 convivia
1623 1415 1779 1464 &specta-

1021 1469 1088 1503 cula
1100 1482 1167 1503 eam
1179 1469 1317 1504 invitavit
1333 1483 1340 1503 :
1365 1469 1470 1513 omnia
1483 1467 1679 1514 redintegrati
1692 1478 1790 1501 amo-·

1021 1519 1060 1552 ris
1073 1518 1154 1567 signa
1167 1518 1262 1553 edidit
1275 1518 1435 1565 produe'tis
1453 1518 1490 1552 ad
1503 1517 1636 1552 mediam
1649 1517 1780 1550 noetem

1021 1569 1135 1616 epulis,
1151 1567 1277 1603 deduxit
1289 1569 1325 1602 ad
1344 1568 1562 1607 Liburnicam,
1580 1567 1612 1600 in
1625 1579 1685 1613 qua
1698 1566 1780 1600 redi-

1021 1629 1066 1653 ret
1079 1619 1110 1652 in
1125 1619 1234 1652 urbem
1249 1633 1257 1652 :
1281 1630 1346 1652 non
1360 1617 1412 1651 diu
1425 1618 1598 1665 navigatum
1611 1615 1656 1650 est
1668 1640 1678 1656 ,
1706 1627 1780 1650 cum

1022 1681 1056 1703 ea
1075 1669 1186 1716 navigii
1202 1680 1269 1714 pars
1276 1669 1313 1702 in
1327 1666 1387 1714 qua
1399 1666 1576 1701 consederat
1592 1667 1779 1714 essgrt'ppina

1022 1728 1180 1753 nautarum
1194 1716 1298 1752 fraude
1316 1716 1412 1751 soluta
1430 1729 1498 1751 eam
1516 1717 1549 1750 in
1561 1728 1644 1750 mare
1659 1713 1778 1750 effudit.
1791 1719 1901 1746 Matrem

1024 1761 1147 1802 Wrob'ia
1166 1764 1345 1815 Agrippinae
1362 1766 1492 1814 pedibus
1505 1765 1649 1806 affidens,
1676 1764 1732 1800 fibi
1745 1775 1779 1799 ut
1790 1758 1861 1785 ‘⁰³³'-

1023 1818 1201 1866 Agrippinae
1213 1830 1307 1864 opem
1321 1818 1664 1863 implorans‚nautarum
1678 1816 1781 1849 contis

1021 1872 1052 1903 &
1060 1868 1153 1901 remis
1161 1867 1293 1915 depressa
1301 1868 1378 1901 mari
1391 1865 1532 1901 submissa
1538 1865 1582 1900 est
1590 1880 1598 1899 :
1609 1865 1780 1913 Agrippina

1021 1917 1097 1952 vero
1113 1914 1234 1951 summo
1248 1916 1366 1951 silentio
1383 1916 1415 1950 in
1434 1927 1517 1950 mare
1530 1913 1638 1961 dilapsa
1651 1915 1688 1949 ad
1701 1914 1780 1948 lem-

1021 1968 1096 2002 bum
1110 1968 1252 2007 enatavit,
1267 1979 1333 2014 quo
1346 1965 1383 1999 ad
1398 1965 1605 2012 propinquam
1619 1962 1666 1998 sua
1679 1965 1710 1997 in
1722 1963 1780 1999 vil-

1021 2018 1079 2051 lam
1093 2016 1190 2051 delata
1203 2015 1256 2050 est.
1293 2015 1400 2050 Statim
1415 2015 1452 2047 ad
1465 2013 1563 2047 filium
1576 2014 1614 2046 de
1627 2011 1675 2046 sua
1687 2011 1779 2046 salute

1022 2067 1167 2101 nuntium
1181 2065 1261 2100 misit
1274 2077 1310 2098 ex
1324 2076 1390 2111 quo
1407 2062 1560 2098 summum
1579 2062 1669 2096 Nero
1684 2061 1780 2095 dolo-

1022 2130 1088 2151 rem
1101 2120 1132 2151 &
1146 2127 1295 2164 angorem
1309 2114 1408 2160 cepitz
1426 2112 1584 2147 metuebat
1598 2112 1681 2146 enim
1695 2123 1734 2145 ne
1746 2111 1780 2145 in

1022 2166 1132 2201 urbem
1152 2176 1249 2200 mater
1262 2163 1380 2200 volaret
1398 2164 1435 2198 ad
1456 2162 1715 2197 Praetorianorum
1728 2173 1780 2194 ca-

1022 2216 1080 2249 stra
1092 2220 1123 2251 &
1137 2218 1282 2249 Senatum
1297 2238 1307 2254 ‚
1331 2224 1468 2259 apertura
1482 2211 1543 2246 suas
1561 2210 1681 2245 infidias
1696 2215 1727 2245 &
1740 2222 1781 2243 o·-

1022 2265 1104 2298 mnia
1117 2262 1240 2303 scelera,
1262 2263 1432 2310 pugionem
1445 2274 1521 2310 ergo
1540 2260 1577 2294 ad
1595 2259 1782 2294 internuncii

1022 2313 1114 2361 pedes
1127 2311 1200 2347 fecit
1212 2313 1310 2357 objici
1323 2315 1354 2346 δι
1368 2310 1464 2358 ipsum
1477 2310 1605 2345 vinculis
1626 2307 1781 2343 constrin-

1023 2364 1053 2409 gi
1072 2362 1154 2410 quasi
1173 2361 1294 2395 missum
1315 2361 1331 2395 a
1349 2371 1445 2394 matre
1465 2370 1498 2393 ut
1521 2358 1549 2392 se
1568 2356 1756 2392 confoderet
1769 2369 1781 2390 τ

1023 2414 1127 2445 Ἔκννο
1139 2423 1173 2445 ac
1186 2412 1291 2443 Seneca
1311 2409 1469 2443 decretum
1487 2407 1542 2441 fibi
1557 2405 1702 2454 significat
1715 2418 1780 2439 ma-

1022 2472 1100 2495 trem
1113 2461 1290 2507 praevenire,
1302 2468 1410 2492 neuter
1424 2455 1506 2491 certe
1520 2454 1621 2490 sceleri
1634 2454 1780 2489 oblueta-

1022 2521 1069 2544 tus
1083 2509 1137 2544 est.
1180 2511 1361 2546 umectus,
1381 2506 1566 2541 dissuadente
1579 2507 1685 2537 ‘Burro
1699 2507 1779 2538 Prae-

1022 2560 1215 2593 torianorum
1224 2557 1402 2604 Agrippinae
1415 2553 1580 2590 faventium
1594 2565 1732 2600 operam,
1745 2554 1779 2588 in

1023 2607 1050 2644 se
1062 2606 1178 2642 facinus
1190 2605 1335 2653 suscepit:
1362 2601 1549 2639 circumfufis
1568 2603 1646 2638 villae
1665 2602 1778 2637 classia-

1023 2659 1092 2697 riis,
1106 2656 1237 2691 effractis
1250 2655 1348 2700 januis
1361 2655 1392 2688 in
1406 2654 1586 2702 Agrippinae
1598 2652 1777 2688 cubiculum

1022 2708 1130 2755 irrupit
1146 2731 1156 2746 ,
1188 2706 1272 2741 leeto
1291 2705 1340 2738 illa
1355 2704 1479 2738 exiliens
1496 2703 1641 2737 nudatum
1655 2713 1778 2737 uterum

1021 2770 1086 2805 quo
1099 2755 1273 2791 monstrum
1286 2755 1409 2793 tulerat,
1429 2752 1542 2787 obtulit
1554 2752 1590 2786 ad
1604 2751 1714 2799 plagas,
1727 2749 1778 2786 sed

1021 2808 1085 2841 aliis
1103 2803 1336 2839 transverberata
1355 2802 1502 2838 membris
1520 2801 1623 2836 multis
1644 2801 1777 2836 vulneri-

1022 2856 1078 2889 bus
1091 2854 1236 2889 exanimis
1251 2854 1399 2888 concidit.

1068 2906 1114 2939 Ut
1126 2915 1281 2938 mortuam
1294 2901 1496 2950 accepitfilius
1505 2900 1622 2949 magnis
1629 2898 1776 2935 furiarum

1021 2954 1190 2989 terroribus
1211 2954 1375 3001 exagitatus
1394 2950 1618 2997 difficulterque
1631 2949 1646 2983 a
1659 2953 1776 2985 Praeto-

1022 3005 1111 3038 rianis
1124 3003 1323 3037 confirmatus
1337 3002 1480 3036 reduetus
1494 3000 1538 3034 est
1551 3001 1700 3039 Romam,
1709 3012 1777 3034 me-

1021 3065 1108 3088 tuens
1121 3065 1160 3086 ne
1173 3052 1259 3088 obvii
1270 3064 1381 3086 omnes
1394 3052 1425 3084 in
1438 3048 1534 3098 ipsum
1542 3060 1576 3084 ut
1587 3049 1778 3084 matricidam

1022 3104 1185 3136 irruerent:
1211 3111 1244 3136 ut
1257 3101 1330 3136 vero
1349 3103 1492 3134 Senatum
1504 3099 1716 3147 populumque
1729 3099 1778 3132 in-

1021 3153 1102 3187 venit
1114 3151 1260 3186 omuibus
1274 3150 1381 3185 laetitiae
1396 3150 1524 3197 publicae
1538 3149 1627 3196 signis
1640 3148 1696 3182 fibi
1708 3160 1778 3195 gra-

1022 3202 1154 3238 tulantes
1166 3225 1176 3244 ,
1197 3199 1280 3249 quasi
1299 3198 1451 3237 summurn
1465 3199 1482 3235 a
1498 3210 1594 3235 matre
1607 3199 1778 3247 periculum

1385 3251 1417 3286 Ἐ
1429 3248 1446 3284 b
1673 3245 1777 3283 evasis-
