2048 3343
33 1268 54 1292 L
65 1269 91 1292 X
97 1270 122 1292 X
144 1271 183 1294 ln-

31 1312 165 1341 terpretum

32 1344 176 1379 Latiffi'mm

32 1393 105 1411 error.

443 124 520 149 ET
578 111 951 150 CnnoNot

196 195 360 231 utrumque
378 182 460 218 hunc
479 183 626 217 calculum
645 196 750 218 verum
764 186 795 217 &
812 182 947 216 divinum

195 233 374 281 profitetur,
394 230 564 266 manifestas
578 237 608 267 δι’.
618 230 887 266 irreconciliabiles
899 240 948 262 re-

193 282 373 330 pugnantias
393 293 500 316 contra
518 281 658 315 sanorum
679 284 710 314 δε
725 279 804 314 bene
822 277 948 312 feriato-

194 344 263 365 rum
277 343 396 364 morem
411 343 471 377 prae
486 329 512 364 se
524 328 624 363 ferunt
635 329 724 362 tueri.

241 379 366 414 Tertio.
393 381 526 416 Omnes,
540 377 640 424 inquit
653 374 838 421 cardinalis,
846 376 948 408 Patres

195 429 412 476 Martyrologii
433 427 580 461 calculum
600 424 772 472 sequuntur.
808 424 948 470 Replica.

196 478 355 513 Omnibus
369 476 507 510 Patribus
519 473 603 509 recte
616 472 813 520 praeferuntur
824 472 948 507 authen-

196 529 255 561 tica
267 526 375 565 biblia;
393 525 413 559 fi
427 526 535 559 nolunt
548 523 714 562 Hebraica‚
727 523 834 557 Latina
847 520 948 556 saltem

195 577 287 611 velint
299 576 399 609 nolint
412 574 595 614 admittent,
621 572 675 606 nisi
694 582 796 606 ament
813 571 949 605 Triden-

195 626 264 659 tino
277 624 465 658 anathemate
480 622 572 657 feriri.
613 621 760 657 Praeterea
772 621 846 668 quid
858 620 950 654 nobis

196 674 286 708 solita
298 675 428 708 vanitate
445 685 553 707 onmes
567 675 667 706 Patres
680 671 840 715 objectant
854 693 862 705 ‚
881 681 951 702 cum

196 722 292 770 ipsum
312 723 572 769 Martyrologium
591 721 720 756 Adonis,
746 719 812 753 imo
829 723 860 754 &
873 718 951 752 anti-

197 771 371 819 quiffimum
391 773 570 805 Romanum
587 793 597 808 ,
623 769 708 816 quod
727 780 824 815 nuper
840 765 952 816 Jesuita

197 821 376 865 Regffueidm
394 821 504 859 edidit,
530 819 677 853 calculum
697 817 779 851 hunc
799 829 952 864 expunxe-

196 871 257 904 rint
271 873 283 903 ?
296 870 392 905 Cert‘e
406 870 436 903 in
450 879 560 903 neutro
575 868 668 901 ullum
681 867 769 911 hujus
783 866 888 900 calculi
900 878 953 900 ve-

197 919 323 967 stigium
341 929 473 966 apparet.
509 919 619 951 Fateor
631 929 794 950 numerum
813 929 882 950 eum
896 914 953 949 esse

197 968 316 1013 Euftbt'i
329 972 358 1003 &
373 980 539 1015 paucorum
558 966 635 999 illius
648 964 819 1012 sequacium
836 979 845 1005 ;
870 963 919 998 sed
933 962 953 996 si

198 1019 246 1052 vel
269 1017 402 1064 ipsorum
422 1015 658 1051 Pontificiorum
677 1017 760 1047 Sixtt'
779 1014 901 1058 Senensis
922 1017 952 1047 &

198 1069 328 1102 Henrici
342 1066 471 1114 Phtlippc'
488 1064 626 1099 latercula
640 1064 678 1098 de
692 1076 843 1097 annorum
857 1066 953 1097 Mun-

199 1117 230 1150 di
250 1115 334 1163 supra
353 1116 441 1149 diens
455 1115 532 1148 locis
543 1111 678 1160 inspicias
690 1135 700 1151 ‚
727 1113 848 1146 videbis
862 1111 901 1146 ab
913 1123 953 1144 co

200 1164 326 1199 Eusebii
340 1176 469 1198 numero
483 1160 641 1210 plerosque
655 1164 757 1195 Patres
770 1162 887 1208 aliquot
899 1172 952 1192 an-

200 1227 312 1248 norum
330 1213 471 1247 centuriis
485 1210 615 1245 differre.
654 1211 752 1245 Variae
767 1209 892 1256 quidem
907 1219 952 1241 ct-

201 1265 259 1297 iam
269 1264 345 1296 olim
353 1261 474 1295 fuerunt
489 1273 507 1294 L
517 1272 534 1294 x
542 1273 560 1293 x
573 1263 776 1305 Interpretum
789 1258 951 1296 editiones,

201 1310 250 1346 sed
259 1324 383 1346 omnes,
407 1308 527 1357 ipsaque
541 1309 631 1342 etiam
642 1309 785 1341 Vaticana
800 1321 891 1356 quam
907 1310 953 1338 St-

199 1371 271 1394 xtus
277 1363 416 1411 Qinms
424 1358 517 1405 operi
524 1357 640 1391 Nobila·
645 1358 789 1390 Flaminii
800 1357 894 1391 edidit
906 1357 953 1401 (δέ

199 1411 270 1444 huic
286 1423 382 1456 prope
395 1408 539 1457 gemella,
560 1407 638 1440 olim
651 1406 956 1445 Alexandrinafflunc

198 1458 420 1503 Londinensis)
441 1470 532 1504 quam
546 1459 691 1488 Barom'us
702 1466 794 1489 vocat
808 1455 956 1494 divinam,

200 1513 232 1543 &
245 1521 337 1555 quam
353 1510 513 1544 suarium,
540 1517 573 1538 ac
588 1503 712 1551 pessime
725 1505 868 1538 omnium
881 1517 957 1538 con-

199 1555 290 1591 sultus
296 1556 470 1591 Ludovicm
479 1555 606 1603 capellus
614 1554 775 1587 Hebraico
789 1551 870 1587 fonti
883 1566 958 1600 prae-

199 1605 358 1641 ferendam
366 1604 515 1640 existimat
528 1605 557 1637 in
571 1603 646 1636 locis
657 1615 716 1650 prae
727 1602 867 1636 manibus
875 1615 958 1649 aper-

200 1657 231 1692 t‘e
245 1653 352 1690 falsatae
366 1654 441 1694 sunt,
456 1665 549 1702 prout
563 1655 761 1701 Hieronymus
773 1654 804 1686 in
817 1652 958 1700 quaestio-

200 1705 291 1740 nibus
306 1705 468 1739 Hebraicis
486 1703 522 1737 ad
535 1701 671 1737 Genesin
683 1727 692 1742 ,
722 1705 755 1737 δε
776 1701 905 1750 August.
921 1702 959 1737 de

199 1755 270 1789 Civ.
285 1755 348 1788 Dei
362 1767 401 1800 15.
409 1766 472 1800 cap.
482 1766 521 1787 11.
537 1757 567 1787 &
584 1765 621 1799 ¹3·
636 1750 832 1799 profitentur,
845 1755 876 1786 &
886 1764 958 1800 pro-

201 1803 275 1837 bant
286 1803 348 1838 hoc
358 1801 555 1850 irrefragabili
567 1811 750 1850 argumento
763 1801 877 1847 Gen.5.
886 1802 958 1836 dici-

201 1863 250 1887 tur
263 1853 438 1897 Methusizla
452 1851 583 1899 genuisse
591 1851 722 1886 Lamech
735 1863 817 1884 anno
825 1849 877 1885 suo
887 1864 957 1886 cen—

201 1902 313 1936 tesimo
333 1902 514 1950 sexagesimo
534 1899 664 1948 septimo
678 1924 685 1936 ,
711 1905 743 1935 &
760 1901 891 1935 Lamech
905 1915 958 1950 ge-

202 1951 296 1985 nuiffe
306 1952 409 1999 Nosala
421 1964 502 1985 anno
517 1949 569 1984 suo
583 1949 749 1984 centesimo
762 1950 957 1997 o&ogesimo

204 2001 335 2039 οὸἶανο,
358 2002 459 2048 itaque
472 2012 557 2034 natus
571 1999 614 2034 est
626 2000 716 2033 Noah
731 2012 813 2034 anno
826 2001 955 2034 Methu-

198 2051 263 2094 fhlae
282 2049 496 2083 trecentesimo
511 2048 764 2096 quinquagesimo
785 2050 895 2097 quinto
908 2075 917 2090 ‚
943 2050 958 2084 :i

205 2111 280 2133 nato
297 2099 401 2147 ᾌζοαί]
415 2099 451 2132 ad
465 2099 626 2133 Diluvinm
644 2098 707 2132 sunt
720 2099 790 2132 anni
805 2097 934 2134 sexcenti
948 2124 957 2139 ,

206 2161 282 2196 ergo
306 2159 448 2194 tempore
469 2149 589 2181 Diluvii
612 2147 744 2181 habebat
765 2148 960 2193 Methufizlah

206 2210 303 2232 annos
315 2208 490 2245 nongentos
498 2197 873 2244 quinquagintaquinque,
888 2199 959 2232 reli-

207 2248 260 2292 qui
274 2247 365 2294 igitur
376 2258 448 2280 tunc
462 2257 546 2280 erant
561 2259 597 2279 ex
611 2247 668 2279 vita
682 2246 869 2289 Methufizlae‚
892 2259 959 2293 quae

208 2293 265 2328 fuit
282 2308 432 2328 annorum
452 2306 682 2342 nongentorum
696 2319 705 2333 ‚
729 2292 880 2342 sexaginta
900 2308 959 2328 no-

208 2355 297 2382 vem,
315 2344 386 2376 anni
399 2356 463 2376 non
477 2345 635 2389 pauciores
648 2345 897 2389 quatuordecim;
911 2356 957 2378 er-

210 2403 253 2439 go
260 2392 378 2426 vivebat
386 2390 578 2435 Methusalah
591 2401 731 2438 tempore
743 2392 959 2425 Duluviimon

209 2451 309 2474 autem
329 2441 358 2474 in
372 2442 440 2474 arca
454 2464 462 2478 ,
489 2453 559 2474 nam
572 2440 615 2473 ibi
633 2453 697 2474 non
711 2451 794 2474 erant
812 2439 867 2474 nisi
880 2441 959 2474 οξὶο

209 2490 334 2529 animae;
359 2488 448 2522 Noah
462 2487 570 2523 scilicet
583 2502 652 2523 cum
666 2501 761 2523 uxore
774 2493 805 2523 &
814 2489 909 2524 tribus
922 2489 960 2523 fi-

210 2539 256 2572 liis
271 2552 303 2572 ac
311 2539 407 2572 tribus
422 2538 557 2573 nuribus.
582 2539 693 2573 Nullus
706 2550 807 2572 autem
820 2549 900 2572 extra
913 2552 959 2572 ar-

210 2601 275 2622 cam
296 2589 380 2622 locus
394 2588 501 2622 eratin
521 2590 622 2627 terra,
647 2588 700 2622 ubi
719 2587 864 2635 bipedum
879 2586 959 2635 quis-

209 2651 301 2684 quam
320 2649 460 2684 tempore
481 2638 599 2671 Diluvii
617 2637 741 2684 degeret
759 2652 767 2672 ε
793 2637 891 2672 nodus
910 2637 960 2672 hic

207 2685 371 2720 secundum
379 2690 594 2735 Hieronymum
603 2691 633 2722 δε
642 2689 851 2736 Anguffinum
864 2686 908 2721 est
923 2700 960 2721 o-

209 2737 318 2770 mnino
333 2735 517 2775 insolubilis,
531 2735 584 2770 nisi
597 2737 800 2771 concedamus
820 2749 892 2770 Lxx
910 2739 959 2770 In-

208 2796 376 2833 terpretum
395 2785 566 2819 verfioncm
584 2785 600 2819 a
623 2784 858 2831 descriptoribus
877 2784 960 2820 falsta—

210 2845 282 2869 tam.
306 2836 353 2869 Ex
367 2834 455 2878 hujus
469 2835 530 2868 loci
543 2832 703 2868 necessaria
716 2833 873 2867 falfiztione
885 2834 960 2868 dicti

211 2886 313 2917 Patres
331 2884 444 2917 multos
459 2884 536 2917 alios
550 2881 667 2917 falsatos
687 2884 857 2930 colligunt:
879 2883 962 2917 certe

211 2942 292 2978 patet
304 2933 339 2966 ad
351 2934 474 2967 oculum
494 2934 524 2966 in
538 2934 663 2981 optimis
676 2933 852 2966 Bibliorum
871 2932 961 2966 Grae-

212 2993 319 3014 corum
333 2983 552 3027 exemplaribus
562 3008 570 3021 ‚
585 2996 651 3030 quae
664 2983 708 3017 vel
721 2982 815 3016 hodie
827 2982 871 3017 vel
885 2982 962 3015 olim

212 3030 290 3063 edita
303 3028 366 3064 sunt
379 3043 516 3077 magnam
530 3030 587 3067 esse
599 3033 628 3066 in
637 3032 824 3081 genealogiis
832 3031 962 3065 Patriar-

212 3079 335 3112 charum
353 3090 413 3113 tam
427 3090 494 3113 ante
511 3080 638 3116 fluvium
654 3082 746 3129 quam
768 3080 837 3128 post
850 3079 886 3114 ad
899 3080 962 3114 dies

211 3128 385 3161 Abralmmi
397 3126 619 3164 confusionem.
638 3133 759 3165 Fatetur
771 3133 914 3165 Petamus
927 3142 963 3162 u-

213 3178 245 3212 bi
259 3176 343 3224 supra
363 3178 393 3210 in
408 3178 561 3224 prioribus
580 3179 616 3213 ad
634 3181 803 3215 Hebraeum
817 3179 962 3215 calculum

982 107 1514 147 oc1c1L113.11.
1704 117 1736 158 31

985 192 1136 214 annorum
1165 179 1249 213 mille
1281 178 1491 214 sexcentorum
1515 179 1735 226 quinquaginta

984 227 1044 267 sex,
1058 229 1177 263 additos
1189 227 1247 262 esse
1260 240 1324 262 non
1337 230 1497 273 pauciores
1510 229 1683 276 quingentis
1696 240 1736 261 o-

984 277 1122 323 Ctoginta
1133 276 1192 317 sex,
1201 277 1270 312 &in
1282 275 1503 323 posterioribus
1515 289 1665 311 annorum
1678 278 1735 311 du-

983 336 1145 360 centorum
1171 327 1337 374 nonaginta
1355 324 1488 359 duorum
1508 326 1627 360 additos
1647 336 1735 360 totos

983 384 1172 419 nongentos.

1037 424 1187 505 Qartam
1202 421 1295 456 habet
1308 422 1447 457 Petavius
1461 425 1577 458 Praeter
1587 424 1734 458 Baronia-
1746 435 1897 466 Petavii&-

984 483 1036 505 nas
1048 483 1079 505 re
1093 469 1276 518 ponsi0nem
1288 495 1298 510 ‚
1324 483 1462 505 errorem
1476 468 1586 505 scilicet
1596 471 1678 507 hunc
1691 471 1894 516 es-sponfiofal-

985 519 1013 554 se
1026 520 1201 558 leviculum,
1211 530 1319 566 utpote
1332 520 1362 552 in
1377 532 1527 554 annorum
1541 522 1674 555 numeris
1681 518 1779 569 quisa-

985 569 1060 603 nihil
1072 570 1224 617 pertinent
1235 569 1271 603 ad
1284 567 1388 603 fidem.
1406 569 1543 616 Replica.
1558 570 1634 603 Non
1648 570 1735 604 decet

985 620 1067 653 viros
1081 616 1562 665 bonos‚scientes,prudentes,vel
1573 618 1736 653 levissimos

986 680 1104 702 errores
1124 679 1298 714 propagare.
1331 667 1456 702 Deinde
1474 668 1612 702 Romani
1631 668 1738 702 Ponti-

987 716 1059 750 fices
1073 717 1126 764 qui
1145 718 1176 750 in
1196 717 1286 750 rebus
1305 715 1378 750 fidei
1390 729 1455 750 non
1474 716 1597 764 possunt
1616 729 1714 751 errare
1727 741 1738 756 ,

987 778 1052 799 non
1066 766 1180 800 debent
1192 778 1311 799 errores
1324 766 1414 799 etiam
1427 777 1514 800 extra
1527 765 1620 800 fidem
1634 777 1742 800 contra

988 815 1066 849 suam
1079 813 1295 849 conscientiam
1309 815 1427 861 populo
1440 827 1622 862 proponere·
1638 814 1742 849 Deni-

988 878 1047 912 que
1061 864 1207 911 quicquid
1220 863 1257 897 de
1270 862 1330 897 fide
1343 863 1395 898 fiat
1407 888 1417 904 ‚
1443 875 1528 898 error
1541 863 1591 899 hic
1604 877 1669 898 non
1682 876 1742 912 po-

987 913 1044 947 ttst
1059 913 1119 946 dici
1139 913 1213 946 levis
1226 913 1279 958 qui
1293 913 1544 960 Chronologiam
1557 926 1687 947 omnem
1700 912 1742 947 sa-

987 975 1070 995 cram
1083 959 1217 995 funditus
1230 961 1335 995 evertit
1348 963 1553 996 &multorum
1571 965 1598 996 S.
1607 963 1742 1010 Scriptu-

988 1024 1026 1045 rae
1034 1011 1176 1044 locorum
1186 1007 1374 1044 manifestam
1383 1012 1614 1058 corruptionem
1627 1023 1740 1051 tuetur,

987 1073 1050 1093 non
1063 1058 1182 1094 tantum
1200 1069 1308 1093 contra
1323 1059 1515 1093 authenticos
1532 1060 1741 1095 Hebraeorum

987 1106 1099 1148 fontes,
1113 1107 1162 1142 sed
1174 1108 1264 1142 etiam
1278 1119 1383 1143 contra
1397 1121 1508 1142 omnes
1521 1110 1658 1155 antiquas
1672 1122 1741 1143 ver-

988 1157 1101 1197 (mnes,
1126 1157 1323 1191 Chaldaicam
1332 1181 1341 1196 ,
1368 1158 1551 1197 Arabicam,
1572 1158 1736 1204 Syriacam,

987 1212 1018 1241 δε
1032 1208 1171 1241 Latinam
1184 1230 1194 1244 ‚
1219 1218 1285 1252 quae
1298 1205 1349 1239 hic
1362 1206 1399 1240 ab
1413 1206 1555 1240 Hebraeis
1568 1219 1634 1241 non
1646 1205 1742 1240 disce-

987 1257 1073 1295 dunt,
1088 1267 1120 1290 ut
1132 1253 1302 1301 inspicienti
1314 1267 1427 1302 nupera
1441 1256 1612 1303 polyglotta
1620 1255 1742 1290 Londi-

988 1305 1088 1339 nensia
1103 1304 1229 1352 patebit.
1254 1304 1478 1338 Pentateuchus
1492 1304 1619 1352 quidem
1637 1306 1742 1339 Sama-

990 1356 1100 1389 ritanus
1112 1351 1301 1401 aliquantum
1314 1353 1364 1387 hic
1376 1353 1414 1387 ab
1428 1354 1588 1388 Hebraico
1595 1366 1741 1388 numero-

990 1417 1056 1438 rum
1071 1414 1224 1449 computo
1240 1401 1343 1436 differt
1354 1427 1364 1441 ‚
1388 1401 1559 1437 differentia
1575 1413 1676 1438 autem
1696 1402 1741 1437 est

991 1466 1053 1487 non
1063 1454 1093 1487 in
1105 1453 1261 1487 additione
1270 1450 1319 1486 sed
1332 1449 1558 1492 subtractione,
1577 1452 1671 1499 idque
1684 1465 1741 1486 an·-

990 1516 1103 1536 norum
1117 1501 1235 1536 tanturn
1248 1513 1434 1548 paucorum,
1448 1503 1656 1536 omnesetiam
1665 1513 1738 1547 quas

990 1552 1148 1591 habemus,
1156 1551 1280 1597 vulgatae
1288 1549 1452 1590 versiones,
1467 1551 1648 1598 Anglicana,
1661 1551 1742 1584 Gal-

991 1605 1064 1643 lica,
1077 1602 1193 1640 Italica,
1207 1599 1340 1647 Belgica,
1357 1603 1388 1634 &
1399 1598 1577 1647 Hispania,
1592 1612 1662 1634 curn
1670 1601 1742 1634 He-

992 1652 1080 1687 braeis
1093 1651 1143 1685 hic
1156 1651 1192 1684 ad
1200 1649 1334 1683 amuffim
1348 1649 1558 1684 concordant:
1576 1648 1638 1683 sola
1647 1649 1741 1683 Grae-

991 1715 1025 1736 ca
1040 1696 1318 1735 Anachronismum
1331 1698 1478 1734 inducunt
1491 1723 1501 1739 ,
1520 1711 1585 1733 non
1598 1695 1717 1733 tantum
1728 1721 1739 1735 5

991 1763 1023 1786 ut
1035 1749 1145 1785 fatetur
1158 1749 1314 1788 petavius,
1330 1760 1480 1782 annorum
1494 1748 1578 1783 mille
1592 1747 1739 1797 quadrin-

992 1812 1157 1848 gentorum
1171 1799 1334 1845 octoginta
1348 1796 1406 1837 sex,
1420 1797 1571 1833 sedetiam
1583 1797 1605 1832 si
1620 1796 1739 1831 infititii

993 1851 1131 1884 Cainam's
1147 1848 1366 1896 quadringenti
1385 1846 1536 1896 sexaginta
1555 1848 1740 1882 retineantur

994 1902 1009 1945 (
1016 1899 1102 1948 quod
1108 1909 1169 1933 tam
1182 1898 1320 1932 Petavius
1328 1897 1421 1945 quam
1433 1899 1630 1931 Bellarminus
1642 1908 1741 1944 agno-

992 1950 1098 1995 scunt)
1120 1948 1167 1982 bis
1180 1947 1265 1981 mille
1282 1945 1478 1994 quadraginta
1492 1960 1500 1980 :
1520 1946 1561 1980 ita
1574 1947 1606 1980 in
1619 1958 1658 1980 eo
1673 1943 1739 1979 solo

992 1998 1168 2038 intervallo,
1190 1996 1276 2044 quod
1289 1996 1419 2030 natalem
1434 1994 1604 2031 Abrabami
1616 2005 1741 2029 antece-

993 2048 1037 2083 dit
1048 2059 1198 2083 annorum
1213 2046 1295 2079 mille
1304 2055 1536 2092 nongentorum
1544 2043 1741 2090 quadraginta

996 2097 1058 2138 sex,
1075 2095 1181 2131 falsarii
1194 2095 1226 2129 hi
1236 2095 1274 2129 de
1281 2092 1336 2127 suo
1345 2094 1535 2132 addiderunt,
1550 2105 1613 2127 non
1622 2091 1742 2126 tantum

995 2145 1309 2192 numerumaequalem
1323 2155 1474 2177 annorum
1486 2141 1617 2176 totidem
1627 2166 1637 2181 ,
1652 2140 1700 2175 sed
1709 2146 1742 2177 &

995 2195 1114 2245 insuper
1127 2207 1223 2230 annos
1238 2193 1408 2240 nonaginta
1426 2202 1567 2240 quatuor.
1602 2192 1680 2224 Haec
1697 2188 1743 2224 est

995 2245 1105 2279 scilicet
1118 2244 1232 2280 Petavii
1246 2243 1417 2290 ingenuitas
1426 2265 1435 2280 ,
1450 2252 1482 2274 ut
1494 2253 1566 2274 cum
1577 2238 1744 2273 horridiffi-

995 2306 1080 2328 mum
1094 2293 1176 2326 hunc
1188 2317 1198 2332 ,
1224 2293 1278 2338 qui
1295 2291 1333 2324 ab
1348 2291 1411 2324 ullo
1427 2302 1562 2337 unquam
1576 2286 1745 2324 Christiani

996 2343 1131 2376 nominis
1150 2340 1296 2388 scriptore
1314 2340 1345 2373 in
1365 2339 1587 2386 Chronologifi
1603 2337 1739 2384 prodiit,

995 2403 1133 2425 errorem
1147 2399 1289 2423 extenuet
1301 2392 1333 2422 &
1345 2389 1481 2434 mitiget3
1501 2388 1531 2419 in
1545 2385 1684 2419 nostrum
1698 2395 1744 2418 ta-

995 2452 1067 2473 men
1080 2440 1261 2487 Scaltgerum
1275 2434 1328 2484 qui
1341 2437 1457 2484 primus
1472 2434 1523 2468 hic
1535 2435 1695 2469 veritatem
1710 2445 1745 2467 e—

995 2489 1083 2523 κεξὶε
1095 2486 1314 2523 demonstravit
1327 2499 1337 2527 ;
1362 2496 1428 2520 tota
1446 2483 1574 2531 plaustra
1586 2483 1655 2517 bilis
1669 2493 1745 2516 evo-

996 2548 1059 2572 mat
1072 2562 1082 2577 ,
1108 2536 1194 2584 quod
1207 2536 1335 2570 natalem
1348 2533 1466 2568 Christi
1479 2545 1594 2567 annum
1607 2531 1693 2566 certo
1706 2530 1745 2564 fi-

997 2598 1047 2635 gat
1060 2601 1068 2621 :
1092 2586 1292 2619 nihilominus
1305 2583 1365 2630 ipse
1379 2582 1395 2616 a
1409 2584 1549 2630 Scaltgeri
1567 2581 1683 2615 calculo
1695 2580 1744 2615 vix

997 2635 1144 2675 biennio,
1164 2639 1196 2670 &
1208 2634 1257 2668 alii
1271 2646 1307 2667 ex
1320 2631 1500 2667 dofflffimis
1514 2633 1578 2675 ejus
1592 2629 1744 2664 sodalibus

995 2686 1128 2720 omnino
1141 2697 1205 2718 non
1218 2681 1377 2718 differunt,
1390 2692 1423 2715 ut
1431 2694 1505 2716 mox
1513 2679 1696 2715 videbimus.

1043 2736 1119 2769 Hoc
1132 2734 1222 2768 etiam
1229 2733 1322 2768 velim
1334 2731 1491 2779 perpendi,
1500 2731 1597 2765 levem
1610 2728 1668 2764 esse
1680 2740 1744 2762 non
1757 2736 1831 2764 Mala
1843 2740 1888 2764 Ro-

1623 2778 1675 2825 qui
1687 2778 1745 2812 bo-
1757 2785 1890 2805 manorum

1759 2815 1905 2850 Pontificum

1759 2856 1876 2893 conscien-

995 2783 1080 2831 posie
1091 2796 1148 2817 nec
1162 2794 1243 2817 extra
1256 2781 1349 2816 fidem
1364 2794 1434 2816 eum
1447 2791 1599 2818 errorem,

996 2834 1034 2867 na
1047 2830 1264 2879 consequentia
1276 2831 1474 2878 Religionem
1487 2839 1585 2862 totam
1598 2827 1746 2863 Christia-

998 2894 1067 2915 nam
1086 2881 1124 2915 ab
1142 2882 1212 2915 imis
1233 2879 1436 2915 fundamentis
1455 2878 1584 2913 evertit:
1608 2878 1633 2911 is
1647 2887 1747 2911 autem

998 2944 1057 2977 prae
1075 2930 1218 2965 manibus
1238 2931 1301 2964 hoc
1318 2928 1455 2977 praestare
1475 2928 1592 2963 videtur
1607 2950 1616 2963 ‚
1643 2939 1714 2960 nam
1727 2925 1749 2960 si

998 2981 1183 3015 Graecorum
1196 2977 1452 3018 anachronismus,
1466 2988 1499 3011 ut
1511 2974 1648 3024 supputat
1661 2979 1750 3011 Peta-

998 3034 1068 3064 vius
1079 3042 1230 3064 annorum
1244 3029 1292 3063 bis
1304 3029 1387 3062 mille
1399 3026 1611 3074 quadraginta,
1630 3037 1687 3073 pro
1699 3037 1750 3062 ve—

997 3092 1034 3113 ro
1050 3071 1198 3113 habeatur
1208 3104 1218 3119 ‚
1239 3076 1324 3126 Jesus
1337 3076 1477 3112 Christus
1490 3076 1629 3110 nondum
1641 3073 1686 3109 est
1698 3087 1752 3109 na-

998 3139 1058 3167 tus,
1074 3139 1132 3161 nec
1147 3139 1215 3162 ante
1227 3127 1467 3175 quadringentos
1481 3138 1577 3160 annos
1589 3122 1752 3159 nasciturus

1000 3177 1054 3213 est.
1065 3177 1164 3227 Qod
1176 3177 1196 3212 fi
1210 3177 1298 3225 ipsius
1313 3176 1531 3224 Martyrologii
1543 3175 1690 3210 calculum
1703 3186 1752 3207 ac-

1646 3222 1752 3269 cipias,

1761 2899 1807 2925 tia.
