<?xml version="1.0" encoding="UTF-8"?>
<!DOCTYPE html PUBLIC "-//W3C//DTD XHTML 1.0 Transitional//EN"
    "http://www.w3.org/TR/xhtml1/DTD/xhtml1-transitional.dtd">
<html xmlns="http://www.w3.org/1999/xhtml" xml:lang="en" lang="en">
 <head>
  <title>
</title>
<meta http-equiv="Content-Type" content="text/html;charset=utf-8" />
  <meta name='ocr-system' content='tesseract 3.04.00' />
  <meta name='ocr-capabilities' content='ocr_page ocr_carea ocr_par ocr_line ocrx_word'/>
</head>
<body>
  <div class='ocr_page' id='page_1' title='image "./operishistoricie00bail_0176.png"; bbox 0 0 2048 3343; ppageno 0'>
   <div class='ocr_carea' id='block_1_1' title="bbox 286 96 955 142">
    <p class='ocr_par' dir='ltr' id='par_1_1' title="bbox 286 96 955 142">
     <span class='ocr_line' id='line_1_1' title="bbox 286 96 955 142; baseline -0.006 -7"><span class='ocrx_word' id='word_1_1' title='bbox 286 100 364 142; x_wconf 83' lang='lat'>146</span> <span class='ocrx_word' id='word_1_2' title='bbox 645 96 955 133; x_wconf 67' lang='lat' dir='ltr'>Ornats</span> 
     </span>
    </p>
   </div>
   <div class='ocr_carea' id='block_1_2' title="bbox 140 166 1038 3121">
    <p class='ocr_par' dir='ltr' id='par_1_2' title="bbox 261 166 1038 1792">
     <span class='ocr_line' id='line_1_2' title="bbox 331 166 1034 217; baseline -0.003 -14"><span class='ocrx_word' id='word_1_3' title='bbox 331 172 573 217; x_wconf 83' lang='lat' dir='ltr'>Argumentum</span> <span class='ocrx_word' id='word_1_4' title='bbox 612 166 790 204; x_wconf 85' lang='lat' dir='ltr'>secundum</span> <span class='ocrx_word' id='word_1_5' title='bbox 823 167 961 203; x_wconf 86' lang='lat' dir='ltr'>sumitur</span> <span class='ocrx_word' id='word_1_6' title='bbox 992 166 1034 201; x_wconf 88' lang='lat' dir='ltr'>ab</span> 
     </span>
     <span class='ocr_line' id='line_1_3' title="bbox 281 217 1035 267; baseline -0.004 -13"><span class='ocrx_word' id='word_1_7' title='bbox 281 217 440 254; x_wconf 87' lang='lat' dir='ltr'>Ezekielis</span> <span class='ocrx_word' id='word_1_8' title='bbox 451 218 685 267; x_wconf 79' lang='lat' dir='ltr'>quadragesimi</span> <span class='ocrx_word' id='word_1_9' title='bbox 698 221 817 266; x_wconf 84' lang='lat' dir='ltr'>primo,</span> <span class='ocrx_word' id='word_1_10' title='bbox 829 219 975 265; x_wconf 83' lang='lat' dir='ltr'>Jeremiae</span> <span class='ocrx_word' id='word_1_11' title='bbox 986 218 1035 252; x_wconf 92' lang='lat' dir='ltr'>vi—</span> 
     </span>
     <span class='ocr_line' id='line_1_4' title="bbox 282 268 1033 314; baseline -0.004 -11"><span class='ocrx_word' id='word_1_12' title='bbox 282 268 393 303; x_wconf 85' lang='lat' dir='ltr'>cefimi</span> <span class='ocrx_word' id='word_1_13' title='bbox 403 269 484 302; x_wconf 89' lang='lat' dir='ltr'>noni</span> <span class='ocrx_word' id='word_1_14' title='bbox 495 268 622 303; x_wconf 90' lang='lat' dir='ltr'>decimo</span> <span class='ocrx_word' id='word_1_15' title='bbox 632 293 642 308; x_wconf 87' lang='lat'>‚</span> <span class='ocrx_word' id='word_1_16' title='bbox 661 269 809 303; x_wconf 82' lang='lat' dir='ltr'>Danielis</span> <span class='ocrx_word' id='word_1_17' title='bbox 823 268 919 314; x_wconf 84' lang='lat' dir='ltr'>primi</span> <span class='ocrx_word' id='word_1_18' title='bbox 930 268 1033 313; x_wconf 90' lang='lat' dir='ltr'>primo</span> 
     </span>
     <span class='ocr_line' id='line_1_5' title="bbox 281 315 1038 363; baseline -0.003 -11"><span class='ocrx_word' id='word_1_19' title='bbox 281 318 369 352; x_wconf 88' lang='lat' dir='ltr'>inter</span> <span class='ocrx_word' id='word_1_20' title='bbox 387 316 416 351; x_wconf 85' lang='lat' dir='ltr'>se</span> <span class='ocrx_word' id='word_1_21' title='bbox 438 317 574 353; x_wconf 85' lang='lat' dir='ltr'>collatis.</span> <span class='ocrx_word' id='word_1_22' title='bbox 601 320 710 354; x_wconf 86' lang='lat' dir='ltr'>Docet</span> <span class='ocrx_word' id='word_1_23' title='bbox 734 315 857 354; x_wconf 65' lang='lat' dir='ltr'>Ezekzel</span> <span class='ocrx_word' id='word_1_24' title='bbox 869 317 1038 363; x_wconf 85' lang='lat' dir='ltr'>captivita-</span> 
     </span>
     <span class='ocr_line' id='line_1_6' title="bbox 282 364 1033 406; baseline -0.003 -5"><span class='ocrx_word' id='word_1_25' title='bbox 282 377 350 401; x_wconf 90' lang='lat' dir='ltr'>tem</span> <span class='ocrx_word' id='word_1_26' title='bbox 362 378 427 401; x_wconf 89' lang='lat' dir='ltr'>non</span> <span class='ocrx_word' id='word_1_27' title='bbox 437 366 524 402; x_wconf 85' lang='lat' dir='ltr'>suam</span> <span class='ocrx_word' id='word_1_28' title='bbox 536 377 664 402; x_wconf 84' lang='lat' dir='ltr'>tantum</span> <span class='ocrx_word' id='word_1_29' title='bbox 675 371 706 402; x_wconf 62' lang='grc' dir='ltr'>δέ</span> <span class='ocrx_word' id='word_1_30' title='bbox 715 369 838 406; x_wconf 81' lang='lat' dir='ltr'>Iecomae,</span> <span class='ocrx_word' id='word_1_31' title='bbox 847 364 897 400; x_wconf 90' lang='lat' dir='ltr'>sed</span> <span class='ocrx_word' id='word_1_32' title='bbox 906 364 1033 400; x_wconf 86' lang='lat' dir='ltr'>suorum</span> 
     </span>
     <span class='ocr_line' id='line_1_7' title="bbox 282 414 1035 464; baseline -0.003 -14"><span class='ocrx_word' id='word_1_33' title='bbox 282 417 359 450; x_wconf 81' lang='lat' dir='ltr'>Iudae</span> <span class='ocrx_word' id='word_1_34' title='bbox 370 415 489 452; x_wconf 88' lang='lat' dir='ltr'>scilicet</span> <span class='ocrx_word' id='word_1_35' title='bbox 500 421 532 452; x_wconf 75' lang='grc' dir='ltr'>δε</span> <span class='ocrx_word' id='word_1_36' title='bbox 544 418 658 464; x_wconf 87' lang='lat' dir='ltr'>populi</span> <span class='ocrx_word' id='word_1_37' title='bbox 675 417 759 457; x_wconf 82' lang='lat' dir='ltr'>Dei,</span> <span class='ocrx_word' id='word_1_38' title='bbox 775 414 973 451; x_wconf 80' lang='lat' dir='ltr'>antevertiffe</span> <span class='ocrx_word' id='word_1_39' title='bbox 982 415 1035 448; x_wconf 92' lang='lat' dir='ltr'>de-</span> 
     </span>
     <span class='ocr_line' id='line_1_8' title="bbox 282 464 1036 501; baseline -0.005 -1"><span class='ocrx_word' id='word_1_40' title='bbox 282 465 494 501; x_wconf 68' lang='lat' dir='ltr'>structionem</span> <span class='ocrx_word' id='word_1_41' title='bbox 513 468 602 501; x_wconf 90' lang='lat' dir='ltr'>urbis</span> <span class='ocrx_word' id='word_1_42' title='bbox 625 467 718 501; x_wconf 89' lang='lat' dir='ltr'>annis</span> <span class='ocrx_word' id='word_1_43' title='bbox 737 464 913 501; x_wconf 77' lang='lat' dir='ltr'>minimum</span> <span class='ocrx_word' id='word_1_44' title='bbox 934 466 1036 498; x_wconf 90' lang='lat' dir='ltr'>unde-</span> 
     </span>
     <span class='ocr_line' id='line_1_9' title="bbox 282 513 1035 564; baseline -0.008 -14"><span class='ocrx_word' id='word_1_45' title='bbox 282 516 349 550; x_wconf 84' lang='lat' dir='ltr'>cim</span> <span class='ocrx_word' id='word_1_46' title='bbox 363 539 371 553; x_wconf 85' lang='lat'><em>‚</em></span> <span class='ocrx_word' id='word_1_47' title='bbox 390 528 431 550; x_wconf 89' lang='lat' dir='ltr'>eo</span> <span class='ocrx_word' id='word_1_48' title='bbox 449 515 541 564; x_wconf 69' lang='lat' dir='ltr'>quod</span> <span class='ocrx_word' id='word_1_49' title='bbox 558 516 728 552; x_wconf 85' lang='lat' dir='ltr'>vicesimus</span> <span class='ocrx_word' id='word_1_50' title='bbox 750 517 882 564; x_wconf 87' lang='lat' dir='ltr'>quintus</span> <span class='ocrx_word' id='word_1_51' title='bbox 898 513 1035 559; x_wconf 83' lang='lat' dir='ltr'>captivi-</span> 
     </span>
     <span class='ocr_line' id='line_1_10' title="bbox 281 559 1035 613; baseline -0.007 -14"><span class='ocrx_word' id='word_1_52' title='bbox 281 566 356 599; x_wconf 84' lang='lat' dir='ltr'>tatis</span> <span class='ocrx_word' id='word_1_53' title='bbox 377 575 535 613; x_wconf 84' lang='lat' dir='ltr'>congruat</span> <span class='ocrx_word' id='word_1_54' title='bbox 555 578 630 600; x_wconf 89' lang='lat' dir='ltr'>cum</span> <span class='ocrx_word' id='word_1_55' title='bbox 650 566 896 611; x_wconf 86' lang='lat' dir='ltr'>decimoquarto</span> <span class='ocrx_word' id='word_1_56' title='bbox 908 559 1035 595; x_wconf 87' lang='lat' dir='ltr'>desola-</span> 
     </span>
     <span class='ocr_line' id='line_1_11' title="bbox 279 609 1033 649; baseline -0.007 -1"><span class='ocrx_word' id='word_1_57' title='bbox 279 615 401 648; x_wconf 89' lang='lat' dir='ltr'>tionis:</span> <span class='ocrx_word' id='word_1_58' title='bbox 429 618 464 649; x_wconf 87' lang='lat'>&amp;</span> <span class='ocrx_word' id='word_1_59' title='bbox 485 614 565 649; x_wconf 76' lang='lat' dir='ltr'>vero</span> <span class='ocrx_word' id='word_1_60' title='bbox 585 615 718 649; x_wconf 75' lang='lat' dir='ltr'>Ieremias</span> <span class='ocrx_word' id='word_1_61' title='bbox 737 613 844 646; x_wconf 88' lang='lat' dir='ltr'>statim</span> <span class='ocrx_word' id='word_1_62' title='bbox 863 609 1033 644; x_wconf 57' lang='lat' dir='ltr'>{commi-</span> 
     </span>
     <span class='ocr_line' id='line_1_12' title="bbox 278 658 1034 711; baseline -0.005 -14"><span class='ocrx_word' id='word_1_63' title='bbox 278 664 428 711; x_wconf 88' lang='lat' dir='ltr'>gratione</span> <span class='ocrx_word' id='word_1_64' title='bbox 448 665 564 699; x_wconf 78' lang='lat' dir='ltr'>Ieconiae</span> <span class='ocrx_word' id='word_1_65' title='bbox 582 658 739 711; x_wconf 78' lang='lat' dir='ltr'>significet</span> <span class='ocrx_word' id='word_1_66' title='bbox 752 659 910 694; x_wconf 84' lang='lat' dir='ltr'>omnibus</span> <span class='ocrx_word' id='word_1_67' title='bbox 928 661 1034 707; x_wconf 87' lang='lat' dir='ltr'>capti-</span> 
     </span>
     <span class='ocr_line' id='line_1_13' title="bbox 277 708 1031 758; baseline -0.005 -11"><span class='ocrx_word' id='word_1_68' title='bbox 277 715 328 747; x_wconf 87' lang='lat' dir='ltr'>vis</span> <span class='ocrx_word' id='word_1_69' title='bbox 337 712 503 758; x_wconf 83' lang='lat' dir='ltr'>Babylone</span> <span class='ocrx_word' id='word_1_70' title='bbox 515 724 584 747; x_wconf 88' lang='lat' dir='ltr'>tum</span> <span class='ocrx_word' id='word_1_71' title='bbox 595 709 834 745; x_wconf 82' lang='lat' dir='ltr'>remanentibus</span> <span class='ocrx_word' id='word_1_72' title='bbox 844 708 1031 745; x_wconf 88' lang='lat' dir='ltr'>solvendam</span> 
     </span>
     <span class='ocr_line' id='line_1_14' title="bbox 276 759 1032 809; baseline -0.007 -13"><span class='ocrx_word' id='word_1_73' title='bbox 276 763 497 809; x_wconf 78' lang='lat' dir='ltr'>captivitatem</span> <span class='ocrx_word' id='word_1_74' title='bbox 511 760 582 808; x_wconf 89' lang='lat' dir='ltr'>post</span> <span class='ocrx_word' id='word_1_75' title='bbox 593 760 790 808; x_wconf 80' lang='lat' dir='ltr'>septuaginta</span> <span class='ocrx_word' id='word_1_76' title='bbox 802 771 921 797; x_wconf 86' lang='lat' dir='ltr'>annos,</span> <span class='ocrx_word' id='word_1_77' title='bbox 939 759 1032 805; x_wconf 91' lang='lat' dir='ltr'>quod</span> 
     </span>
     <span class='ocr_line' id='line_1_15' title="bbox 277 808 1032 844; baseline -0.003 0"><span class='ocrx_word' id='word_1_78' title='bbox 277 810 364 844; x_wconf 71' lang='lat' dir='ltr'>certe</span> <span class='ocrx_word' id='word_1_79' title='bbox 376 822 570 844; x_wconf 88' lang='lat' dir='ltr'>eventurum</span> <span class='ocrx_word' id='word_1_80' title='bbox 580 822 648 844; x_wconf 92' lang='lat' dir='ltr'>non</span> <span class='ocrx_word' id='word_1_81' title='bbox 661 819 728 844; x_wconf 86' lang='lat' dir='ltr'>erat</span> <span class='ocrx_word' id='word_1_82' title='bbox 739 820 814 843; x_wconf 89' lang='lat' dir='ltr'>ante</span> <span class='ocrx_word' id='word_1_83' title='bbox 825 820 928 842; x_wconf 88' lang='lat' dir='ltr'>annos</span> <span class='ocrx_word' id='word_1_84' title='bbox 937 808 1032 842; x_wconf 71' lang='grc' dir='ltr'>οξὶο-</span> 
     </span>
     <span class='ocr_line' id='line_1_16' title="bbox 278 857 1032 907; baseline -0.003 -15"><span class='ocrx_word' id='word_1_85' title='bbox 278 861 370 907; x_wconf 82' lang='lat' dir='ltr'>ginta</span> <span class='ocrx_word' id='word_1_86' title='bbox 381 863 541 899; x_wconf 87' lang='lat' dir='ltr'>&amp;unum,</span> <span class='ocrx_word' id='word_1_87' title='bbox 560 858 582 893; x_wconf 87' lang='lat' dir='ltr'>fi</span> <span class='ocrx_word' id='word_1_88' title='bbox 593 857 822 907; x_wconf 84' lang='lat' dir='ltr'>septuagesima</span> <span class='ocrx_word' id='word_1_89' title='bbox 836 858 1032 904; x_wconf 86' lang='lat' dir='ltr'>captivitatis</span> 
     </span>
     <span class='ocr_line' id='line_1_17' title="bbox 276 903 1028 956; baseline -0.004 -15"><span class='ocrx_word' id='word_1_90' title='bbox 276 921 345 942; x_wconf 88' lang='lat' dir='ltr'>non</span> <span class='ocrx_word' id='word_1_91' title='bbox 373 908 496 956; x_wconf 84' lang='lat' dir='ltr'>incepit</span> <span class='ocrx_word' id='word_1_92' title='bbox 527 919 602 942; x_wconf 88' lang='lat' dir='ltr'>ante</span> <span class='ocrx_word' id='word_1_93' title='bbox 637 908 850 942; x_wconf 86' lang='lat' dir='ltr'>undecimum</span> <span class='ocrx_word' id='word_1_94' title='bbox 877 903 1028 944; x_wconf 59' lang='lat' dir='ltr'>Zedkktae.</span> 
     </span>
     <span class='ocr_line' id='line_1_18' title="bbox 273 954 1029 1004; baseline -0.003 -13"><span class='ocrx_word' id='word_1_95' title='bbox 273 955 392 991; x_wconf 81' lang='lat' dir='ltr'>Daniel</span> <span class='ocrx_word' id='word_1_96' title='bbox 405 959 623 1004; x_wconf 85' lang='lat' dir='ltr'>captivitatem</span> <span class='ocrx_word' id='word_1_97' title='bbox 644 956 736 991; x_wconf 87' lang='lat' dir='ltr'>suam</span> <span class='ocrx_word' id='word_1_98' title='bbox 757 961 789 990; x_wconf 87' lang='lat'>&amp;</span> <span class='ocrx_word' id='word_1_99' title='bbox 810 955 928 996; x_wconf 63' lang='lat' dir='ltr'>Joakimi</span> <span class='ocrx_word' id='word_1_100' title='bbox 943 954 1029 990; x_wconf 89' lang='lat' dir='ltr'>affir—</span> 
     </span>
     <span class='ocr_line' id='line_1_19' title="bbox 272 1003 1028 1052; baseline -0.001 -13"><span class='ocrx_word' id='word_1_101' title='bbox 272 1017 341 1040; x_wconf 88' lang='lat' dir='ltr'>mat</span> <span class='ocrx_word' id='word_1_102' title='bbox 360 1003 505 1041; x_wconf 73' lang='lat' dir='ltr'>accidisse</span> <span class='ocrx_word' id='word_1_103' title='bbox 530 1003 809 1043; x_wconf 55' lang='lat' dir='ltr'>Nebuchadnezaris</span> <span class='ocrx_word' id='word_1_104' title='bbox 834 1008 941 1052; x_wconf 89' lang='lat' dir='ltr'>primo</span> <span class='ocrx_word' id='word_1_105' title='bbox 962 1029 971 1042; x_wconf 89' lang='lat'>,</span> <span class='ocrx_word' id='word_1_106' title='bbox 996 1009 1028 1039; x_wconf 91' lang='lat'>&amp;</span> 
     </span>
     <span class='ocr_line' id='line_1_20' title="bbox 272 1053 1027 1098; baseline -0.001 -9"><span class='ocrx_word' id='word_1_107' title='bbox 272 1053 396 1096; x_wconf 71' lang='lat' dir='ltr'>Ioakimi</span> <span class='ocrx_word' id='word_1_108' title='bbox 405 1058 502 1090; x_wconf 80' lang='lat' dir='ltr'>tertio</span> <span class='ocrx_word' id='word_1_109' title='bbox 515 1055 680 1090; x_wconf 83' lang='lat' dir='ltr'>desinente</span> <span class='ocrx_word' id='word_1_110' title='bbox 691 1080 702 1096; x_wconf 91' lang='lat'><strong>,</strong></span> <span class='ocrx_word' id='word_1_111' title='bbox 711 1068 746 1090; x_wconf 91' lang='lat' dir='ltr'>ac</span> <span class='ocrx_word' id='word_1_112' title='bbox 759 1058 816 1098; x_wconf 88' lang='lat' dir='ltr'>(ut</span> <span class='ocrx_word' id='word_1_113' title='bbox 826 1055 960 1088; x_wconf 61' lang='lat' dir='ltr'>lei-emim</span> <span class='ocrx_word' id='word_1_114' title='bbox 970 1053 1027 1088; x_wconf 88' lang='lat' dir='ltr'>ha-</span> 
     </span>
     <span class='ocr_line' id='line_1_21' title="bbox 273 1104 1024 1152; baseline 0 -14"><span class='ocrx_word' id='word_1_115' title='bbox 273 1104 351 1146; x_wconf 90' lang='lat' dir='ltr'>bet)</span> <span class='ocrx_word' id='word_1_116' title='bbox 372 1116 486 1152; x_wconf 84' lang='lat' dir='ltr'>quarto</span> <span class='ocrx_word' id='word_1_117' title='bbox 513 1105 702 1139; x_wconf 82' lang='lat' dir='ltr'>inchoante.</span> <span class='ocrx_word' id='word_1_118' title='bbox 736 1105 870 1139; x_wconf 50' lang='lat' dir='ltr'>Ieremias</span> <span class='ocrx_word' id='word_1_119' title='bbox 894 1104 1024 1150; x_wconf 86' lang='lat' dir='ltr'>quidem</span> 
     </span>
     <span class='ocr_line' id='line_1_22' title="bbox 271 1154 1026 1201; baseline 0 -14"><span class='ocrx_word' id='word_1_120' title='bbox 271 1163 392 1201; x_wconf 91' lang='lat' dir='ltr'>quarto</span> <span class='ocrx_word' id='word_1_121' title='bbox 415 1154 539 1198; x_wconf 59' lang='lat' dir='ltr'>Ioani</span> <span class='ocrx_word' id='word_1_122' title='bbox 555 1154 735 1188; x_wconf 84' lang='lat' dir='ltr'>denunciat</span> <span class='ocrx_word' id='word_1_123' title='bbox 751 1165 925 1189; x_wconf 89' lang='lat' dir='ltr'>venturum</span> <span class='ocrx_word' id='word_1_124' title='bbox 944 1154 1026 1187; x_wconf 88' lang='lat' dir='ltr'>Hie-</span> 
     </span>
     <span class='ocr_line' id='line_1_23' title="bbox 268 1201 1023 1250; baseline 0 -13"><span class='ocrx_word' id='word_1_125' title='bbox 268 1201 464 1250; x_wconf 85' lang='lat' dir='ltr'>rosolymam</span> <span class='ocrx_word' id='word_1_126' title='bbox 478 1201 782 1240; x_wconf 57' lang='lat' dir='ltr'>Nebuchadnezamn</span> <span class='ocrx_word' id='word_1_127' title='bbox 794 1216 862 1237; x_wconf 88' lang='lat' dir='ltr'>non</span> <span class='ocrx_word' id='word_1_128' title='bbox 872 1202 1023 1250; x_wconf 79' lang='lat' dir='ltr'>simplici-</span> 
     </span>
     <span class='ocr_line' id='line_1_24' title="bbox 268 1251 1020 1299; baseline 0.001 -14"><span class='ocrx_word' id='word_1_129' title='bbox 268 1261 339 1292; x_wconf 87' lang='lat' dir='ltr'>ter,</span> <span class='ocrx_word' id='word_1_130' title='bbox 356 1251 407 1286; x_wconf 87' lang='lat' dir='ltr'>scd</span> <span class='ocrx_word' id='word_1_131' title='bbox 424 1253 463 1286; x_wconf 93' lang='lat' dir='ltr'>ad</span> <span class='ocrx_word' id='word_1_132' title='bbox 475 1255 601 1287; x_wconf 84' lang='lat' dir='ltr'>ruinam</span> <span class='ocrx_word' id='word_1_133' title='bbox 613 1252 716 1293; x_wconf 69' lang='lat' dir='ltr'>urbia,</span> <span class='ocrx_word' id='word_1_134' title='bbox 732 1258 763 1288; x_wconf 71' lang='grc' dir='ltr'>δε</span> <span class='ocrx_word' id='word_1_135' title='bbox 781 1252 1020 1299; x_wconf 87' lang='lat' dir='ltr'>imponendum</span> 
     </span>
     <span class='ocr_line' id='line_1_25' title="bbox 266 1301 1022 1350; baseline 0 -16"><span class='ocrx_word' id='word_1_136' title='bbox 266 1301 383 1347; x_wconf 84' lang='lat' dir='ltr'>Judaeis</span> <span class='ocrx_word' id='word_1_137' title='bbox 402 1314 436 1336; x_wconf 89' lang='lat' dir='ltr'>ac</span> <span class='ocrx_word' id='word_1_138' title='bbox 455 1304 568 1337; x_wconf 85' lang='lat' dir='ltr'>vicinis</span> <span class='ocrx_word' id='word_1_139' title='bbox 589 1303 744 1350; x_wconf 84' lang='lat' dir='ltr'>gentibus</span> <span class='ocrx_word' id='word_1_140' title='bbox 764 1305 883 1348; x_wconf 83' lang='lat' dir='ltr'>jugum</span> <span class='ocrx_word' id='word_1_141' title='bbox 896 1326 905 1341; x_wconf 89' lang='lat'>,</span> <span class='ocrx_word' id='word_1_142' title='bbox 931 1302 1022 1348; x_wconf 89' lang='lat' dir='ltr'>quod</span> 
     </span>
     <span class='ocr_line' id='line_1_26' title="bbox 266 1350 1020 1400; baseline 0 -16"><span class='ocrx_word' id='word_1_143' title='bbox 266 1362 336 1384; x_wconf 90' lang='lat' dir='ltr'>non</span> <span class='ocrx_word' id='word_1_144' title='bbox 358 1351 414 1385; x_wconf 85' lang='lat' dir='ltr'>nifi</span> <span class='ocrx_word' id='word_1_145' title='bbox 430 1350 501 1397; x_wconf 87' lang='lat' dir='ltr'>post</span> <span class='ocrx_word' id='word_1_146' title='bbox 518 1351 720 1400; x_wconf 81' lang='lat' dir='ltr'>septuaginta</span> <span class='ocrx_word' id='word_1_147' title='bbox 734 1363 837 1385; x_wconf 87' lang='lat' dir='ltr'>annos</span> <span class='ocrx_word' id='word_1_148' title='bbox 853 1353 1020 1385; x_wconf 83' lang='lat' dir='ltr'>excutien-</span> 
     </span>
     <span class='ocr_line' id='line_1_27' title="bbox 263 1399 1020 1449; baseline 0.003 -16"><span class='ocrx_word' id='word_1_149' title='bbox 263 1399 344 1433; x_wconf 90' lang='lat' dir='ltr'>dum</span> <span class='ocrx_word' id='word_1_150' title='bbox 357 1411 444 1434; x_wconf 86' lang='lat' dir='ltr'>erat:</span> <span class='ocrx_word' id='word_1_151' title='bbox 464 1403 637 1448; x_wconf 82' lang='lat' dir='ltr'>Loquitur,</span> <span class='ocrx_word' id='word_1_152' title='bbox 650 1404 797 1449; x_wconf 83' lang='lat' dir='ltr'>inquam,</span> <span class='ocrx_word' id='word_1_153' title='bbox 809 1401 969 1447; x_wconf 86' lang='lat' dir='ltr'>Propheta</span> <span class='ocrx_word' id='word_1_154' title='bbox 980 1413 1020 1435; x_wconf 86' lang='lat' dir='ltr'>eo</span> 
     </span>
     <span class='ocr_line' id='line_1_28' title="bbox 261 1449 1023 1497; baseline 0.003 -15"><span class='ocrx_word' id='word_1_155' title='bbox 261 1461 351 1482; x_wconf 84' lang='lat' dir='ltr'>anno</span> <span class='ocrx_word' id='word_1_156' title='bbox 371 1452 427 1497; x_wconf 90' lang='lat' dir='ltr'>qui</span> <span class='ocrx_word' id='word_1_157' title='bbox 443 1449 504 1484; x_wconf 92' lang='lat' dir='ltr'>fuit</span> <span class='ocrx_word' id='word_1_158' title='bbox 522 1450 638 1489; x_wconf 67' lang='lat' dir='ltr'>Ioakimc&#39;</span> <span class='ocrx_word' id='word_1_159' title='bbox 657 1455 689 1485; x_wconf 66' lang='grc' dir='ltr'>ὃ(</span> <span class='ocrx_word' id='word_1_160' title='bbox 706 1452 819 1484; x_wconf 90' lang='lat' dir='ltr'>tertius</span> <span class='ocrx_word' id='word_1_161' title='bbox 835 1454 865 1484; x_wconf 71' lang='grc' dir='ltr'>ἃ·</span> <span class='ocrx_word' id='word_1_162' title='bbox 879 1461 1023 1497; x_wconf 81' lang='lat' dir='ltr'>quartus,</span> 
     </span>
     <span class='ocr_line' id='line_1_29' title="bbox 262 1496 1020 1546; baseline 0.003 -15"><span class='ocrx_word' id='word_1_163' title='bbox 262 1496 301 1532; x_wconf 86' lang='lat' dir='ltr'>de</span> <span class='ocrx_word' id='word_1_164' title='bbox 312 1497 594 1536; x_wconf 59' lang='lat' dir='ltr'>Nebmhadnezaris</span> <span class='ocrx_word' id='word_1_165' title='bbox 609 1499 752 1534; x_wconf 84' lang='lat' dir='ltr'>adventu</span> <span class='ocrx_word' id='word_1_166' title='bbox 778 1512 846 1533; x_wconf 90' lang='lat' dir='ltr'>non</span> <span class='ocrx_word' id='word_1_167' title='bbox 865 1499 1020 1546; x_wconf 81' lang='lat' dir='ltr'>simplici-</span> 
     </span>
     <span class='ocr_line' id='line_1_30' title="bbox 261 1548 1017 1589; baseline 0.004 -9"><span class='ocrx_word' id='word_1_168' title='bbox 261 1556 313 1580; x_wconf 83' lang='lat' dir='ltr'>ter</span> <span class='ocrx_word' id='word_1_169' title='bbox 326 1570 334 1583; x_wconf 84' lang='lat'>‚</span> <span class='ocrx_word' id='word_1_170' title='bbox 351 1558 430 1582; x_wconf 89' lang='lat' dir='ltr'>tunc</span> <span class='ocrx_word' id='word_1_171' title='bbox 443 1550 530 1582; x_wconf 87' lang='lat' dir='ltr'>enim</span> <span class='ocrx_word' id='word_1_172' title='bbox 545 1549 650 1583; x_wconf 88' lang='lat' dir='ltr'>aderat</span> <span class='ocrx_word' id='word_1_173' title='bbox 660 1553 691 1583; x_wconf 70' lang='grc' dir='ltr'>δι</span> <span class='ocrx_word' id='word_1_174' title='bbox 704 1548 818 1583; x_wconf 89' lang='lat' dir='ltr'>urbem</span> <span class='ocrx_word' id='word_1_175' title='bbox 829 1548 993 1583; x_wconf 86' lang='lat' dir='ltr'>obsidebat</span> <span class='ocrx_word' id='word_1_176' title='bbox 1007 1566 1017 1589; x_wconf 90' lang='lat'>‚-</span> 
     </span>
     <span class='ocr_line' id='line_1_31' title="bbox 262 1594 1018 1645; baseline 0.004 -16"><span class='ocrx_word' id='word_1_177' title='bbox 262 1594 317 1630; x_wconf 88' lang='lat' dir='ltr'>sed</span> <span class='ocrx_word' id='word_1_178' title='bbox 329 1595 368 1630; x_wconf 91' lang='lat' dir='ltr'>de</span> <span class='ocrx_word' id='word_1_179' title='bbox 379 1600 447 1642; x_wconf 89' lang='lat' dir='ltr'>ejus</span> <span class='ocrx_word' id='word_1_180' title='bbox 460 1597 600 1632; x_wconf 90' lang='lat' dir='ltr'>adventu</span> <span class='ocrx_word' id='word_1_181' title='bbox 620 1611 660 1632; x_wconf 91' lang='lat' dir='ltr'>eo</span> <span class='ocrx_word' id='word_1_182' title='bbox 671 1596 736 1632; x_wconf 84' lang='lat' dir='ltr'>fine</span> <span class='ocrx_word' id='word_1_183' title='bbox 749 1610 785 1632; x_wconf 88' lang='lat' dir='ltr'>ut</span> <span class='ocrx_word' id='word_1_184' title='bbox 804 1597 959 1645; x_wconf 82' lang='lat' dir='ltr'>praestaret</span> <span class='ocrx_word' id='word_1_185' title='bbox 971 1597 1018 1632; x_wconf 88' lang='lat' dir='ltr'>ibi</span> 
     </span>
     <span class='ocr_line' id='line_1_32' title="bbox 265 1645 1016 1696; baseline 0.003 -17"><span class='ocrx_word' id='word_1_186' title='bbox 265 1645 414 1692; x_wconf 67' lang='lat' dir='ltr'>praediefta</span> <span class='ocrx_word' id='word_1_187' title='bbox 433 1647 516 1681; x_wconf 84' lang='lat' dir='ltr'>mala</span> <span class='ocrx_word' id='word_1_188' title='bbox 526 1671 537 1687; x_wconf 90' lang='lat'>‚</span> <span class='ocrx_word' id='word_1_189' title='bbox 566 1660 705 1696; x_wconf 85' lang='lat' dir='ltr'>quorum</span> <span class='ocrx_word' id='word_1_190' title='bbox 718 1649 867 1696; x_wconf 83' lang='lat' dir='ltr'>pleraque</span> <span class='ocrx_word' id='word_1_191' title='bbox 879 1647 950 1693; x_wconf 91' lang='lat' dir='ltr'>post</span> <span class='ocrx_word' id='word_1_192' title='bbox 961 1660 1016 1681; x_wconf 88' lang='lat' dir='ltr'>an-</span> 
     </span>
     <span class='ocr_line' id='line_1_33' title="bbox 265 1697 1014 1745; baseline 0.004 -17"><span class='ocrx_word' id='word_1_193' title='bbox 265 1708 326 1728; x_wconf 88' lang='lat' dir='ltr'>nos</span> <span class='ocrx_word' id='word_1_194' title='bbox 343 1697 468 1730; x_wconf 89' lang='lat' dir='ltr'>multos</span> <span class='ocrx_word' id='word_1_195' title='bbox 480 1708 568 1731; x_wconf 85' lang='lat' dir='ltr'>erant</span> <span class='ocrx_word' id='word_1_196' title='bbox 580 1697 706 1738; x_wconf 86' lang='lat' dir='ltr'>futura,</span> <span class='ocrx_word' id='word_1_197' title='bbox 721 1709 781 1731; x_wconf 91' lang='lat' dir='ltr'>nec</span> <span class='ocrx_word' id='word_1_198' title='bbox 800 1708 875 1732; x_wconf 87' lang='lat' dir='ltr'>ante</span> <span class='ocrx_word' id='word_1_199' title='bbox 891 1697 1014 1745; x_wconf 84' lang='lat' dir='ltr'>septua-</span> 
     </span>
     <span class='ocr_line' id='line_1_34' title="bbox 262 1743 713 1792; baseline 0.007 -15"><span class='ocrx_word' id='word_1_200' title='bbox 262 1743 554 1792; x_wconf 84' lang='lat' dir='ltr'>gefimumannum</span> <span class='ocrx_word' id='word_1_201' title='bbox 565 1746 713 1782; x_wconf 82' lang='lat' dir='ltr'>desitura.</span> 
     </span>
    </p>

    <p class='ocr_par' dir='ltr' id='par_1_3' title="bbox 157 1793 1015 2428">
     <span class='ocr_line' id='line_1_35' title="bbox 157 1793 1015 1843; baseline 0.005 -17"><span class='ocrx_word' id='word_1_202' title='bbox 157 1808 199 1840; x_wconf 75' lang='lat'>3‚·</span> <span class='ocrx_word' id='word_1_203' title='bbox 318 1795 593 1842; x_wconf 80' lang='lat' dir='ltr'>Argumentamur</span> <span class='ocrx_word' id='word_1_204' title='bbox 605 1810 618 1843; x_wconf 84' lang='lat'><em>3</em></span> <span class='ocrx_word' id='word_1_205' title='bbox 629 1821 634 1829; x_wconf 89' lang='lat'>.</span> <span class='ocrx_word' id='word_1_206' title='bbox 644 1810 681 1830; x_wconf 83' lang='lat' dir='ltr'>ex</span> <span class='ocrx_word' id='word_1_207' title='bbox 692 1793 952 1829; x_wconf 76' lang='lat' dir='ltr'>Matth.1.v.11.&amp;</span> <span class='ocrx_word' id='word_1_208' title='bbox 966 1807 1015 1830; x_wconf 84' lang='lat'>12.</span> 
     </span>
     <span class='ocr_line' id='line_1_36' title="bbox 262 1840 1013 1891; baseline 0.004 -16"><span class='ocrx_word' id='word_1_209' title='bbox 262 1840 459 1886; x_wconf 85' lang='lat' dir='ltr'>Babylonica</span> <span class='ocrx_word' id='word_1_210' title='bbox 471 1847 635 1891; x_wconf 82' lang='lat' dir='ltr'>captivitas</span> <span class='ocrx_word' id='word_1_211' title='bbox 649 1850 680 1880; x_wconf 67' lang='grc' dir='ltr'>δε</span> <span class='ocrx_word' id='word_1_212' title='bbox 697 1843 942 1891; x_wconf 79' lang='lat' dir='ltr'>transmigratio</span> <span class='ocrx_word' id='word_1_213' title='bbox 958 1844 1013 1878; x_wconf 87' lang='lat' dir='ltr'>de-</span> 
     </span>
     <span class='ocr_line' id='line_1_37' title="bbox 259 1890 1013 1936; baseline 0.004 -11"><span class='ocrx_word' id='word_1_214' title='bbox 259 1892 453 1926; x_wconf 80' lang='lat' dir='ltr'>nominatur</span> <span class='ocrx_word' id='word_1_215' title='bbox 472 1892 489 1927; x_wconf 72' lang='lat' dir='ltr'>a</span> <span class='ocrx_word' id='word_1_216' title='bbox 501 1892 612 1929; x_wconf 45' lang='lat' dir='ltr'>[croniti</span> <span class='ocrx_word' id='word_1_217' title='bbox 622 1907 690 1928; x_wconf 89' lang='lat' dir='ltr'>non</span> <span class='ocrx_word' id='word_1_218' title='bbox 702 1890 859 1936; x_wconf 57' lang='lat' dir='ltr'>Zedekiai3</span> <span class='ocrx_word' id='word_1_219' title='bbox 877 1891 946 1927; x_wconf 68' lang='lat' dir='ltr'>imo</span> <span class='ocrx_word' id='word_1_220' title='bbox 957 1906 1013 1928; x_wconf 92' lang='lat' dir='ltr'>ve-</span> 
     </span>
     <span class='ocr_line' id='line_1_38' title="bbox 259 1939 1012 1991; baseline 0.004 -17"><span class='ocrx_word' id='word_1_221' title='bbox 259 1939 298 1974; x_wconf 72' lang='grc' dir='ltr'>ῐὸ</span> <span class='ocrx_word' id='word_1_222' title='bbox 308 1940 397 1976; x_wconf 91' lang='lat' dir='ltr'>abeo</span> <span class='ocrx_word' id='word_1_223' title='bbox 411 1942 526 1976; x_wconf 57' lang='lat' dir='ltr'>second</span> <span class='ocrx_word' id='word_1_224' title='bbox 537 1946 592 1991; x_wconf 89' lang='lat' dir='ltr'>qui</span> <span class='ocrx_word' id='word_1_225' title='bbox 612 1943 727 1978; x_wconf 87' lang='lat' dir='ltr'>habuit</span> <span class='ocrx_word' id='word_1_226' title='bbox 745 1942 875 1979; x_wconf 85' lang='lat' dir='ltr'>fratres,</span> <span class='ocrx_word' id='word_1_227' title='bbox 894 1943 982 1990; x_wconf 88' lang='lat' dir='ltr'>quod</span> <span class='ocrx_word' id='word_1_228' title='bbox 994 1942 1012 1977; x_wconf 72' lang='grc' dir='ltr'>εἰ</span> 
     </span>
     <span class='ocr_line' id='line_1_39' title="bbox 258 1990 1012 2040; baseline 0.005 -18"><span class='ocrx_word' id='word_1_229' title='bbox 258 1990 370 2024; x_wconf 89' lang='lat' dir='ltr'>multis</span> <span class='ocrx_word' id='word_1_230' title='bbox 382 1994 412 2024; x_wconf 75' lang='grc' dir='ltr'>δι</span> <span class='ocrx_word' id='word_1_231' title='bbox 422 1993 558 2038; x_wconf 87' lang='lat' dir='ltr'>optimis</span> <span class='ocrx_word' id='word_1_232' title='bbox 571 1993 807 2040; x_wconf 74' lang='lat' dir='ltr'>interpretibus</span> <span class='ocrx_word' id='word_1_233' title='bbox 816 1992 1012 2039; x_wconf 74' lang='lat' dir='ltr'>intelligitur</span> 
     </span>
     <span class='ocr_line' id='line_1_40' title="bbox 257 2037 1013 2090; baseline 0.008 -19"><span class='ocrx_word' id='word_1_234' title='bbox 257 2039 296 2071; x_wconf 86' lang='lat' dir='ltr'>de</span> <span class='ocrx_word' id='word_1_235' title='bbox 308 2037 432 2080; x_wconf 67' lang='lat' dir='ltr'>Ioakimo</span> <span class='ocrx_word' id='word_1_236' title='bbox 444 2042 560 2075; x_wconf 79' lang='lat' dir='ltr'>Ieconiae</span> <span class='ocrx_word' id='word_1_237' title='bbox 570 2054 674 2090; x_wconf 86' lang='lat' dir='ltr'>patre,</span> <span class='ocrx_word' id='word_1_238' title='bbox 688 2042 743 2090; x_wconf 89' lang='lat' dir='ltr'>qui</span> <span class='ocrx_word' id='word_1_239' title='bbox 762 2039 839 2077; x_wconf 73' lang='lat' dir='ltr'>vero</span> <span class='ocrx_word' id='word_1_240' title='bbox 851 2041 888 2075; x_wconf 89' lang='lat' dir='ltr'>de</span> <span class='ocrx_word' id='word_1_241' title='bbox 899 2041 1013 2077; x_wconf 70' lang='lat' dir='ltr'>Ieconid</span> 
     </span>
     <span class='ocr_line' id='line_1_41' title="bbox 256 2086 1011 2139; baseline 0.008 -19"><span class='ocrx_word' id='word_1_242' title='bbox 256 2086 421 2123; x_wconf 77' lang='lat' dir='ltr'>filiolumc</span> <span class='ocrx_word' id='word_1_243' title='bbox 434 2092 545 2125; x_wconf 87' lang='lat' dir='ltr'>locum</span> <span class='ocrx_word' id='word_1_244' title='bbox 559 2093 725 2139; x_wconf 87' lang='lat' dir='ltr'>accipiunt</span> <span class='ocrx_word' id='word_1_245' title='bbox 736 2115 745 2131; x_wconf 91' lang='lat'><em>‚</em></span> <span class='ocrx_word' id='word_1_246' title='bbox 759 2089 879 2125; x_wconf 83' lang='lat' dir='ltr'>necesse</span> <span class='ocrx_word' id='word_1_247' title='bbox 891 2091 1011 2126; x_wconf 86' lang='lat' dir='ltr'>habent</span> 
     </span>
     <span class='ocr_line' id='line_1_42' title="bbox 258 2138 1009 2187; baseline 0.012 -19"><span class='ocrx_word' id='word_1_248' title='bbox 258 2138 479 2182; x_wconf 84' lang='lat' dir='ltr'>captivitatem</span> <span class='ocrx_word' id='word_1_249' title='bbox 493 2142 635 2187; x_wconf 87' lang='lat' dir='ltr'>incipere</span> <span class='ocrx_word' id='word_1_250' title='bbox 646 2140 754 2174; x_wconf 78' lang='lat' dir='ltr'>multo</span> <span class='ocrx_word' id='word_1_251' title='bbox 769 2150 843 2174; x_wconf 86' lang='lat' dir='ltr'>ante</span> <span class='ocrx_word' id='word_1_252' title='bbox 854 2141 943 2176; x_wconf 86' lang='lat' dir='ltr'>urbis</span> <span class='ocrx_word' id='word_1_253' title='bbox 954 2141 1009 2176; x_wconf 91' lang='lat' dir='ltr'>de-</span> 
     </span>
     <span class='ocr_line' id='line_1_43' title="bbox 256 2184 1007 2235; baseline 0.007 -16"><span class='ocrx_word' id='word_1_254' title='bbox 256 2184 469 2221; x_wconf 69' lang='lat' dir='ltr'>structionem</span> <span class='ocrx_word' id='word_1_255' title='bbox 482 2214 490 2226; x_wconf 92' lang='lat'><strong><em>,</em></strong></span> <span class='ocrx_word' id='word_1_256' title='bbox 514 2189 554 2222; x_wconf 89' lang='lat' dir='ltr'>ab</span> <span class='ocrx_word' id='word_1_257' title='bbox 572 2202 612 2222; x_wconf 93' lang='lat' dir='ltr'>eo</span> <span class='ocrx_word' id='word_1_258' title='bbox 626 2202 773 2234; x_wconf 86' lang='lat' dir='ltr'>tempore</span> <span class='ocrx_word' id='word_1_259' title='bbox 800 2191 919 2223; x_wconf 75' lang='lat' dir='ltr'>Icilicet</span> <span class='ocrx_word' id='word_1_260' title='bbox 939 2203 1007 2235; x_wconf 87' lang='lat' dir='ltr'>quo</span> 
     </span>
     <span class='ocr_line' id='line_1_44' title="bbox 255 2235 1009 2282; baseline 0.003 -14"><span class='ocrx_word' id='word_1_261' title='bbox 255 2235 485 2282; x_wconf 83' lang='lat' dir='ltr'>commigravit</span> <span class='ocrx_word' id='word_1_262' title='bbox 493 2238 635 2276; x_wconf 75' lang='lat' dir='ltr'>lemnias,</span> <span class='ocrx_word' id='word_1_263' title='bbox 649 2248 824 2281; x_wconf 88' lang='lat' dir='ltr'>antequam</span> <span class='ocrx_word' id='word_1_264' title='bbox 833 2238 1009 2270; x_wconf 88' lang='lat' dir='ltr'>ulloslibe-</span> 
     </span>
     <span class='ocr_line' id='line_1_45' title="bbox 254 2283 1007 2332; baseline 0.005 -16"><span class='ocrx_word' id='word_1_265' title='bbox 254 2295 309 2318; x_wconf 88' lang='lat' dir='ltr'>ros</span> <span class='ocrx_word' id='word_1_266' title='bbox 331 2285 487 2331; x_wconf 75' lang='lat' dir='ltr'>genuisset</span> <span class='ocrx_word' id='word_1_267' title='bbox 504 2309 513 2322; x_wconf 83' lang='lat'>‚</span> <span class='ocrx_word' id='word_1_268' title='bbox 545 2299 622 2321; x_wconf 88' lang='lat' dir='ltr'>nam</span> <span class='ocrx_word' id='word_1_269' title='bbox 655 2283 841 2319; x_wconf 64' lang='lat' dir='ltr'>Salathz&#39;elem</span> <span class='ocrx_word' id='word_1_270' title='bbox 865 2284 1007 2332; x_wconf 75' lang='lat' dir='ltr'>genuisse</span> 
     </span>
     <span class='ocr_line' id='line_1_46' title="bbox 254 2333 1006 2383; baseline 0.004 -17"><span class='ocrx_word' id='word_1_271' title='bbox 254 2345 330 2367; x_wconf 90' lang='lat' dir='ltr'>eum</span> <span class='ocrx_word' id='word_1_272' title='bbox 347 2333 427 2368; x_wconf 83' lang='lat' dir='ltr'>dicit</span> <span class='ocrx_word' id='word_1_273' title='bbox 443 2335 607 2370; x_wconf 69' lang='lat' dir='ltr'>Matthaeus</span> <span class='ocrx_word' id='word_1_274' title='bbox 623 2333 694 2383; x_wconf 85' lang='lat' dir='ltr'>post</span> <span class='ocrx_word' id='word_1_275' title='bbox 709 2335 934 2382; x_wconf 83' lang='lat' dir='ltr'>captivitatem</span> <span class='ocrx_word' id='word_1_276' title='bbox 945 2336 1006 2369; x_wconf 86' lang='lat' dir='ltr'>Ba-</span> 
     </span>
     <span class='ocr_line' id='line_1_47' title="bbox 252 2380 454 2428; baseline 0.015 -13"><span class='ocrx_word' id='word_1_277' title='bbox 252 2380 454 2428; x_wconf 87' lang='lat' dir='ltr'>bylonicam.</span> 
     </span>
    </p>

    <p class='ocr_par' dir='ltr' id='par_1_4' title="bbox 140 2430 1004 3121">
     <span class='ocr_line' id='line_1_48' title="bbox 140 2430 1004 2479; baseline 0.006 -16"><span class='ocrx_word' id='word_1_278' title='bbox 140 2446 167 2469; x_wconf 78' lang='lat'>4-</span> <span class='ocrx_word' id='word_1_279' title='bbox 300 2431 546 2479; x_wconf 87' lang='lat' dir='ltr'>Argumentum</span> <span class='ocrx_word' id='word_1_280' title='bbox 559 2432 714 2466; x_wconf 87' lang='lat' dir='ltr'>ultimum</span> <span class='ocrx_word' id='word_1_281' title='bbox 733 2431 769 2466; x_wconf 83' lang='lat' dir='ltr'>fit</span> <span class='ocrx_word' id='word_1_282' title='bbox 781 2430 1004 2468; x_wconf 85' lang='lat' dir='ltr'>testimonium</span> 
     </span>
     <span class='ocr_line' id='line_1_49' title="bbox 251 2480 1003 2529; baseline 0.008 -17"><span class='ocrx_word' id='word_1_283' title='bbox 251 2489 319 2513; x_wconf 91' lang='lat' dir='ltr'>tam</span> <span class='ocrx_word' id='word_1_284' title='bbox 339 2483 549 2528; x_wconf 88' lang='lat' dir='ltr'>antiquorum</span> <span class='ocrx_word' id='word_1_285' title='bbox 575 2480 672 2529; x_wconf 72' lang='lat' dir='ltr'>quam</span> <span class='ocrx_word' id='word_1_286' title='bbox 699 2483 879 2516; x_wconf 84' lang='lat' dir='ltr'>recentium</span> <span class='ocrx_word' id='word_1_287' title='bbox 896 2505 906 2519; x_wconf 83' lang='lat'><em>‚</em></span> <span class='ocrx_word' id='word_1_288' title='bbox 935 2493 1003 2518; x_wconf 86' lang='lat' dir='ltr'>tam</span> 
     </span>
     <span class='ocr_line' id='line_1_50' title="bbox 251 2528 1003 2578; baseline 0.003 -15"><span class='ocrx_word' id='word_1_289' title='bbox 251 2529 501 2564; x_wconf 86' lang='lat' dir='ltr'>Protestantium</span> <span class='ocrx_word' id='word_1_290' title='bbox 515 2528 611 2578; x_wconf 67' lang='lat' dir='ltr'>quam</span> <span class='ocrx_word' id='word_1_291' title='bbox 631 2529 885 2564; x_wconf 88' lang='lat' dir='ltr'>Pontificiorum</span> <span class='ocrx_word' id='word_1_292' title='bbox 899 2554 908 2567; x_wconf 89' lang='lat'><em>,</em></span> <span class='ocrx_word' id='word_1_293' title='bbox 932 2531 1003 2567; x_wconf 74' lang='lat' dir='ltr'>tum</span> 
     </span>
     <span class='ocr_line' id='line_1_51' title="bbox 251 2580 1002 2628; baseline 0.005 -16"><span class='ocrx_word' id='word_1_294' title='bbox 251 2591 366 2612; x_wconf 89' lang='lat' dir='ltr'>eorum</span> <span class='ocrx_word' id='word_1_295' title='bbox 390 2581 445 2627; x_wconf 85' lang='lat' dir='ltr'>qui</span> <span class='ocrx_word' id='word_1_296' title='bbox 474 2592 599 2628; x_wconf 82' lang='lat' dir='ltr'>magno</span> <span class='ocrx_word' id='word_1_297' title='bbox 623 2591 762 2614; x_wconf 87' lang='lat' dir='ltr'>numero</span> <span class='ocrx_word' id='word_1_298' title='bbox 779 2580 1002 2627; x_wconf 87' lang='lat' dir='ltr'>captivitatem</span> 
     </span>
     <span class='ocr_line' id='line_1_52' title="bbox 252 2625 999 2675; baseline 0.001 -14"><span class='ocrx_word' id='word_1_299' title='bbox 252 2627 339 2661; x_wconf 86' lang='lat' dir='ltr'>hanc</span> <span class='ocrx_word' id='word_1_300' title='bbox 351 2629 508 2662; x_wconf 87' lang='lat' dir='ltr'>inchoant</span> <span class='ocrx_word' id='word_1_301' title='bbox 518 2628 534 2662; x_wconf 71' lang='lat' dir='ltr'>a</span> <span class='ocrx_word' id='word_1_302' title='bbox 547 2630 652 2675; x_wconf 89' lang='lat' dir='ltr'>primo</span> <span class='ocrx_word' id='word_1_303' title='bbox 662 2625 959 2670; x_wconf 57' lang='lat' dir='ltr'>Nebuchadnezaris,</span> <span class='ocrx_word' id='word_1_304' title='bbox 967 2634 999 2664; x_wconf 86' lang='lat'>&amp;</span> 
     </span>
     <span class='ocr_line' id='line_1_53' title="bbox 252 2675 1002 2725; baseline 0.004 -16"><span class='ocrx_word' id='word_1_305' title='bbox 252 2676 407 2711; x_wconf 83' lang='lat' dir='ltr'>claudunt</span> <span class='ocrx_word' id='word_1_306' title='bbox 419 2680 450 2712; x_wconf 90' lang='lat' dir='ltr'>in</span> <span class='ocrx_word' id='word_1_307' title='bbox 463 2679 571 2725; x_wconf 84' lang='lat' dir='ltr'>primo</span> <span class='ocrx_word' id='word_1_308' title='bbox 582 2678 662 2724; x_wconf 79' lang='lat' dir='ltr'>Cyri,</span> <span class='ocrx_word' id='word_1_309' title='bbox 680 2688 751 2711; x_wconf 88' lang='lat' dir='ltr'>turn</span> <span class='ocrx_word' id='word_1_310' title='bbox 769 2675 903 2710; x_wconf 83' lang='lat' dir='ltr'>istorum</span> <span class='ocrx_word' id='word_1_311' title='bbox 918 2678 1002 2725; x_wconf 67' lang='lat' dir='ltr'>quia</span> 
     </span>
     <span class='ocr_line' id='line_1_54' title="bbox 250 2726 1002 2773; baseline 0.004 -14"><span class='ocrx_word' id='word_1_312' title='bbox 250 2727 366 2773; x_wconf 86' lang='lat' dir='ltr'>templi</span> <span class='ocrx_word' id='word_1_313' title='bbox 376 2726 594 2762; x_wconf 63' lang='lat' dir='ltr'>destructione</span> <span class='ocrx_word' id='word_1_314' title='bbox 613 2726 651 2760; x_wconf 90' lang='lat' dir='ltr'>ad</span> <span class='ocrx_word' id='word_1_315' title='bbox 660 2729 728 2771; x_wconf 81' lang='lat' dir='ltr'>ejus</span> <span class='ocrx_word' id='word_1_316' title='bbox 738 2726 865 2772; x_wconf 86' lang='lat' dir='ltr'>plenam</span> <span class='ocrx_word' id='word_1_317' title='bbox 881 2728 1002 2761; x_wconf 81' lang='lat' dir='ltr'>restau-</span> 
     </span>
     <span class='ocr_line' id='line_1_55' title="bbox 250 2775 1002 2824; baseline 0.001 -15"><span class='ocrx_word' id='word_1_318' title='bbox 250 2776 413 2810; x_wconf 83' lang='lat' dir='ltr'>rationem</span> <span class='ocrx_word' id='word_1_319' title='bbox 439 2776 581 2811; x_wconf 82' lang='lat' dir='ltr'>secundo</span> <span class='ocrx_word' id='word_1_320' title='bbox 605 2775 695 2810; x_wconf 81' lang='lat' dir='ltr'>Dam&#39;</span> <span class='ocrx_word' id='word_1_321' title='bbox 714 2775 857 2824; x_wconf 70' lang='lat' dir='ltr'>Hystaspis</span> <span class='ocrx_word' id='word_1_322' title='bbox 882 2788 1002 2811; x_wconf 89' lang='lat' dir='ltr'>nume-</span> 
     </span>
     <span class='ocr_line' id='line_1_56' title="bbox 249 2820 998 2873; baseline 0.005 -16"><span class='ocrx_word' id='word_1_323' title='bbox 249 2834 322 2858; x_wconf 87' lang='lat' dir='ltr'>rant</span> <span class='ocrx_word' id='word_1_324' title='bbox 332 2838 435 2860; x_wconf 87' lang='lat' dir='ltr'>annos</span> <span class='ocrx_word' id='word_1_325' title='bbox 452 2820 666 2873; x_wconf 67' lang='lat' dir='ltr'>septuaginta.</span> <span class='ocrx_word' id='word_1_326' title='bbox 685 2824 773 2858; x_wconf 80' lang='lat' dir='ltr'>Nam</span> <span class='ocrx_word' id='word_1_327' title='bbox 786 2828 880 2859; x_wconf 85' lang='lat' dir='ltr'>etiam</span> <span class='ocrx_word' id='word_1_328' title='bbox 894 2826 998 2872; x_wconf 89' lang='lat' dir='ltr'>poste-</span> 
     </span>
     <span class='ocr_line' id='line_1_57' title="bbox 250 2873 1000 2922; baseline 0.007 -16"><span class='ocrx_word' id='word_1_329' title='bbox 250 2873 378 2908; x_wconf 74' lang='lat' dir='ltr'>rioresa</span> <span class='ocrx_word' id='word_1_330' title='bbox 391 2877 498 2921; x_wconf 91' lang='lat' dir='ltr'>primo</span> <span class='ocrx_word' id='word_1_331' title='bbox 510 2880 578 2918; x_wconf 79' lang='lat' dir='ltr'>Cyn</span> <span class='ocrx_word' id='word_1_332' title='bbox 588 2900 598 2916; x_wconf 92' lang='lat'>‚</span> <span class='ocrx_word' id='word_1_333' title='bbox 624 2874 679 2922; x_wconf 84' lang='lat' dir='ltr'>qui</span> <span class='ocrx_word' id='word_1_334' title='bbox 701 2876 876 2910; x_wconf 89' lang='lat' dir='ltr'>secundum</span> <span class='ocrx_word' id='word_1_335' title='bbox 890 2876 1000 2911; x_wconf 82' lang='lat' dir='ltr'>adver·</span> 
     </span>
     <span class='ocr_line' id='line_1_58' title="bbox 248 2919 995 2972; baseline 0.008 -19"><span class='ocrx_word' id='word_1_336' title='bbox 248 2919 345 2956; x_wconf 81' lang='lat' dir='ltr'>farios</span> <span class='ocrx_word' id='word_1_337' title='bbox 366 2926 559 2970; x_wconf 82' lang='lat' dir='ltr'>captivitatis</span> <span class='ocrx_word' id='word_1_338' title='bbox 581 2923 645 2959; x_wconf 86' lang='lat' dir='ltr'>fuit</span> <span class='ocrx_word' id='word_1_339' title='bbox 668 2922 744 2957; x_wconf 86' lang='lat' dir='ltr'>finis</span> <span class='ocrx_word' id='word_1_340' title='bbox 759 2951 767 2963; x_wconf 93' lang='lat'><strong><em>,</em></strong></span> <span class='ocrx_word' id='word_1_341' title='bbox 791 2926 829 2960; x_wconf 85' lang='lat' dir='ltr'>ad</span> <span class='ocrx_word' id='word_1_342' title='bbox 855 2926 995 2972; x_wconf 86' lang='lat' dir='ltr'>primum</span> 
     </span>
     <span class='ocr_line' id='line_1_59' title="bbox 249 2969 998 3022; baseline 0.017 -20"><span class='ocrx_word' id='word_1_343' title='bbox 249 2969 531 3011; x_wconf 64' lang='lat' dir='ltr'>Nebnchadnezaris</span> <span class='ocrx_word' id='word_1_344' title='bbox 545 2978 612 3020; x_wconf 87' lang='lat' dir='ltr'>ejus</span> <span class='ocrx_word' id='word_1_345' title='bbox 630 2974 823 3022; x_wconf 82' lang='lat' dir='ltr'>principium</span> <span class='ocrx_word' id='word_1_346' title='bbox 842 2999 852 3014; x_wconf 73' lang='lat'>5</span> <span class='ocrx_word' id='word_1_347' title='bbox 881 2972 998 3009; x_wconf 65' lang='lat' dir='ltr'>necesse</span> 
     </span>
     <span class='ocr_line' id='line_1_60' title="bbox 249 3015 996 3072; baseline 0.016 -24"><span class='ocrx_word' id='word_1_348' title='bbox 249 3015 371 3053; x_wconf 87' lang='lat' dir='ltr'>habent</span> <span class='ocrx_word' id='word_1_349' title='bbox 386 3035 457 3058; x_wconf 85' lang='lat' dir='ltr'>ante</span> <span class='ocrx_word' id='word_1_350' title='bbox 473 3024 587 3072; x_wconf 84' lang='lat' dir='ltr'>templi</span> <span class='ocrx_word' id='word_1_351' title='bbox 606 3028 637 3058; x_wconf 68' lang='grc' dir='ltr'>ὃ(</span> <span class='ocrx_word' id='word_1_352' title='bbox 656 3023 744 3057; x_wconf 86' lang='lat' dir='ltr'>urbis</span> <span class='ocrx_word' id='word_1_353' title='bbox 763 3024 996 3059; x_wconf 85' lang='lat' dir='ltr'>desolationem</span> 
     </span>
     <span class='ocr_line' id='line_1_61' title="bbox 249 3067 920 3121; baseline 0.012 -21"><span class='ocrx_word' id='word_1_354' title='bbox 249 3067 433 3104; x_wconf 66' lang='lat' dir='ltr'>oetodecim</span> <span class='ocrx_word' id='word_1_355' title='bbox 443 3087 545 3107; x_wconf 86' lang='lat' dir='ltr'>annos</span> <span class='ocrx_word' id='word_1_356' title='bbox 556 3073 724 3108; x_wconf 90' lang='lat' dir='ltr'>nobiscum</span> <span class='ocrx_word' id='word_1_357' title='bbox 740 3074 920 3121; x_wconf 87' lang='lat' dir='ltr'>supputare.</span> 
     </span>
    </p>
   </div>
   <div class='ocr_carea' id='block_1_3' title="bbox 94 3115 995 3172">
    <p class='ocr_par' dir='ltr' id='par_1_5' title="bbox 94 3115 995 3172">
     <span class='ocr_line' id='line_1_62' title="bbox 94 3115 995 3172; baseline -0.008 -10"><span class='ocrx_word' id='word_1_358' title='bbox 94 3134 206 3164; x_wconf 69' lang='lat' dir='ltr'>solvan·</span> <span class='ocrx_word' id='word_1_359' title='bbox 301 3115 427 3150; x_wconf 85' lang='lat' dir='ltr'>Contra</span> <span class='ocrx_word' id='word_1_360' title='bbox 444 3126 585 3156; x_wconf 75' lang='lat' dir='ltr'>nostram</span> <span class='ocrx_word' id='word_1_361' title='bbox 606 3123 796 3160; x_wconf 82' lang='lat' dir='ltr'>sententiam</span> <span class='ocrx_word' id='word_1_362' title='bbox 815 3124 884 3172; x_wconf 85' lang='lat' dir='ltr'>post</span> <span class='ocrx_word' id='word_1_363' title='bbox 905 3121 995 3156; x_wconf 79' lang='lat' dir='ltr'>Salia-</span> 
     </span>
    </p>
   </div>
   <div class='ocr_carea' id='block_1_4' title="bbox 1044 530 1063 1598">
    <p class='ocr_par' dir='ltr' id='par_1_6' title="bbox 1044 530 1063 1598">
     <span class='ocr_line' id='line_1_63' title="bbox 1044 530 1063 1598; baseline 0 0"><span class='ocrx_word' id='word_1_364' title='bbox 1044 530 1063 1598; x_wconf 95' lang='lat' dir='ltr'> </span> 
     </span>
    </p>
   </div>
   <div class='ocr_carea' id='block_1_5' title="bbox 1028 1775 1041 2624">
    <p class='ocr_par' dir='ltr' id='par_1_7' title="bbox 1028 1775 1041 2624">
     <span class='ocr_line' id='line_1_64' title="bbox 1028 1775 1041 2624; baseline 0 0"><span class='ocrx_word' id='word_1_365' title='bbox 1028 1775 1041 2624; x_wconf 95' lang='lat' dir='ltr'> </span> 
     </span>
    </p>
   </div>
   <div class='ocr_carea' id='block_1_6' title="bbox 1015 94 1490 135">
    <p class='ocr_par' dir='ltr' id='par_1_8' title="bbox 1015 94 1490 135">
     <span class='ocr_line' id='line_1_65' title="bbox 1015 94 1490 135; baseline 0.006 -3"><span class='ocrx_word' id='word_1_366' title='bbox 1015 94 1490 135; x_wconf 79' lang='lat' dir='ltr'>H1STOR101</span> 
     </span>
    </p>
   </div>
   <div class='ocr_carea' id='block_1_7' title="bbox 1038 168 1995 3171">
    <p class='ocr_par' dir='ltr' id='par_1_9' title="bbox 1083 168 1995 503">
     <span class='ocr_line' id='line_1_66' title="bbox 1090 168 1995 217; baseline 0.006 -14"><span class='ocrx_word' id='word_1_367' title='bbox 1090 179 1199 203; x_wconf 84' lang='lat' dir='ltr'>menta</span> <span class='ocrx_word' id='word_1_368' title='bbox 1223 168 1336 204; x_wconf 74' lang='grc' dir='ltr'>ἀοέὶιιε</span> <span class='ocrx_word' id='word_1_369' title='bbox 1368 172 1400 204; x_wconf 84' lang='lat'>&amp;</span> <span class='ocrx_word' id='word_1_370' title='bbox 1413 171 1483 217; x_wconf 89' lang='lat' dir='ltr'>pius</span> <span class='ocrx_word' id='word_1_371' title='bbox 1508 170 1602 205; x_wconf 77' lang='lat' dir='ltr'>senex</span> <span class='ocrx_word' id='word_1_372' title='bbox 1625 172 1670 205; x_wconf 88' lang='lat' dir='ltr'>D.</span> <span class='ocrx_word' id='word_1_373' title='bbox 1687 169 1840 217; x_wconf 65' lang='lat' dir='ltr'>Nisbetus.</span> <span class='ocrx_word' id='word_1_374' title='bbox 1859 174 1937 208; x_wconf 63' lang='lat' dir='ltr'>traria</span> <span class='ocrx_word' id='word_1_375' title='bbox 1947 187 1995 211; x_wconf 76' lang='lat' dir='ltr'>sa-</span> 
     </span>
     <span class='ocr_line' id='line_1_67' title="bbox 1088 219 1964 270; baseline 0.005 -18"><span class='ocrx_word' id='word_1_376' title='bbox 1088 219 1232 253; x_wconf 87' lang='lat' dir='ltr'>Primum</span> <span class='ocrx_word' id='word_1_377' title='bbox 1246 231 1319 252; x_wconf 89' lang='lat' dir='ltr'>cum</span> <span class='ocrx_word' id='word_1_378' title='bbox 1337 232 1453 267; x_wconf 87' lang='lat' dir='ltr'>quarto</span> <span class='ocrx_word' id='word_1_379' title='bbox 1465 221 1644 259; x_wconf 56' lang='lat' dir='ltr'>coincidm</span> <span class='ocrx_word' id='word_1_380' title='bbox 1672 223 1839 270; x_wconf 79' lang='lat' dir='ltr'>utriusque</span> <span class='ocrx_word' id='word_1_381' title='bbox 1858 219 1964 266; x_wconf 48' lang='lat' dir='ltr'>livi&amp;</span> 
     </span>
     <span class='ocr_line' id='line_1_68' title="bbox 1086 261 1964 318; baseline 0.002 -16"><span class='ocrx_word' id='word_1_382' title='bbox 1086 270 1240 315; x_wconf 66' lang='lat' dir='ltr'>pun&amp;um</span> <span class='ocrx_word' id='word_1_383' title='bbox 1251 292 1262 309; x_wconf 94' lang='lat'>‚</span> <span class='ocrx_word' id='word_1_384' title='bbox 1288 267 1352 303; x_wconf 92' lang='lat' dir='ltr'>hoc</span> <span class='ocrx_word' id='word_1_385' title='bbox 1363 269 1405 303; x_wconf 90' lang='lat' dir='ltr'>est</span> <span class='ocrx_word' id='word_1_386' title='bbox 1418 294 1428 308; x_wconf 81' lang='lat'><strong>‚</strong></span> <span class='ocrx_word' id='word_1_387' title='bbox 1444 269 1642 316; x_wconf 84' lang='lat' dir='ltr'>principium</span> <span class='ocrx_word' id='word_1_388' title='bbox 1658 271 1838 318; x_wconf 84' lang='lat' dir='ltr'>Babyloni·</span> <span class='ocrx_word' id='word_1_389' title='bbox 1858 261 1964 295; x_wconf 54' lang='lat' dir='ltr'>Nffb‘ti</span> 
     </span>
     <span class='ocr_line' id='line_1_69' title="bbox 1084 310 1982 368; baseline 0.004 -18"><span class='ocrx_word' id='word_1_390' title='bbox 1084 329 1126 351; x_wconf 86' lang='lat' dir='ltr'>cae</span> <span class='ocrx_word' id='word_1_391' title='bbox 1147 319 1339 364; x_wconf 89' lang='lat' dir='ltr'>captivitatis</span> <span class='ocrx_word' id='word_1_392' title='bbox 1358 319 1548 365; x_wconf 88' lang='lat' dir='ltr'>ponendum</span> <span class='ocrx_word' id='word_1_393' title='bbox 1573 318 1619 352; x_wconf 87' lang='lat' dir='ltr'>est</span> <span class='ocrx_word' id='word_1_394' title='bbox 1643 320 1676 352; x_wconf 89' lang='lat' dir='ltr'>in</span> <span class='ocrx_word' id='word_1_395' title='bbox 1699 319 1837 354; x_wconf 74' lang='lat' dir='ltr'>maxime</span> <span class='ocrx_word' id='word_1_396' title='bbox 1857 310 1982 368; x_wconf 35' lang='grc' dir='ltr'>ἕρπω</span> 
     </span>
     <span class='ocr_line' id='line_1_70' title="bbox 1085 366 1926 415; baseline 0.006 -16"><span class='ocrx_word' id='word_1_397' title='bbox 1085 367 1224 400; x_wconf 89' lang='lat' dir='ltr'>notabili</span> <span class='ocrx_word' id='word_1_398' title='bbox 1234 369 1419 413; x_wconf 80' lang='lat' dir='ltr'>captivitate</span> <span class='ocrx_word' id='word_1_399' title='bbox 1432 393 1442 408; x_wconf 89' lang='lat'>‚</span> <span class='ocrx_word' id='word_1_400' title='bbox 1459 369 1548 415; x_wconf 82' lang='lat' dir='ltr'>atqui</span> <span class='ocrx_word' id='word_1_401' title='bbox 1559 366 1697 402; x_wconf 68' lang='lat' dir='ltr'>maxime</span> <span class='ocrx_word' id='word_1_402' title='bbox 1708 369 1838 403; x_wconf 87' lang='lat' dir='ltr'>notabi-</span> <span class='ocrx_word' id='word_1_403' title='bbox 1904 393 1926 411; x_wconf 77' lang='lat'>1,</span> 
     </span>
     <span class='ocr_line' id='line_1_71' title="bbox 1085 415 1838 466; baseline 0.005 -18"><span class='ocrx_word' id='word_1_404' title='bbox 1085 415 1123 448; x_wconf 87' lang='lat' dir='ltr'>lis</span> <span class='ocrx_word' id='word_1_405' title='bbox 1143 417 1314 462; x_wconf 86' lang='lat' dir='ltr'>captivitas</span> <span class='ocrx_word' id='word_1_406' title='bbox 1333 429 1439 466; x_wconf 88' lang='lat' dir='ltr'>neque</span> <span class='ocrx_word' id='word_1_407' title='bbox 1459 415 1581 457; x_wconf 78' lang='lat' dir='ltr'>Ioakimi</span> <span class='ocrx_word' id='word_1_408' title='bbox 1597 429 1703 464; x_wconf 83' lang='lat' dir='ltr'>neque</span> <span class='ocrx_word' id='word_1_409' title='bbox 1720 419 1838 452; x_wconf 81' lang='lat' dir='ltr'>Ieconiae</span> 
     </span>
     <span class='ocr_line' id='line_1_72' title="bbox 1083 462 1363 503; baseline 0.011 -6"><span class='ocrx_word' id='word_1_410' title='bbox 1083 462 1138 497; x_wconf 87' lang='lat' dir='ltr'>sed</span> <span class='ocrx_word' id='word_1_411' title='bbox 1148 463 1281 503; x_wconf 69' lang='lat' dir='ltr'>Zedekiae</span> <span class='ocrx_word' id='word_1_412' title='bbox 1291 463 1363 500; x_wconf 88' lang='lat' dir='ltr'>fuit.</span> 
     </span>
    </p>

    <p class='ocr_par' dir='ltr' id='par_1_10' title="bbox 1070 512 1964 1497">
     <span class='ocr_line' id='line_1_73' title="bbox 1131 512 1838 562; baseline 0.003 -15"><span class='ocrx_word' id='word_1_413' title='bbox 1131 512 1225 561; x_wconf 84' lang='lat' dir='ltr'>Resp-</span> <span class='ocrx_word' id='word_1_414' title='bbox 1246 514 1362 548; x_wconf 89' lang='lat' dir='ltr'>Minor</span> <span class='ocrx_word' id='word_1_415' title='bbox 1371 514 1478 562; x_wconf 90' lang='lat' dir='ltr'>potest</span> <span class='ocrx_word' id='word_1_416' title='bbox 1488 516 1699 556; x_wconf 79' lang='lat' dir='ltr'>controverti3</span> <span class='ocrx_word' id='word_1_417' title='bbox 1713 527 1838 550; x_wconf 91' lang='lat' dir='ltr'>certum</span> 
     </span>
     <span class='ocr_line' id='line_1_74' title="bbox 1083 561 1840 603; baseline 0.005 -7"><span class='ocrx_word' id='word_1_418' title='bbox 1083 561 1127 595; x_wconf 88' lang='lat' dir='ltr'>est</span> <span class='ocrx_word' id='word_1_419' title='bbox 1137 563 1214 597; x_wconf 90' lang='lat' dir='ltr'>dum</span> <span class='ocrx_word' id='word_1_420' title='bbox 1227 562 1440 598; x_wconf 86' lang='lat' dir='ltr'>destrueretur</span> <span class='ocrx_word' id='word_1_421' title='bbox 1451 563 1525 597; x_wconf 88' lang='lat' dir='ltr'>urbs</span> <span class='ocrx_word' id='word_1_422' title='bbox 1547 563 1685 603; x_wconf 68' lang='lat' dir='ltr'>Zedekiae</span> <span class='ocrx_word' id='word_1_423' title='bbox 1704 565 1840 600; x_wconf 88' lang='lat' dir='ltr'>undeci-</span> 
     </span>
     <span class='ocr_line' id='line_1_75' title="bbox 1084 611 1839 658; baseline 0.004 -13"><span class='ocrx_word' id='word_1_424' title='bbox 1084 624 1140 646; x_wconf 91' lang='lat' dir='ltr'>mo</span> <span class='ocrx_word' id='word_1_425' title='bbox 1151 636 1160 651; x_wconf 94' lang='lat'>,</span> <span class='ocrx_word' id='word_1_426' title='bbox 1181 616 1336 658; x_wconf 86' lang='lat' dir='ltr'>majorem</span> <span class='ocrx_word' id='word_1_427' title='bbox 1348 611 1436 647; x_wconf 84' lang='lat' dir='ltr'>fuiffe</span> <span class='ocrx_word' id='word_1_428' title='bbox 1447 613 1678 647; x_wconf 86' lang='lat' dir='ltr'>desolationem</span> <span class='ocrx_word' id='word_1_429' title='bbox 1690 615 1724 646; x_wconf 90' lang='lat'>&amp;</span> <span class='ocrx_word' id='word_1_430' title='bbox 1737 614 1839 648; x_wconf 86' lang='lat' dir='ltr'>vasta-</span> 
     </span>
     <span class='ocr_line' id='line_1_76' title="bbox 1083 661 1837 710; baseline 0.007 -17"><span class='ocrx_word' id='word_1_431' title='bbox 1083 663 1206 696; x_wconf 84' lang='lat' dir='ltr'>tionem</span> <span class='ocrx_word' id='word_1_432' title='bbox 1228 661 1324 710; x_wconf 71' lang='lat' dir='ltr'>quam</span> <span class='ocrx_word' id='word_1_433' title='bbox 1343 675 1487 710; x_wconf 88' lang='lat' dir='ltr'>unquam</span> <span class='ocrx_word' id='word_1_434' title='bbox 1508 664 1614 709; x_wconf 87' lang='lat' dir='ltr'>prius,</span> <span class='ocrx_word' id='word_1_435' title='bbox 1637 674 1706 696; x_wconf 90' lang='lat' dir='ltr'>non</span> <span class='ocrx_word' id='word_1_436' title='bbox 1725 673 1837 698; x_wconf 86' lang='lat' dir='ltr'>tamen</span> 
     </span>
     <span class='ocr_line' id='line_1_77' title="bbox 1081 710 1834 759; baseline 0.003 -15"><span class='ocrx_word' id='word_1_437' title='bbox 1081 721 1168 745; x_wconf 86' lang='lat' dir='ltr'>tanta</span> <span class='ocrx_word' id='word_1_438' title='bbox 1178 710 1240 746; x_wconf 92' lang='lat' dir='ltr'>fuit</span> <span class='ocrx_word' id='word_1_439' title='bbox 1250 714 1434 759; x_wconf 86' lang='lat' dir='ltr'>captivitas:</span> <span class='ocrx_word' id='word_1_440' title='bbox 1461 714 1663 759; x_wconf 85' lang='lat' dir='ltr'>captivorum</span> <span class='ocrx_word' id='word_1_441' title='bbox 1673 713 1758 746; x_wconf 90' lang='lat' dir='ltr'>enim</span> <span class='ocrx_word' id='word_1_442' title='bbox 1771 712 1834 746; x_wconf 87' lang='lat' dir='ltr'>isto</span> 
     </span>
     <span class='ocr_line' id='line_1_78' title="bbox 1081 761 1834 807; baseline 0.004 -15"><span class='ocrx_word' id='word_1_443' title='bbox 1081 770 1227 807; x_wconf 84' lang='lat' dir='ltr'>tempore</span> <span class='ocrx_word' id='word_1_444' title='bbox 1248 774 1401 796; x_wconf 88' lang='lat' dir='ltr'>numerus</span> <span class='ocrx_word' id='word_1_445' title='bbox 1435 762 1474 796; x_wconf 83' lang='lat' dir='ltr'>ad</span> <span class='ocrx_word' id='word_1_446' title='bbox 1506 774 1608 795; x_wconf 86' lang='lat' dir='ltr'>unum</span> <span class='ocrx_word' id='word_1_447' title='bbox 1642 761 1731 796; x_wconf 87' lang='lat' dir='ltr'>mille</span> <span class='ocrx_word' id='word_1_448' title='bbox 1764 774 1834 796; x_wconf 86' lang='lat' dir='ltr'>non</span> 
     </span>
     <span class='ocr_line' id='line_1_79' title="bbox 1080 808 1836 858; baseline 0.008 -18"><span class='ocrx_word' id='word_1_449' title='bbox 1080 808 1270 843; x_wconf 87' lang='lat' dir='ltr'>ascendebat</span> <span class='ocrx_word' id='word_1_450' title='bbox 1281 834 1292 849; x_wconf 87' lang='lat'>,</span> <span class='ocrx_word' id='word_1_451' title='bbox 1308 823 1366 845; x_wconf 91' lang='lat' dir='ltr'>nec</span> <span class='ocrx_word' id='word_1_452' title='bbox 1379 810 1527 845; x_wconf 76' lang='lat' dir='ltr'>ultimam</span> <span class='ocrx_word' id='word_1_453' title='bbox 1542 811 1765 857; x_wconf 86' lang='lat' dir='ltr'>captivitatem</span> <span class='ocrx_word' id='word_1_454' title='bbox 1779 824 1836 858; x_wconf 84' lang='lat' dir='ltr'>per</span> 
     </span>
     <span class='ocr_line' id='line_1_80' title="bbox 1080 855 1835 906; baseline 0.008 -17"><span class='ocrx_word' id='word_1_455' title='bbox 1080 855 1349 893; x_wconf 60' lang='lat' dir='ltr'>Nebuzaradanem</span> <span class='ocrx_word' id='word_1_456' title='bbox 1361 882 1370 897; x_wconf 88' lang='lat'>,</span> <span class='ocrx_word' id='word_1_457' title='bbox 1384 872 1479 906; x_wconf 87' lang='lat' dir='ltr'>quam</span> <span class='ocrx_word' id='word_1_458' title='bbox 1494 872 1593 894; x_wconf 75' lang='lat' dir='ltr'>nenio</span> <span class='ocrx_word' id='word_1_459' title='bbox 1605 872 1765 901; x_wconf 89' lang='lat' dir='ltr'>numerat,</span> <span class='ocrx_word' id='word_1_460' title='bbox 1778 873 1835 895; x_wconf 83' lang='lat' dir='ltr'>an-</span> 
     </span>
     <span class='ocr_line' id='line_1_81' title="bbox 1080 906 1832 953; baseline 0.008 -13"><span class='ocrx_word' id='word_1_461' title='bbox 1080 919 1124 940; x_wconf 92' lang='lat' dir='ltr'>no</span> <span class='ocrx_word' id='word_1_462' title='bbox 1143 907 1330 941; x_wconf 87' lang='lat' dir='ltr'>centenario</span> <span class='ocrx_word' id='word_1_463' title='bbox 1350 906 1529 953; x_wconf 84' lang='lat' dir='ltr'>superabat.</span> <span class='ocrx_word' id='word_1_464' title='bbox 1556 909 1616 943; x_wconf 89' lang='lat' dir='ltr'>Sed</span> <span class='ocrx_word' id='word_1_465' title='bbox 1629 909 1691 944; x_wconf 84' lang='lat' dir='ltr'>hoc</span> <span class='ocrx_word' id='word_1_466' title='bbox 1713 909 1832 946; x_wconf 84' lang='lat' dir='ltr'>omiffo</span> 
     </span>
     <span class='ocr_line' id='line_1_82' title="bbox 1078 958 1964 1010; baseline 0.009 -22"><span class='ocrx_word' id='word_1_467' title='bbox 1078 968 1233 1002; x_wconf 84' lang='lat' dir='ltr'>negamus</span> <span class='ocrx_word' id='word_1_468' title='bbox 1251 960 1409 1001; x_wconf 86' lang='lat' dir='ltr'>majorem</span> <span class='ocrx_word' id='word_1_469' title='bbox 1421 981 1430 996; x_wconf 93' lang='lat'>‚</span> <span class='ocrx_word' id='word_1_470' title='bbox 1457 958 1828 1004; x_wconf 73' lang='lat' dir='ltr'>captivitasjudaeorum</span> <span class='ocrx_word' id='word_1_471' title='bbox 1849 971 1964 1010; x_wconf 62' lang='lat' dir='ltr'>captim·-</span> 
     </span>
     <span class='ocr_line' id='line_1_83' title="bbox 1080 1005 1964 1054; baseline 0 -15"><span class='ocrx_word' id='word_1_472' title='bbox 1080 1006 1277 1053; x_wconf 85' lang='lat' dir='ltr'>Babylonica</span> <span class='ocrx_word' id='word_1_473' title='bbox 1295 1007 1398 1041; x_wconf 89' lang='lat' dir='ltr'>varios</span> <span class='ocrx_word' id='word_1_474' title='bbox 1415 1005 1526 1041; x_wconf 84' lang='lat' dir='ltr'>habuit</span> <span class='ocrx_word' id='word_1_475' title='bbox 1547 1006 1663 1053; x_wconf 80' lang='lat' dir='ltr'>gradus</span> <span class='ocrx_word' id='word_1_476' title='bbox 1676 1032 1686 1048; x_wconf 96' lang='lat'>,</span> <span class='ocrx_word' id='word_1_477' title='bbox 1706 1011 1827 1054; x_wconf 86' lang='lat' dir='ltr'>primus</span> <span class='ocrx_word' id='word_1_478' title='bbox 1846 1015 1964 1040; x_wconf 79' lang='lat' dir='ltr'>tatisBa-</span> 
     </span>
     <span class='ocr_line' id='line_1_84' title="bbox 1076 1051 1959 1103; baseline 0.002 -15"><span class='ocrx_word' id='word_1_479' title='bbox 1076 1051 1140 1089; x_wconf 83' lang='lat' dir='ltr'>fuit</span> <span class='ocrx_word' id='word_1_480' title='bbox 1152 1054 1411 1103; x_wconf 65' lang='lat' dir='ltr'>IoakimiquartQ</span> <span class='ocrx_word' id='word_1_481' title='bbox 1424 1054 1580 1089; x_wconf 86' lang='lat' dir='ltr'>secundus</span> <span class='ocrx_word' id='word_1_482' title='bbox 1594 1054 1714 1096; x_wconf 64' lang='lat' dir='ltr'>Ioakmn&#39;</span> <span class='ocrx_word' id='word_1_483' title='bbox 1725 1058 1826 1093; x_wconf 91' lang='lat' dir='ltr'>unde·</span> <span class='ocrx_word' id='word_1_484' title='bbox 1845 1053 1959 1090; x_wconf 68' lang='lat' dir='ltr'>bylonicae</span> 
     </span>
     <span class='ocr_line' id='line_1_85' title="bbox 1076 1094 1932 1151; baseline 0.005 -13"><span class='ocrx_word' id='word_1_485' title='bbox 1076 1106 1163 1138; x_wconf 87' lang='lat' dir='ltr'>cimo</span> <span class='ocrx_word' id='word_1_486' title='bbox 1176 1105 1228 1138; x_wconf 89' lang='lat' dir='ltr'>seu</span> <span class='ocrx_word' id='word_1_487' title='bbox 1241 1107 1355 1138; x_wconf 78' lang='lat' dir='ltr'>letoniae</span> <span class='ocrx_word' id='word_1_488' title='bbox 1364 1106 1484 1151; x_wconf 85' lang='lat' dir='ltr'>primo,</span> <span class='ocrx_word' id='word_1_489' title='bbox 1496 1107 1609 1139; x_wconf 86' lang='lat' dir='ltr'>tertius</span> <span class='ocrx_word' id='word_1_490' title='bbox 1622 1104 1756 1147; x_wconf 66' lang='lat' dir='ltr'>Zedekiae</span> <span class='ocrx_word' id='word_1_491' title='bbox 1766 1120 1826 1142; x_wconf 93' lang='lat' dir='ltr'>un-</span> <span class='ocrx_word' id='word_1_492' title='bbox 1840 1094 1932 1132; x_wconf 78' lang='lat' dir='ltr'>gradus</span> 
     </span>
     <span class='ocr_line' id='line_1_86' title="bbox 1074 1142 1954 1202; baseline 0.007 -16"><span class='ocrx_word' id='word_1_493' title='bbox 1074 1153 1203 1188; x_wconf 84' lang='lat' dir='ltr'>decimo</span> <span class='ocrx_word' id='word_1_494' title='bbox 1216 1169 1226 1197; x_wconf 80' lang='lat'>3</span> <span class='ocrx_word' id='word_1_495' title='bbox 1237 1165 1367 1201; x_wconf 86' lang='lat' dir='ltr'>quartus</span> <span class='ocrx_word' id='word_1_496' title='bbox 1378 1156 1608 1202; x_wconf 85' lang='lat' dir='ltr'>quinquennio</span> <span class='ocrx_word' id='word_1_497' title='bbox 1621 1155 1691 1202; x_wconf 86' lang='lat' dir='ltr'>post</span> <span class='ocrx_word' id='word_1_498' title='bbox 1703 1157 1827 1192; x_wconf 85' lang='lat' dir='ltr'>destru-</span> <span class='ocrx_word' id='word_1_499' title='bbox 1845 1142 1954 1174; x_wconf 48' lang='lat' dir='ltr'><em>quatum</em></span> 
     </span>
     <span class='ocr_line' id='line_1_87' title="bbox 1073 1203 1827 1253; baseline 0.005 -16"><span class='ocrx_word' id='word_1_500' title='bbox 1073 1204 1161 1237; x_wconf 68' lang='lat' dir='ltr'>stum</span> <span class='ocrx_word' id='word_1_501' title='bbox 1182 1205 1361 1251; x_wconf 88' lang='lat' dir='ltr'>templum,</span> <span class='ocrx_word' id='word_1_502' title='bbox 1397 1217 1470 1237; x_wconf 91' lang='lat' dir='ltr'>cum</span> <span class='ocrx_word' id='word_1_503' title='bbox 1492 1203 1582 1249; x_wconf 82' lang='lat' dir='ltr'>supra</span> <span class='ocrx_word' id='word_1_504' title='bbox 1601 1204 1827 1253; x_wconf 83' lang='lat' dir='ltr'>septingentos</span> 
     </span>
     <span class='ocr_line' id='line_1_88' title="bbox 1071 1251 1826 1301; baseline -0.001 -16"><span class='ocrx_word' id='word_1_505' title='bbox 1071 1253 1277 1299; x_wconf 83' lang='lat' dir='ltr'>reliquiarum</span> <span class='ocrx_word' id='word_1_506' title='bbox 1290 1251 1548 1290; x_wconf 52' lang='lat' dir='ltr'>&amp;Nebuzaradane</span> <span class='ocrx_word' id='word_1_507' title='bbox 1558 1253 1758 1301; x_wconf 87' lang='lat' dir='ltr'>Babylonem</span> <span class='ocrx_word' id='word_1_508' title='bbox 1771 1256 1826 1290; x_wconf 84' lang='lat' dir='ltr'>de.</span> 
     </span>
     <span class='ocr_line' id='line_1_89' title="bbox 1071 1301 1824 1350; baseline 0.005 -15"><span class='ocrx_word' id='word_1_509' title='bbox 1071 1301 1251 1338; x_wconf 65' lang='lat' dir='ltr'>ductisunt.</span> <span class='ocrx_word' id='word_1_510' title='bbox 1281 1302 1356 1336; x_wconf 82' lang='lat' dir='ltr'>Esto</span> <span class='ocrx_word' id='word_1_511' title='bbox 1374 1303 1487 1350; x_wconf 81' lang='lat' dir='ltr'>gradus</span> <span class='ocrx_word' id='word_1_512' title='bbox 1505 1305 1618 1337; x_wconf 88' lang='lat' dir='ltr'>tertius</span> <span class='ocrx_word' id='word_1_513' title='bbox 1640 1303 1685 1337; x_wconf 86' lang='lat' dir='ltr'>ob</span> <span class='ocrx_word' id='word_1_514' title='bbox 1704 1306 1824 1339; x_wconf 82' lang='lat' dir='ltr'>multas</span> 
     </span>
     <span class='ocr_line' id='line_1_90' title="bbox 1070 1351 1824 1400; baseline 0.005 -16"><span class='ocrx_word' id='word_1_515' title='bbox 1070 1352 1322 1386; x_wconf 85' lang='lat' dir='ltr'>circumstantias</span> <span class='ocrx_word' id='word_1_516' title='bbox 1333 1351 1431 1386; x_wconf 87' lang='lat' dir='ltr'>fuerit</span> <span class='ocrx_word' id='word_1_517' title='bbox 1444 1351 1659 1387; x_wconf 78' lang='lat' dir='ltr'>nobilissimus</span> <span class='ocrx_word' id='word_1_518' title='bbox 1672 1377 1681 1390; x_wconf 93' lang='lat'>‚</span> <span class='ocrx_word' id='word_1_519' title='bbox 1699 1356 1824 1400; x_wconf 86' lang='lat' dir='ltr'>princi-</span> 
     </span>
     <span class='ocr_line' id='line_1_91' title="bbox 1070 1400 1821 1450; baseline 0.007 -17"><span class='ocrx_word' id='word_1_520' title='bbox 1070 1402 1159 1447; x_wconf 87' lang='lat' dir='ltr'>pium</span> <span class='ocrx_word' id='word_1_521' title='bbox 1172 1412 1280 1436; x_wconf 84' lang='lat' dir='ltr'>tamen</span> <span class='ocrx_word' id='word_1_522' title='bbox 1292 1403 1485 1448; x_wconf 84' lang='lat' dir='ltr'>captivitatis</span> <span class='ocrx_word' id='word_1_523' title='bbox 1504 1414 1571 1435; x_wconf 88' lang='lat' dir='ltr'>non</span> <span class='ocrx_word' id='word_1_524' title='bbox 1586 1400 1708 1450; x_wconf 73' lang='lat' dir='ltr'>agradu</span> <span class='ocrx_word' id='word_1_525' title='bbox 1720 1406 1821 1438; x_wconf 89' lang='lat' dir='ltr'>tertio</span> 
     </span>
     <span class='ocr_line' id='line_1_92' title="bbox 1070 1449 1751 1497; baseline 0.004 -14"><span class='ocrx_word' id='word_1_526' title='bbox 1070 1461 1143 1484; x_wconf 88' lang='lat' dir='ltr'>utut</span> <span class='ocrx_word' id='word_1_527' title='bbox 1154 1451 1257 1485; x_wconf 88' lang='lat' dir='ltr'>nobili</span> <span class='ocrx_word' id='word_1_528' title='bbox 1269 1475 1277 1490; x_wconf 88' lang='lat'><em>,</em></span> <span class='ocrx_word' id='word_1_529' title='bbox 1290 1451 1339 1484; x_wconf 87' lang='lat' dir='ltr'>sed</span> <span class='ocrx_word' id='word_1_530' title='bbox 1349 1450 1363 1483; x_wconf 74' lang='lat' dir='ltr'>a</span> <span class='ocrx_word' id='word_1_531' title='bbox 1373 1453 1480 1497; x_wconf 88' lang='lat' dir='ltr'>primo</span> <span class='ocrx_word' id='word_1_532' title='bbox 1493 1449 1682 1485; x_wconf 88' lang='lat' dir='ltr'>sumendum</span> <span class='ocrx_word' id='word_1_533' title='bbox 1696 1452 1751 1486; x_wconf 91' lang='lat' dir='ltr'>est.</span> 
     </span>
    </p>

    <p class='ocr_par' dir='ltr' id='par_1_11' title="bbox 1061 1499 1912 1844">
     <span class='ocr_line' id='line_1_93' title="bbox 1119 1499 1912 1548; baseline 0.003 -15"><span class='ocrx_word' id='word_1_534' title='bbox 1119 1499 1282 1545; x_wconf 67' lang='lat' dir='ltr'>Objetstio</span> <span class='ocrx_word' id='word_1_535' title='bbox 1294 1499 1440 1534; x_wconf 85' lang='lat' dir='ltr'>secunda.</span> <span class='ocrx_word' id='word_1_536' title='bbox 1468 1500 1707 1547; x_wconf 76' lang='lat' dir='ltr'>Septuagesima</span> <span class='ocrx_word' id='word_1_537' title='bbox 1718 1503 1822 1548; x_wconf 86' lang='lat' dir='ltr'>capti-</span> <span class='ocrx_word' id='word_1_538' title='bbox 1885 1508 1912 1528; x_wconf 83' lang='grc'>2-</span> 
     </span>
     <span class='ocr_line' id='line_1_94' title="bbox 1067 1549 1824 1596; baseline 0 -12"><span class='ocrx_word' id='word_1_539' title='bbox 1067 1550 1176 1584; x_wconf 77' lang='lat' dir='ltr'>vitatis</span> <span class='ocrx_word' id='word_1_540' title='bbox 1188 1549 1250 1583; x_wconf 82' lang='lat' dir='ltr'>fuit</span> <span class='ocrx_word' id='word_1_541' title='bbox 1263 1560 1390 1596; x_wconf 87' lang='lat' dir='ltr'>tempus</span> <span class='ocrx_word' id='word_1_542' title='bbox 1400 1551 1432 1583; x_wconf 90' lang='lat' dir='ltr'>in</span> <span class='ocrx_word' id='word_1_543' title='bbox 1443 1562 1510 1596; x_wconf 91' lang='lat' dir='ltr'>quo</span> <span class='ocrx_word' id='word_1_544' title='bbox 1521 1561 1590 1583; x_wconf 86' lang='lat' dir='ltr'>tota</span> <span class='ocrx_word' id='word_1_545' title='bbox 1600 1560 1680 1583; x_wconf 89' lang='lat' dir='ltr'>terra</span> <span class='ocrx_word' id='word_1_546' title='bbox 1691 1549 1824 1595; x_wconf 73' lang='lat' dir='ltr'>Judao-</span> 
     </span>
     <span class='ocr_line' id='line_1_95' title="bbox 1068 1596 1823 1635; baseline 0.004 -3"><span class='ocrx_word' id='word_1_547' title='bbox 1068 1612 1137 1632; x_wconf 89' lang='lat' dir='ltr'>rum</span> <span class='ocrx_word' id='word_1_548' title='bbox 1155 1596 1214 1633; x_wconf 87' lang='lat' dir='ltr'>fuit</span> <span class='ocrx_word' id='word_1_549' title='bbox 1225 1598 1413 1635; x_wconf 79' lang='lat' dir='ltr'>desolata‚&amp;</span> <span class='ocrx_word' id='word_1_550' title='bbox 1426 1597 1591 1633; x_wconf 81' lang='lat' dir='ltr'>fruebatur</span> <span class='ocrx_word' id='word_1_551' title='bbox 1602 1597 1663 1632; x_wconf 86' lang='lat' dir='ltr'>suis</span> <span class='ocrx_word' id='word_1_552' title='bbox 1673 1597 1823 1635; x_wconf 75' lang='lat' dir='ltr'>Sabbatis</span> 
     </span>
     <span class='ocr_line' id='line_1_96' title="bbox 1064 1646 1821 1694; baseline 0.003 -13"><span class='ocrx_word' id='word_1_553' title='bbox 1064 1647 1184 1693; x_wconf 74' lang='lat' dir='ltr'>jerem.</span> <span class='ocrx_word' id='word_1_554' title='bbox 1200 1661 1215 1682; x_wconf 90' lang='lat'>2</span> <span class='ocrx_word' id='word_1_555' title='bbox 1226 1658 1254 1693; x_wconf 86' lang='lat'>5.</span> <span class='ocrx_word' id='word_1_556' title='bbox 1269 1662 1297 1681; x_wconf 92' lang='lat' dir='ltr'>v.</span> <span class='ocrx_word' id='word_1_557' title='bbox 1313 1661 1324 1682; x_wconf 89' lang='lat'>1</span> <span class='ocrx_word' id='word_1_558' title='bbox 1335 1661 1361 1682; x_wconf 93' lang='lat'>1.</span> <span class='ocrx_word' id='word_1_559' title='bbox 1374 1650 1478 1694; x_wconf 82' lang='lat' dir='ltr'>Atqui</span> <span class='ocrx_word' id='word_1_560' title='bbox 1491 1646 1632 1688; x_wconf 64' lang='lat' dir='ltr'>Zedekz&#39;ae</span> <span class='ocrx_word' id='word_1_561' title='bbox 1643 1648 1821 1684; x_wconf 88' lang='lat' dir='ltr'>undecimo</span> 
     </span>
     <span class='ocr_line' id='line_1_97' title="bbox 1064 1695 1820 1744; baseline 0 -12"><span class='ocrx_word' id='word_1_562' title='bbox 1064 1703 1095 1732; x_wconf 83' lang='lat'>&amp;</span> <span class='ocrx_word' id='word_1_563' title='bbox 1109 1711 1175 1731; x_wconf 89' lang='lat' dir='ltr'>non</span> <span class='ocrx_word' id='word_1_564' title='bbox 1190 1695 1276 1744; x_wconf 73' lang='lat' dir='ltr'>prius</span> <span class='ocrx_word' id='word_1_565' title='bbox 1289 1708 1371 1731; x_wconf 80' lang='lat' dir='ltr'>terra</span> <span class='ocrx_word' id='word_1_566' title='bbox 1383 1698 1481 1743; x_wconf 85' lang='lat' dir='ltr'>coepit</span> <span class='ocrx_word' id='word_1_567' title='bbox 1492 1697 1624 1731; x_wconf 79' lang='lat' dir='ltr'>desolari</span> <span class='ocrx_word' id='word_1_568' title='bbox 1639 1701 1670 1731; x_wconf 86' lang='lat'>&amp;</span> <span class='ocrx_word' id='word_1_569' title='bbox 1684 1697 1743 1732; x_wconf 87' lang='lat' dir='ltr'>frui</span> <span class='ocrx_word' id='word_1_570' title='bbox 1757 1698 1820 1733; x_wconf 85' lang='lat' dir='ltr'>suis</span> 
     </span>
     <span class='ocr_line' id='line_1_98' title="bbox 1063 1743 1819 1793; baseline 0.004 -12"><span class='ocrx_word' id='word_1_571' title='bbox 1063 1746 1211 1781; x_wconf 82' lang='lat' dir='ltr'>Sabbatis</span> <span class='ocrx_word' id='word_1_572' title='bbox 1225 1770 1233 1785; x_wconf 86' lang='lat'>‚</span> <span class='ocrx_word' id='word_1_573' title='bbox 1252 1745 1341 1793; x_wconf 79' lang='lat' dir='ltr'>Ergo</span> <span class='ocrx_word' id='word_1_574' title='bbox 1361 1743 1495 1786; x_wconf 71' lang='lat' dir='ltr'>Zedekiae</span> <span class='ocrx_word' id='word_1_575' title='bbox 1505 1747 1678 1782; x_wconf 86' lang='lat' dir='ltr'>undecimo</span> <span class='ocrx_word' id='word_1_576' title='bbox 1698 1750 1733 1781; x_wconf 83' lang='lat'>&amp;</span> <span class='ocrx_word' id='word_1_577' title='bbox 1749 1761 1819 1784; x_wconf 86' lang='lat' dir='ltr'>non</span> 
     </span>
     <span class='ocr_line' id='line_1_99' title="bbox 1061 1795 1745 1844; baseline 0 -14"><span class='ocrx_word' id='word_1_578' title='bbox 1061 1795 1150 1844; x_wconf 76' lang='lat' dir='ltr'>prius</span> <span class='ocrx_word' id='word_1_579' title='bbox 1162 1798 1283 1841; x_wconf 86' lang='lat' dir='ltr'>incepit</span> <span class='ocrx_word' id='word_1_580' title='bbox 1294 1795 1524 1844; x_wconf 83' lang='lat' dir='ltr'>septuagesima</span> <span class='ocrx_word' id='word_1_581' title='bbox 1534 1798 1745 1843; x_wconf 84' lang='lat' dir='ltr'>captivitatis.</span> 
     </span>
    </p>

    <p class='ocr_par' dir='ltr' id='par_1_12' title="bbox 1038 1844 1964 3171">
     <span class='ocr_line' id='line_1_100' title="bbox 1109 1844 1818 1894; baseline 0 -14"><span class='ocrx_word' id='word_1_582' title='bbox 1109 1846 1209 1892; x_wconf 84' lang='lat' dir='ltr'>Resp.</span> <span class='ocrx_word' id='word_1_583' title='bbox 1233 1847 1356 1880; x_wconf 86' lang='lat' dir='ltr'>Minori</span> <span class='ocrx_word' id='word_1_584' title='bbox 1369 1844 1523 1894; x_wconf 65' lang='lat' dir='ltr'>praterita</span> <span class='ocrx_word' id='word_1_585' title='bbox 1537 1845 1614 1887; x_wconf 80' lang='lat' dir='ltr'>(etii</span> <span class='ocrx_word' id='word_1_586' title='bbox 1626 1847 1818 1893; x_wconf 88' lang='lat' dir='ltr'>quinquen-</span> 
     </span>
     <span class='ocr_line' id='line_1_101' title="bbox 1059 1894 1815 1943; baseline 0.001 -15"><span class='ocrx_word' id='word_1_587' title='bbox 1059 1895 1115 1929; x_wconf 91' lang='lat' dir='ltr'>nio</span> <span class='ocrx_word' id='word_1_588' title='bbox 1138 1894 1207 1943; x_wconf 87' lang='lat' dir='ltr'>post</span> <span class='ocrx_word' id='word_1_589' title='bbox 1231 1894 1364 1936; x_wconf 67' lang='lat' dir='ltr'>Zedekiae</span> <span class='ocrx_word' id='word_1_590' title='bbox 1390 1895 1599 1929; x_wconf 86' lang='lat' dir='ltr'>undecimum</span> <span class='ocrx_word' id='word_1_591' title='bbox 1626 1894 1739 1940; x_wconf 81' lang='lat' dir='ltr'>Judaea</span> <span class='ocrx_word' id='word_1_592' title='bbox 1758 1907 1815 1941; x_wconf 88' lang='lat' dir='ltr'>per</span> 
     </span>
     <span class='ocr_line' id='line_1_102' title="bbox 1059 1942 1814 1991; baseline 0 -13"><span class='ocrx_word' id='word_1_593' title='bbox 1059 1946 1182 1979; x_wconf 86' lang='lat' dir='ltr'>multos</span> <span class='ocrx_word' id='word_1_594' title='bbox 1204 1945 1342 1980; x_wconf 86' lang='lat' dir='ltr'>colonos</span> <span class='ocrx_word' id='word_1_595' title='bbox 1377 1944 1589 1991; x_wconf 81' lang='lat' dir='ltr'>impediretur</span> <span class='ocrx_word' id='word_1_596' title='bbox 1614 1942 1631 1978; x_wconf 67' lang='grc' dir='ltr'>ὲ</span> <span class='ocrx_word' id='word_1_597' title='bbox 1658 1943 1814 1978; x_wconf 86' lang='lat' dir='ltr'>fruitione</span> 
     </span>
     <span class='ocr_line' id='line_1_103' title="bbox 1059 1991 1813 2034; baseline -0.003 -6"><span class='ocrx_word' id='word_1_598' title='bbox 1059 1994 1274 2029; x_wconf 79' lang='lat' dir='ltr'>sabbatorum</span> <span class='ocrx_word' id='word_1_599' title='bbox 1302 1999 1333 2029; x_wconf 87' lang='lat'><strong>&amp;</strong></span> <span class='ocrx_word' id='word_1_600' title='bbox 1371 1993 1563 2029; x_wconf 67' lang='lat' dir='ltr'>omnimoda</span> <span class='ocrx_word' id='word_1_601' title='bbox 1590 1991 1813 2034; x_wconf 83' lang='lat' dir='ltr'>desolatione)</span> 
     </span>
     <span class='ocr_line' id='line_1_104' title="bbox 1058 2041 1816 2092; baseline 0 -15"><span class='ocrx_word' id='word_1_602' title='bbox 1058 2047 1215 2088; x_wconf 84' lang='lat' dir='ltr'>majorem</span> <span class='ocrx_word' id='word_1_603' title='bbox 1230 2045 1269 2079; x_wconf 82' lang='lat' dir='ltr'>sic</span> <span class='ocrx_word' id='word_1_604' title='bbox 1283 2044 1508 2092; x_wconf 76' lang='lat' dir='ltr'>distinguimus</span> <span class='ocrx_word' id='word_1_605' title='bbox 1526 2057 1534 2077; x_wconf 72' lang='grc' dir='ltr'>ε</span> <span class='ocrx_word' id='word_1_606' title='bbox 1560 2045 1595 2077; x_wconf 82' lang='lat' dir='ltr'>ln</span> <span class='ocrx_word' id='word_1_607' title='bbox 1608 2041 1816 2090; x_wconf 77' lang='lat' dir='ltr'>Septuagefi-</span> 
     </span>
     <span class='ocr_line' id='line_1_105' title="bbox 1058 2092 1813 2141; baseline -0.003 -15"><span class='ocrx_word' id='word_1_608' title='bbox 1058 2093 1106 2127; x_wconf 64' lang='lat' dir='ltr'>ma</span> <span class='ocrx_word' id='word_1_609' title='bbox 1119 2095 1313 2141; x_wconf 87' lang='lat' dir='ltr'>captivitatis</span> <span class='ocrx_word' id='word_1_610' title='bbox 1333 2093 1505 2128; x_wconf 88' lang='lat' dir='ltr'>secundum</span> <span class='ocrx_word' id='word_1_611' title='bbox 1518 2093 1546 2126; x_wconf 90' lang='lat' dir='ltr'>se</span> <span class='ocrx_word' id='word_1_612' title='bbox 1559 2103 1660 2126; x_wconf 89' lang='lat' dir='ltr'>totam</span> <span class='ocrx_word' id='word_1_613' title='bbox 1673 2092 1813 2124; x_wconf 86' lang='lat' dir='ltr'>desolata</span> 
     </span>
     <span class='ocr_line' id='line_1_106' title="bbox 1055 2138 1811 2178; baseline -0.007 0"><span class='ocrx_word' id='word_1_614' title='bbox 1055 2143 1099 2177; x_wconf 87' lang='lat' dir='ltr'>est</span> <span class='ocrx_word' id='word_1_615' title='bbox 1111 2154 1189 2177; x_wconf 86' lang='lat' dir='ltr'>terra</span> <span class='ocrx_word' id='word_1_616' title='bbox 1199 2148 1229 2178; x_wconf 61' lang='grc' dir='ltr'>ὃ(</span> <span class='ocrx_word' id='word_1_617' title='bbox 1241 2142 1408 2177; x_wconf 84' lang='lat' dir='ltr'>fruebatur</span> <span class='ocrx_word' id='word_1_618' title='bbox 1418 2141 1481 2175; x_wconf 84' lang='lat' dir='ltr'>suis</span> <span class='ocrx_word' id='word_1_619' title='bbox 1493 2140 1643 2174; x_wconf 86' lang='lat' dir='ltr'>Sabbatis</span> <span class='ocrx_word' id='word_1_620' title='bbox 1656 2164 1664 2177; x_wconf 87' lang='lat'>,</span> <span class='ocrx_word' id='word_1_621' title='bbox 1675 2138 1811 2174; x_wconf 82' lang='lat' dir='ltr'>falsum:</span> 
     </span>
     <span class='ocr_line' id='line_1_107' title="bbox 1055 2189 1809 2235; baseline -0.004 -10"><span class='ocrx_word' id='word_1_622' title='bbox 1055 2191 1231 2225; x_wconf 84' lang='lat' dir='ltr'>secundam</span> <span class='ocrx_word' id='word_1_623' title='bbox 1253 2194 1427 2223; x_wconf 84' lang='lat' dir='ltr'>maximam</span> <span class='ocrx_word' id='word_1_624' title='bbox 1449 2189 1493 2222; x_wconf 83' lang='lat' dir='ltr'>sui</span> <span class='ocrx_word' id='word_1_625' title='bbox 1513 2199 1657 2235; x_wconf 88' lang='lat' dir='ltr'>partem,</span> <span class='ocrx_word' id='word_1_626' title='bbox 1684 2200 1809 2222; x_wconf 88' lang='lat' dir='ltr'>verum.</span> 
     </span>
     <span class='ocr_line' id='line_1_108' title="bbox 1056 2236 1948 2284; baseline 0.002 -14"><span class='ocrx_word' id='word_1_627' title='bbox 1056 2241 1140 2283; x_wconf 80' lang='lat' dir='ltr'>Qae</span> <span class='ocrx_word' id='word_1_628' title='bbox 1153 2236 1394 2284; x_wconf 73' lang='lat' dir='ltr'>Synecdochice</span> <span class='ocrx_word' id='word_1_629' title='bbox 1406 2236 1559 2271; x_wconf 88' lang='lat' dir='ltr'>dicuntur</span> <span class='ocrx_word' id='word_1_630' title='bbox 1569 2262 1578 2276; x_wconf 87' lang='lat'><strong>‚</strong></span> <span class='ocrx_word' id='word_1_631' title='bbox 1599 2249 1673 2271; x_wconf 86' lang='lat' dir='ltr'>vcra</span> <span class='ocrx_word' id='word_1_632' title='bbox 1685 2236 1757 2271; x_wconf 88' lang='lat' dir='ltr'>sunt</span> <span class='ocrx_word' id='word_1_633' title='bbox 1768 2238 1807 2272; x_wconf 89' lang='lat' dir='ltr'>de</span> <span class='ocrx_word' id='word_1_634' title='bbox 1829 2237 1948 2283; x_wconf 62' lang='lat' dir='ltr'>sabbari-</span> 
     </span>
     <span class='ocr_line' id='line_1_109' title="bbox 1052 2279 1960 2331; baseline 0 -11"><span class='ocrx_word' id='word_1_635' title='bbox 1052 2287 1197 2331; x_wconf 62' lang='lat' dir='ltr'>subjefio</span> <span class='ocrx_word' id='word_1_636' title='bbox 1210 2297 1304 2328; x_wconf 85' lang='lat' dir='ltr'>toto,</span> <span class='ocrx_word' id='word_1_637' title='bbox 1327 2287 1381 2321; x_wconf 81' lang='lat' dir='ltr'>etsi</span> <span class='ocrx_word' id='word_1_638' title='bbox 1399 2300 1466 2321; x_wconf 91' lang='lat' dir='ltr'>non</span> <span class='ocrx_word' id='word_1_639' title='bbox 1478 2286 1674 2331; x_wconf 59' lang='lat' dir='ltr'>desubjefffi</span> <span class='ocrx_word' id='word_1_640' title='bbox 1693 2285 1806 2320; x_wconf 81' lang='lat' dir='ltr'>secun·</span> <span class='ocrx_word' id='word_1_641' title='bbox 1827 2279 1960 2325; x_wconf 56' lang='lat' dir='ltr'>zamtfr-</span> 
     </span>
     <span class='ocr_line' id='line_1_110' title="bbox 1053 2329 1935 2396; baseline 0 -26"><span class='ocrx_word' id='word_1_642' title='bbox 1053 2337 1128 2370; x_wconf 91' lang='lat' dir='ltr'>dum</span> <span class='ocrx_word' id='word_1_643' title='bbox 1144 2336 1174 2370; x_wconf 91' lang='lat' dir='ltr'>se</span> <span class='ocrx_word' id='word_1_644' title='bbox 1186 2347 1296 2370; x_wconf 89' lang='lat' dir='ltr'>totum</span> <span class='ocrx_word' id='word_1_645' title='bbox 1311 2339 1344 2370; x_wconf 88' lang='lat'>&amp;</span> <span class='ocrx_word' id='word_1_646' title='bbox 1366 2348 1481 2370; x_wconf 88' lang='lat' dir='ltr'>omnes</span> <span class='ocrx_word' id='word_1_647' title='bbox 1497 2335 1540 2370; x_wconf 92' lang='lat' dir='ltr'>sui</span> <span class='ocrx_word' id='word_1_648' title='bbox 1555 2347 1672 2383; x_wconf 87' lang='lat' dir='ltr'>partes.</span> <span class='ocrx_word' id='word_1_649' title='bbox 1702 2336 1806 2378; x_wconf 80' lang='lat' dir='ltr'>Quod</span> <span class='ocrx_word' id='word_1_650' title='bbox 1826 2329 1935 2396; x_wconf 40' lang='lat' dir='ltr'>&#39;‘gazzi&#39;&#39;</span> 
     </span>
     <span class='ocr_line' id='line_1_111' title="bbox 1056 2371 1964 2437; baseline 0.001 -18"><span class='ocrx_word' id='word_1_651' title='bbox 1056 2386 1190 2433; x_wconf 84' lang='lat' dir='ltr'>vulgaris</span> <span class='ocrx_word' id='word_1_652' title='bbox 1209 2385 1313 2420; x_wconf 85' lang='lat' dir='ltr'>haecce</span> <span class='ocrx_word' id='word_1_653' title='bbox 1335 2385 1500 2419; x_wconf 68' lang='lat' dir='ltr'>distinctio</span> <span class='ocrx_word' id='word_1_654' title='bbox 1527 2383 1613 2420; x_wconf 63' lang='lat' dir='ltr'>refie</span> <span class='ocrx_word' id='word_1_655' title='bbox 1629 2386 1806 2431; x_wconf 86' lang='lat' dir='ltr'>applicetur</span> <span class='ocrx_word' id='word_1_656' title='bbox 1825 2371 1964 2437; x_wconf 59' lang='lat' dir='ltr'>Zm&#39;smn,</span> 
     </span>
     <span class='ocr_line' id='line_1_112' title="bbox 1051 2434 1881 2483; baseline -0.001 -14"><span class='ocrx_word' id='word_1_657' title='bbox 1051 2447 1246 2483; x_wconf 85' lang='lat' dir='ltr'>argumento</span> <span class='ocrx_word' id='word_1_658' title='bbox 1267 2448 1329 2482; x_wconf 81' lang='lat' dir='ltr'>pra:</span> <span class='ocrx_word' id='word_1_659' title='bbox 1356 2434 1507 2469; x_wconf 84' lang='lat' dir='ltr'>manibus</span> <span class='ocrx_word' id='word_1_660' title='bbox 1527 2460 1536 2475; x_wconf 83' lang='lat'>‚</span> <span class='ocrx_word' id='word_1_661' title='bbox 1560 2436 1743 2469; x_wconf 85' lang='lat' dir='ltr'>evincimus</span> <span class='ocrx_word' id='word_1_662' title='bbox 1766 2448 1803 2468; x_wconf 85' lang='lat' dir='ltr'>ex</span> <span class='ocrx_word' id='word_1_663' title='bbox 1825 2440 1881 2468; x_wconf 82' lang='lat' dir='ltr'>dum</span> 
     </span>
     <span class='ocr_line' id='line_1_113' title="bbox 1050 2481 1946 2532; baseline 0 -14"><span class='ocrx_word' id='word_1_664' title='bbox 1050 2495 1142 2518; x_wconf 82' lang='lat' dir='ltr'>textu</span> <span class='ocrx_word' id='word_1_665' title='bbox 1154 2484 1278 2519; x_wconf 66' lang='lat' dir='ltr'>Ieremia</span> <span class='ocrx_word' id='word_1_666' title='bbox 1290 2509 1298 2523; x_wconf 94' lang='lat'>,</span> <span class='ocrx_word' id='word_1_667' title='bbox 1325 2485 1381 2518; x_wconf 90' lang='lat' dir='ltr'>ubi</span> <span class='ocrx_word' id='word_1_668' title='bbox 1394 2497 1461 2518; x_wconf 87' lang='lat' dir='ltr'>non</span> <span class='ocrx_word' id='word_1_669' title='bbox 1474 2485 1576 2532; x_wconf 82' lang='lat' dir='ltr'>magis</span> <span class='ocrx_word' id='word_1_670' title='bbox 1590 2483 1698 2529; x_wconf 58' lang='lat' dir='ltr'>Judzta</span> <span class='ocrx_word' id='word_1_671' title='bbox 1709 2481 1801 2516; x_wconf 82' lang='lat' dir='ltr'>deso-</span> <span class='ocrx_word' id='word_1_672' title='bbox 1823 2483 1946 2518; x_wconf 77' lang='lat' dir='ltr'>omnesse-</span> 
     </span>
     <span class='ocr_line' id='line_1_114' title="bbox 1050 2523 1940 2581; baseline -0.002 -13"><span class='ocrx_word' id='word_1_673' title='bbox 1050 2535 1134 2568; x_wconf 85' lang='lat' dir='ltr'>latur</span> <span class='ocrx_word' id='word_1_674' title='bbox 1152 2547 1207 2581; x_wconf 88' lang='lat' dir='ltr'>per</span> <span class='ocrx_word' id='word_1_675' title='bbox 1226 2534 1302 2568; x_wconf 84' lang='lat' dir='ltr'>istos</span> <span class='ocrx_word' id='word_1_676' title='bbox 1322 2533 1516 2581; x_wconf 83' lang='lat' dir='ltr'>septuaginta</span> <span class='ocrx_word' id='word_1_677' title='bbox 1537 2544 1641 2567; x_wconf 86' lang='lat' dir='ltr'>annos</span> <span class='ocrx_word' id='word_1_678' title='bbox 1659 2556 1669 2572; x_wconf 88' lang='lat'>‚</span> <span class='ocrx_word' id='word_1_679' title='bbox 1703 2530 1799 2579; x_wconf 67' lang='lat' dir='ltr'>quam</span> <span class='ocrx_word' id='word_1_680' title='bbox 1816 2523 1940 2569; x_wconf 60' lang='lat' dir='ltr'>ptuagqfi-</span> 
     </span>
     <span class='ocr_line' id='line_1_115' title="bbox 1049 2565 1937 2641; baseline -0.002 -24"><span class='ocrx_word' id='word_1_681' title='bbox 1049 2585 1172 2631; x_wconf 85' lang='lat' dir='ltr'>Tyrus,</span> <span class='ocrx_word' id='word_1_682' title='bbox 1184 2587 1358 2630; x_wconf 77' lang='lat' dir='ltr'>AEgyptus‚</span> <span class='ocrx_word' id='word_1_683' title='bbox 1371 2584 1563 2616; x_wconf 84' lang='lat' dir='ltr'>&amp;nationes</span> <span class='ocrx_word' id='word_1_684' title='bbox 1574 2582 1704 2616; x_wconf 73' lang='lat' dir='ltr'>vicinas:</span> <span class='ocrx_word' id='word_1_685' title='bbox 1733 2594 1798 2615; x_wconf 88' lang='lat' dir='ltr'>ccr-</span> <span class='ocrx_word' id='word_1_686' title='bbox 1815 2565 1937 2641; x_wconf 41' lang='lat'>2252„</span> 
     </span>
     <span class='ocr_line' id='line_1_116' title="bbox 1049 2631 1801 2679; baseline 0 -14"><span class='ocrx_word' id='word_1_687' title='bbox 1049 2643 1120 2666; x_wconf 85' lang='lat' dir='ltr'>tum</span> <span class='ocrx_word' id='word_1_688' title='bbox 1137 2643 1245 2666; x_wconf 84' lang='lat' dir='ltr'>autern</span> <span class='ocrx_word' id='word_1_689' title='bbox 1259 2631 1304 2665; x_wconf 88' lang='lat' dir='ltr'>est</span> <span class='ocrx_word' id='word_1_690' title='bbox 1319 2656 1328 2670; x_wconf 91' lang='lat'>,</span> <span class='ocrx_word' id='word_1_691' title='bbox 1346 2633 1478 2665; x_wconf 86' lang='lat' dir='ltr'>nemine</span> <span class='ocrx_word' id='word_1_692' title='bbox 1490 2642 1629 2679; x_wconf 80' lang='lat' dir='ltr'>negante</span> <span class='ocrx_word' id='word_1_693' title='bbox 1642 2655 1651 2669; x_wconf 85' lang='lat'>‚</span> <span class='ocrx_word' id='word_1_694' title='bbox 1672 2632 1801 2677; x_wconf 79' lang='lat' dir='ltr'>Tyrum</span> 
     </span>
     <span class='ocr_line' id='line_1_117' title="bbox 1049 2679 1801 2729; baseline -0.001 -15"><span class='ocrx_word' id='word_1_695' title='bbox 1049 2684 1081 2714; x_wconf 87' lang='lat'>&amp;</span> <span class='ocrx_word' id='word_1_696' title='bbox 1099 2685 1279 2729; x_wconf 81' lang='lat' dir='ltr'>AEgyptum</span> <span class='ocrx_word' id='word_1_697' title='bbox 1300 2693 1367 2714; x_wconf 88' lang='lat' dir='ltr'>non</span> <span class='ocrx_word' id='word_1_698' title='bbox 1390 2680 1544 2715; x_wconf 85' lang='lat' dir='ltr'>desolatas</span> <span class='ocrx_word' id='word_1_699' title='bbox 1556 2682 1648 2714; x_wconf 82' lang='lat' dir='ltr'>annis</span> <span class='ocrx_word' id='word_1_700' title='bbox 1663 2681 1739 2714; x_wconf 83' lang='lat' dir='ltr'>totis</span> <span class='ocrx_word' id='word_1_701' title='bbox 1749 2679 1801 2713; x_wconf 86' lang='lat' dir='ltr'>se—</span> 
     </span>
     <span class='ocr_line' id='line_1_118' title="bbox 1048 2728 1802 2778; baseline -0.004 -14"><span class='ocrx_word' id='word_1_702' title='bbox 1048 2733 1218 2778; x_wconf 80' lang='lat' dir='ltr'>ptuaginta</span> <span class='ocrx_word' id='word_1_703' title='bbox 1229 2755 1238 2770; x_wconf 87' lang='lat'>‚</span> <span class='ocrx_word' id='word_1_704' title='bbox 1250 2743 1324 2764; x_wconf 87' lang='lat' dir='ltr'>nam</span> <span class='ocrx_word' id='word_1_705' title='bbox 1338 2729 1425 2764; x_wconf 80' lang='lat' dir='ltr'>istius</span> <span class='ocrx_word' id='word_1_706' title='bbox 1437 2730 1642 2764; x_wconf 82' lang='lat' dir='ltr'>desolationis</span> <span class='ocrx_word' id='word_1_707' title='bbox 1653 2728 1725 2762; x_wconf 84' lang='lat' dir='ltr'>finis</span> <span class='ocrx_word' id='word_1_708' title='bbox 1739 2741 1802 2775; x_wconf 86' lang='lat' dir='ltr'>po-</span> 
     </span>
     <span class='ocr_line' id='line_1_119' title="bbox 1046 2776 1799 2827; baseline -0.003 -14"><span class='ocrx_word' id='word_1_709' title='bbox 1046 2780 1134 2813; x_wconf 89' lang='lat' dir='ltr'>nitur</span> <span class='ocrx_word' id='word_1_710' title='bbox 1151 2781 1184 2813; x_wconf 90' lang='lat' dir='ltr'>in</span> <span class='ocrx_word' id='word_1_711' title='bbox 1203 2780 1378 2827; x_wconf 87' lang='lat' dir='ltr'>Babylonis</span> <span class='ocrx_word' id='word_1_712' title='bbox 1390 2779 1496 2815; x_wconf 67' lang='lat' dir='ltr'>ruinz‘i,</span> <span class='ocrx_word' id='word_1_713' title='bbox 1517 2784 1546 2813; x_wconf 63' lang='grc' dir='ltr'>δέ</span> <span class='ocrx_word' id='word_1_714' title='bbox 1559 2776 1799 2824; x_wconf 82' lang='lat' dir='ltr'>principiolm-</span> 
     </span>
     <span class='ocr_line' id='line_1_120' title="bbox 1046 2826 1798 2876; baseline -0.005 -14"><span class='ocrx_word' id='word_1_715' title='bbox 1046 2830 1124 2876; x_wconf 89' lang='lat' dir='ltr'>perii</span> <span class='ocrx_word' id='word_1_716' title='bbox 1137 2826 1311 2863; x_wconf 83' lang='lat' dir='ltr'>Persarum.</span> <span class='ocrx_word' id='word_1_717' title='bbox 1338 2830 1385 2863; x_wconf 87' lang='lat' dir='ltr'>Ex</span> <span class='ocrx_word' id='word_1_718' title='bbox 1402 2827 1542 2869; x_wconf 71' lang='lat' dir='ltr'>Ezekiele</span> <span class='ocrx_word' id='word_1_719' title='bbox 1552 2838 1657 2860; x_wconf 86' lang='lat' dir='ltr'>autem</span> <span class='ocrx_word' id='word_1_720' title='bbox 1671 2830 1704 2859; x_wconf 61' lang='grc' dir='ltr'>ξε</span> <span class='ocrx_word' id='word_1_721' title='bbox 1717 2831 1798 2860; x_wconf 82' lang='lat' dir='ltr'>lere..</span> 
     </span>
     <span class='ocr_line' id='line_1_121' title="bbox 1044 2875 1795 2924; baseline -0.001 -13"><span class='ocrx_word' id='word_1_722' title='bbox 1044 2877 1216 2924; x_wconf 64' lang='lat' dir='ltr'>midparer,</span> <span class='ocrx_word' id='word_1_723' title='bbox 1229 2880 1353 2924; x_wconf 86' lang='lat' dir='ltr'>Tyrum</span> <span class='ocrx_word' id='word_1_724' title='bbox 1364 2890 1430 2911; x_wconf 87' lang='lat' dir='ltr'>non</span> <span class='ocrx_word' id='word_1_725' title='bbox 1444 2888 1567 2923; x_wconf 84' lang='lat' dir='ltr'>captam</span> <span class='ocrx_word' id='word_1_726' title='bbox 1579 2875 1633 2909; x_wconf 84' lang='lat' dir='ltr'>nisi</span> <span class='ocrx_word' id='word_1_727' title='bbox 1647 2875 1717 2922; x_wconf 89' lang='lat' dir='ltr'>post</span> <span class='ocrx_word' id='word_1_728' title='bbox 1730 2887 1795 2910; x_wconf 86' lang='lat' dir='ltr'>tre-</span> 
     </span>
     <span class='ocr_line' id='line_1_122' title="bbox 1043 2925 1792 2972; baseline -0.001 -11"><span class='ocrx_word' id='word_1_729' title='bbox 1043 2928 1149 2961; x_wconf 89' lang='lat' dir='ltr'>decim</span> <span class='ocrx_word' id='word_1_730' title='bbox 1162 2940 1322 2961; x_wconf 87' lang='lat' dir='ltr'>annorum</span> <span class='ocrx_word' id='word_1_731' title='bbox 1335 2925 1535 2960; x_wconf 80' lang='lat' dir='ltr'>obsidionem</span> <span class='ocrx_word' id='word_1_732' title='bbox 1548 2950 1557 2965; x_wconf 88' lang='lat'>,</span> <span class='ocrx_word' id='word_1_733' title='bbox 1568 2937 1707 2972; x_wconf 82' lang='lat' dir='ltr'>eamque</span> <span class='ocrx_word' id='word_1_734' title='bbox 1721 2925 1792 2972; x_wconf 88' lang='lat' dir='ltr'>post</span> 
     </span>
     <span class='ocr_line' id='line_1_123' title="bbox 1042 2974 1791 3022; baseline -0.003 -12"><span class='ocrx_word' id='word_1_735' title='bbox 1042 2975 1198 3010; x_wconf 80' lang='lat' dir='ltr'>devastata</span> <span class='ocrx_word' id='word_1_736' title='bbox 1211 2974 1438 3022; x_wconf 84' lang='lat' dir='ltr'>Hierosolyma</span> <span class='ocrx_word' id='word_1_737' title='bbox 1449 2999 1457 3011; x_wconf 88' lang='lat'><em>,</em></span> <span class='ocrx_word' id='word_1_738' title='bbox 1472 2978 1564 3019; x_wconf 84' lang='lat' dir='ltr'>cujus</span> <span class='ocrx_word' id='word_1_739' title='bbox 1574 2976 1791 3010; x_wconf 81' lang='lat' dir='ltr'>calamitatem</span> 
     </span>
     <span class='ocr_line' id='line_1_124' title="bbox 1040 3024 1790 3071; baseline -0.003 -11"><span class='ocrx_word' id='word_1_740' title='bbox 1040 3024 1200 3060; x_wconf 86' lang='lat' dir='ltr'>irriserunt</span> <span class='ocrx_word' id='word_1_741' title='bbox 1210 3026 1303 3071; x_wconf 87' lang='lat' dir='ltr'>Tyrii</span> <span class='ocrx_word' id='word_1_742' title='bbox 1323 3037 1330 3056; x_wconf 76' lang='grc' dir='ltr'><strong><em>ε</em></strong></span> <span class='ocrx_word' id='word_1_743' title='bbox 1359 3026 1465 3070; x_wconf 80' lang='lat' dir='ltr'>itaque</span> <span class='ocrx_word' id='word_1_744' title='bbox 1475 3037 1576 3058; x_wconf 87' lang='lat' dir='ltr'>annus</span> <span class='ocrx_word' id='word_1_745' title='bbox 1595 3036 1693 3070; x_wconf 67' lang='lat' dir='ltr'>captae</span> <span class='ocrx_word' id='word_1_746' title='bbox 1707 3025 1790 3071; x_wconf 88' lang='lat' dir='ltr'>Tyri</span> 
     </span>
     <span class='ocr_line' id='line_1_125' title="bbox 1039 3071 1791 3109; baseline -0.004 0"><span class='ocrx_word' id='word_1_747' title='bbox 1039 3088 1106 3109; x_wconf 87' lang='lat' dir='ltr'>non</span> <span class='ocrx_word' id='word_1_748' title='bbox 1126 3085 1200 3109; x_wconf 89' lang='lat' dir='ltr'>ante</span> <span class='ocrx_word' id='word_1_749' title='bbox 1218 3071 1498 3109; x_wconf 56' lang='lat' dir='ltr'>Nebuchadneaaris</span> <span class='ocrx_word' id='word_1_750' title='bbox 1525 3073 1722 3107; x_wconf 72' lang='lat' dir='ltr'>tricesimum</span> <span class='ocrx_word' id='word_1_751' title='bbox 1745 3072 1791 3106; x_wconf 91' lang='lat' dir='ltr'>se-</span> 
     </span>
     <span class='ocr_line' id='line_1_126' title="bbox 1038 3121 1785 3171; baseline -0.007 -12"><span class='ocrx_word' id='word_1_752' title='bbox 1038 3124 1200 3160; x_wconf 86' lang='lat' dir='ltr'>cundum,</span> <span class='ocrx_word' id='word_1_753' title='bbox 1218 3127 1250 3157; x_wconf 65' lang='grc' dir='ltr'>ὃ(</span> <span class='ocrx_word' id='word_1_754' title='bbox 1264 3121 1468 3157; x_wconf 85' lang='lat' dir='ltr'>desolationis</span> <span class='ocrx_word' id='word_1_755' title='bbox 1489 3125 1602 3171; x_wconf 87' lang='lat' dir='ltr'>templi</span> <span class='ocrx_word' id='word_1_756' title='bbox 1621 3123 1785 3156; x_wconf 84' lang='lat' dir='ltr'>decimum</span> 
     </span>
    </p>
   </div>
   <div class='ocr_carea' id='block_1_8' title="bbox 92 3167 1783 3221">
    <p class='ocr_par' dir='ltr' id='par_1_13' title="bbox 92 3167 1783 3221">
     <span class='ocr_line' id='line_1_127' title="bbox 92 3167 1783 3221; baseline 0.001 -16"><span class='ocrx_word' id='word_1_757' title='bbox 92 3184 133 3205; x_wconf 69' lang='lat' dir='ltr'>eur</span> <span class='ocrx_word' id='word_1_758' title='bbox 144 3185 210 3217; x_wconf 58' lang='grc' dir='ltr'>(οηῖ,</span> <span class='ocrx_word' id='word_1_759' title='bbox 251 3175 321 3213; x_wconf 67' lang='lat' dir='ltr'>num</span> <span class='ocrx_word' id='word_1_760' title='bbox 334 3167 365 3201; x_wconf 72' lang='grc' dir='ltr'>δ(</span> <span class='ocrx_word' id='word_1_761' title='bbox 377 3168 551 3217; x_wconf 52' lang='lat' dir='ltr'>formellum</span> <span class='ocrx_word' id='word_1_762' title='bbox 566 3171 701 3218; x_wconf 82' lang='lat' dir='ltr'>Jesuitas</span> <span class='ocrx_word' id='word_1_763' title='bbox 712 3199 721 3212; x_wconf 85' lang='lat'>‚</span> <span class='ocrx_word' id='word_1_764' title='bbox 735 3173 785 3209; x_wconf 82' lang='lat' dir='ltr'>sex</span> <span class='ocrx_word' id='word_1_765' title='bbox 795 3176 991 3220; x_wconf 78' lang='lat' dir='ltr'>afleitargu-</span> <span class='ocrx_word' id='word_1_766' title='bbox 1037 3176 1167 3210; x_wconf 87' lang='lat' dir='ltr'>tertium</span> <span class='ocrx_word' id='word_1_767' title='bbox 1179 3174 1290 3221; x_wconf 84' lang='lat' dir='ltr'>potuit</span> <span class='ocrx_word' id='word_1_768' title='bbox 1303 3173 1468 3214; x_wconf 85' lang='lat' dir='ltr'>inchoari,</span> <span class='ocrx_word' id='word_1_769' title='bbox 1489 3185 1548 3208; x_wconf 87' lang='lat' dir='ltr'>nec</span> <span class='ocrx_word' id='word_1_770' title='bbox 1572 3183 1647 3207; x_wconf 89' lang='lat' dir='ltr'>ante</span> <span class='ocrx_word' id='word_1_771' title='bbox 1659 3183 1783 3215; x_wconf 78' lang='lat' dir='ltr'>captam</span> 
     </span>
    </p>
   </div>
   <div class='ocr_carea' id='block_1_9' title="bbox 1653 3220 1780 3265">
    <p class='ocr_par' dir='ltr' id='par_1_14' title="bbox 1653 3220 1780 3265">
     <span class='ocr_line' id='line_1_128' title="bbox 1653 3220 1780 3265; baseline 0.008 -14"><span class='ocrx_word' id='word_1_772' title='bbox 1653 3220 1780 3265; x_wconf 87' lang='lat' dir='ltr'>Tyrum</span> 
     </span>
    </p>
   </div>
   <div class='ocr_carea' id='block_1_10' title="bbox 2005 0 2048 3194">
    <p class='ocr_par' dir='ltr' id='par_1_15' title="bbox 2005 0 2048 3194">
     <span class='ocr_line' id='line_1_129' title="bbox 2005 0 2048 3194; baseline 0 0"><span class='ocrx_word' id='word_1_773' title='bbox 2005 0 2048 3194; x_wconf 95' lang='lat' dir='ltr'> </span> 
     </span>
    </p>
   </div>
  </div>
 </body>
</html>
