2048 3343
145 1136 249 1161 Barom't'
265 1137 287 1161 i-

141 1177 277 1211 gnoruntia

147 1218 170 1241 C
172 1214 283 1242 hronolo-

143 1257 193 1291 gia,

322 87 370 120 40
698 67 993 106 Orenrs

318 141 398 176 rodes
412 139 552 175 occidisse
566 140 678 174 dicitur
690 137 819 174 infantes
828 139 842 174 a
851 139 979 173 biennio
988 140 1018 172 δι
1026 137 1071 170 in-

318 190 378 227 fra,
393 204 427 224 ex
441 204 504 237 quo
519 190 600 223 stella
608 202 672 223 non
686 186 824 223 nascituri
832 187 879 222 sed
888 189 948 221 nati
957 185 1071 221 Christi

319 250 494 287 apparuerat
507 240 624 286 Magis;
645 239 706 273 hoc
721 239 802 273 enim
817 249 938 284 tempus
953 248 1069 271 accura-

319 289 351 323 t¹e
364 289 520 335 inquirens
535 288 549 323 a
560 289 660 336 Magis
669 288 785 321 invenit
793 286 875 321 fuisse
885 286 1013 320 biennio
1022 297 1070 319 an-

319 348 443 385 tequam
456 336 574 382 jussisset
587 336 716 371 infantes
729 338 848 377 occidi;
868 336 937 384 post
950 349 1004 370 eos
1020 348 1071 369 au-

320 398 384 420 tem
404 385 494 421 caesos
513 387 685 434 aliquandiu
703 387 775 420 vixit
788 400 796 421 ι
822 399 898 434 ergo
923 397 1008 419 natus
1028 383 1070 418 est

319 436 462 470 Christus
475 436 621 476 biennio,
636 440 666 470 δέ
679 436 764 481 quod
771 437 904 470 excurrit
911 446 978 468 ante
986 446 1069 466 mor-

319 496 382 519 tem
396 486 529 520 Herodes.
551 487 622 533 Jam
636 486 709 520 vcro
723 486 795 519 vixit
808 484 938 519 Herodes
951 495 1016 516 non
1026 482 1069 514 ul*

317 544 363 568 tra
377 536 533 581 Julianum
549 534 811 582 quadragesimum
829 533 954 566 tertium
970 554 978 569 ‚
1002 543 1071 564 nam

317 585 475 618 multoties
483 583 608 618 testatur
615 583 761 632 Jofi’plms,
772 579 915 627 accepisse
923 580 1071 614 Herodem

318 632 334 666 ὲ
345 634 498 668 Romanis
511 632 606 681 Judaeae
620 635 765 678 Regnum
778 642 859 663 anno
870 630 995 678 Juliano
1008 629 1071 663 sex-

317 692 370 722 to,
390 683 474 717 Coss.
490 682 574 731 Cney'o
588 683 722 715 Domm'o
736 677 878 723 Calvino,
894 684 925 715 &
940 681 1009 725 Caso
1023 682 1070 712 A-

318 733 373 764 fflo
386 733 534 770 Pollione,
555 729 736 776 olympiadis
750 727 918 762 centesimae
932 729 1070 775 offitoge-

316 780 397 814 simae
411 791 522 827 quartae
547 789 658 826 quarto
673 802 682 817 ‚
707 776 905 824 perseverasse
924 787 1024 810 autem
1040 778 1072 810 in

316 829 432 875 Regno
446 829 529 863 annis
543 829 666 876 triginta
679 825 809 875 septem:
821 826 853 860 hi
866 826 1000 862 additiad
1008 826 1071 862 sex-

315 889 381 912 tum
395 875 510 912 faciunt
523 878 721 926 quadraginta
735 888 806 912 tres.
1041 907 1046 913 .

362 928 441 961 Haec
453 927 475 961 s1
488 940 556 962 vera
570 924 635 961 sunt
648 952 657 966 ,
682 937 715 961 ut
733 926 862 962 Herodes
874 938 1014 964 mortuus
1028 925 1071 961 est

313 975 443 1011 biennio
456 988 525 1011 ante
538 990 626 1012 aeram
634 977 800 1024 vulgarem,
810 978 849 1011 ita
857 977 1008 1013 Christus,
1017 977 1070 1025 qui

312 1025 441 1060 biennio
456 1038 524 1061 ante
538 1038 672 1061 mortem
691 1027 817 1061 Herodis
829 1027 926 1061 editus
940 1026 984 1062 est
997 1051 1007 1066 ,
1032 1039 1067 1060 o-

312 1086 416 1122 portet
428 1075 462 1110 sit
474 1087 559 1111 natus
573 1077 777 1124 quadriennio
791 1088 858 1111 ante
872 1076 958 1111 istam
966 1088 1067 1111 aeram.

360 1125 412 1159 Ad
430 1125 492 1160 hoc
506 1138 718 1174 argumentum
736 1127 823 1160 multi
836 1124 930 1160 multa
943 1125 1065 1173 respon-

313 1174 385 1208 dent
396 1199 406 1214 ,
436 1177 533 1210 nullus
553 1188 655 1210 tamen
674 1174 849 1210 absurdiora
861 1176 953 1224 quam
967 1177 1065 1210 Baro-

312 1224 394 1258 nius:
410 1225 479 1259 licet
490 1225 542 1259 hic
554 1226 586 1258 in
599 1225 731 1259 biennali
744 1225 919 1259 diastemate
934 1225 1065 1259 annina-

312 1274 378 1307 talis
390 1275 452 1308 veri
465 1275 503 1308 ab
517 1276 574 1309 aera
586 1275 707 1322 vulgata
725 1276 847 1319 Calvzfio
862 1275 896 1308 sit
908 1277 1062 1314 ἑμρψκφῶυ.

313 1325 431 1357 Verum
443 1323 526 1357 hunc
538 1324 582 1357 ob
604 1323 880 1370 incomparabilem
894 1324 924 1357 in
937 1324 1066 1360 historia

312 1372 509 1408 ecclesiastica
521 1373 732 1407 concinnanda
744 1373 932 1420 diligentiam
946 1375 1065 1422 magnis

312 1421 452 1456 laudibus
467 1423 657 1457 accumulant
671 1435 734 1456 non
754 1422 872 1457 tantum
892 1425 1021 1472 Scaltger
1034 1428 1064 1458 δι

313 1470 515 1514 Caufizbonus,
529 1469 578 1506 sed
591 1473 682 1506 etiam
690 1471 941 1507 aliinostrorum:
956 1486 1065 1508 omnes

311 1529 414 1553 tamen
434 1519 581 1556 testantur
598 1520 694 1567 ipsum
707 1533 771 1555 non
785 1521 902 1556 tanturn
915 1523 1064 1557 creberri-

309 1567 361 1603 me
372 1569 404 1603 in
417 1571 573 1605 veritatem
584 1594 593 1607 ,
606 1569 740 1604 historiae
753 1583 855 1605 veram
867 1572 958 1606 vitam
971 1571 1064 1607 crasse

308 1630 436 1665 peccare
448 1644 458 1659 ,
479 1619 529 1654 sed
541 1620 632 1655 etiam
645 1619 725 1668 pene
737 1619 853 1668 semper
868 1621 899 1654 in
913 1621 1064 1657 Chrono-

307 1668 418 1716 logicis
426 1681 524 1704 errare
531 1670 696 1717 pueriliter.
708 1671 879 1704 Baroniana
887 1669 950 1706 haec
958 1672 1061 1707 Chro-

308 1719 443 1767 nologiae
451 1718 603 1768 singularis
611 1720 773 1768 imperitia,
785 1718 931 1768 nusquam
940 1721 1061 1756 eviden-

308 1766 368 1802 tius
381 1769 590 1817 elucet‚quam
603 1770 633 1804 in
646 1780 829 1819 argumento
843 1782 903 1817 prae
910 1771 1061 1806 manibus.

308 1818 494 1864 Argumenti
507 1820 591 1854 bona
601 1833 669 1868 pars
681 1821 787 1854 nititur
800 1819 913 1868 Jost’pht'
923 1820 1060 1856 testimo-

307 1867 363 1900 nio
377 1868 414 1902 de
427 1869 620 1915 temporibus
632 1870 774 1903 Herodis:
787 1869 840 1903 ista
852 1871 1014 1911 Batonius,
1028 1881 1061 1905 ut

306 1916 477 1962 quaestione
490 1916 637 1964 superiori
650 1920 834 1959 notavimus,
848 1918 977 1955 affirmat
988 1920 1060 1965 Iose-

303 1966 398 2012 plmm
411 1967 534 2014 pessime
547 1980 716 2002 numerare.
741 1969 823 2003 Nam
836 1969 938 2015 primo
946 1995 956 2010 ‚
975 1972 1059 2018 prin-

305 2016 420 2062 cipium
428 2017 532 2064 Regni
543 2017 669 2052 Herodie
681 2030 745 2051 non
757 2018 821 2052 vult
833 2018 920 2053 statui
933 2033 1004 2055 cum
1016 2024 1060 2054 Ia-

299 2064 386 2112 sepho
400 2078 480 2100 anno
490 2067 615 2113 Juliano
628 2065 722 2107 sexto,
736 2065 785 2102 sed
798 2068 921 2102 decimo
935 2071 1057 2117 quinto,

305 2126 400 2160 quem
412 2113 483 2149 facit
496 2128 566 2150 eum
580 2115 676 2162 ipsum
689 2129 755 2164 quo
768 2117 804 2151 ad
812 2119 939 2153 Aetium
953 2120 1058 2155 debel-

305 2162 381 2196 latus
394 2163 437 2197 est
450 2166 628 2198 eAmonius.
659 2166 818 2204 Secundo,
832 2168 980 2201 Herodem
991 2183 1058 2203 non

305 2212 368 2245 vult
381 2224 450 2245 cum
463 2212 574 2261 Ioftpho
589 2213 689 2247 vixisse
702 2214 786 2246 annis
799 2213 994 2261 septuaginta,
1008 2217 1058 2250 sed

304 2260 423 2295 tantum
436 2258 586 2309 sexaginta
594 2261 718 2308 septem,
732 2265 763 2296 &
775 2272 876 2296 tamen
889 2265 953 2307 ejus
966 2265 1057 2298 vitam

302 2310 447 2356 producit
459 2311 495 2344 ad
508 2309 624 2344 Christi
637 2312 780 2345 o&avum
788 2335 798 2351 ,
811 2311 872 2345 hoc
885 2311 939 2351 est,
952 2323 985 2346 ut
998 2313 1057 2347 do-

302 2360 517 2406 cet,Julianum
525 2359 786 2407 quadragesimum
799 2361 1056 2401 nonum‚du0bus

300 2409 420 2443 tantum
433 2410 518 2443 annis
530 2420 598 2443 ante
610 2408 665 2443 filii
678 2410 823 2443 Archelai
833 2411 1055 2459 relegationem

299 2459 331 2492 in
349 2459 473 2493 exilium
487 2484 497 2498 ‚
521 2459 648 2506 Juliano
667 2459 921 2507 quinquagesimo
940 2462 1052 2507 primo.

300 2508 376 2542 Haec
385 2509 477 2543 &alia
489 2507 539 2542 hic
553 2509 646 2542 multa
660 2509 785 2542 Barouii
799 2514 904 2550 dois-oc&
916 2509 1052 2552 absurda,

300 2570 364 2591 non
375 2557 493 2592 tantum
507 2557 620 2598 nostri,
635 2556 683 2592 sed
696 2559 787 2592 etiam
795 2558 909 2606 Jesuita
924 2562 1053 2595 Torniel-

299 2608 343 2639 ltu
356 2607 474 2653 prolixe
486 2607 648 2655 redarguit.
678 2608 712 2641 Id
725 2609 811 2654 quod
823 2611 961 2644 Baronio
975 2623 1051 2656 prae-

299 2657 417 2701 cipuam
430 2657 480 2691 hic
492 2655 655 2703 cespitandi
669 2656 861 2691 occasionem
875 2658 1051 2694 ministrasse

299 2705 415 2739 videtur
428 2731 438 2746 ,
464 2705 521 2741 fuit
542 2707 598 2751 (ut
616 2705 701 2739 reete
719 2718 755 2739 ex
777 2707 916 2740 Ybrm‘ello
934 2709 1050 2743 notavit

299 2755 508 2801 Spcmhcmius)
523 2754 777 2802 typographicum
791 2756 942 2802 inlofi’pho
955 2756 1048 2804 sphal-

298 2815 362 2842 ma,
383 2805 530 2838 Herodem
543 2803 651 2839 scilicet
667 2817 817 2839 annorum
831 2803 916 2841 fuiffe
929 2806 1048 2842 tantum

296 2854 483 2898 quindecim,
497 2853 680 2900 cumapatre
693 2852 852 2900 praefe&us
866 2854 909 2889 est
923 2859 1048 2904 §aldem

297 2899 382 2935 scribi
397 2904 506 2937 debuit
518 2903 625 2950 viginti
640 2904 785 2950 quinque.
805 2904 959 2939 Maculam
972 2906 1049 2939 hanc

298 2948 467 2985 decennalis
479 2952 700 2986 anachronismi
709 2966 778 2987 curn
791 2954 893 2988 multis
900 2954 963 2988 aliis
976 2967 1047 2988 cen-

298 2999 382 3031 turiis
407 3013 461 3046 per
481 3000 680 3048 exscriptores
704 3001 902 3050 sphalmatum
925 3003 1048 3052 parabat

296 3049 424 3093 Scaliger
437 3050 536 3084 eluere
560 3053 608 3095 (ut
620 3062 707 3085 notat
720 3050 922 3098 Causc'zbonus)
943 3054 973 3087 in
987 3066 1046 3087 no-

296 3096 332 3129 va
349 3096 455 3143 Ioftphz'
473 3098 609 3133 editione
622 3124 631 3139 ,
658 3113 749 3147 quam
764 3114 865 3137 morte
878 3114 1045 3150 praeventus

297 3156 362 3178 non
382 3145 471 3180 valuit
489 3146 646 3192 perficere.
679 3151 829 3186 Batonius
843 3153 917 3188 dum
936 3153 1043 3188 multas

1057 63 1503 102 HrsT0R1c1

1111 137 1270 170 verissimas
1285 135 1315 169 in
1327 135 1439 184 Iofi’pho
1451 146 1628 183 temporum
1643 138 1866 186 designationes

1111 186 1256 233 repudiat,
1270 185 1348 219 hanc
1361 183 1462 219 falsam
1472 198 1529 232 pro
1536 186 1603 220 vere‘i
1611 184 1728 222 sumens
1741 190 1771 223 in
1785 191 1865 224 mul-

1110 237 1146 269 tis
1160 235 1277 269 errandi
1290 234 1344 269 fibi
1358 234 1719 281 neceffitatemrimponit,
1734 251 1824 284 quam
1839 240 1865 272 i-

1109 283 1226 332 psarum
1241 284 1472 319 Pontificiarum
1486 285 1616 332 partium
1628 297 1723 319 nemo
1737 299 1863 322 conatur

1109 334 1282 368 defendere.

1166 384 1294 431 Scaliger
1307 386 1338 418 δε
1352 381 1493 428 ζὶιίυιβιω
1511 383 1582 417 licet
1599 382 1662 418 hoc
1682 396 1863 431 argumento

1109 442 1246 470 utantur,
1264 443 1366 465 tamen
1379 445 1449 466 cum
1462 433 1563 466 vident
1577 435 1639 477 ejus
1654 435 1682 467 vi
1695 446 1799 468 verum
1811 446 1865 468 na-

1108 480 1200 513 talem
1212 480 1290 514 trahi
1303 493 1366 514 non
1379 480 1497 515 tanturn
1510 481 1545 515 ad
1554 481 1711 517 biennium
1720 484 1794 517 ultra
1801 484 1864 517 vul-

1109 541 1212 576 garem
1231 542 1319 563 aeram
1335 555 1345 570 ‚
1371 543 1438 578 quae
1458 530 1587 564 istorum
1605 531 1649 565 est
1661 532 1862 578 hypothesis3

1109 579 1158 613 icd
1171 579 1263 612 etiam
1277 579 1313 613 ad
1327 580 1578 627 quadriennium,
1597 579 1650 626 ipfi
1663 593 1811 616 conantur
1827 583 1862 616 il-

1109 627 1159 663 lud
1167 641 1325 663 enervare:
1339 629 1429 664 vellet
1439 630 1567 677 Scaliger
1573 629 1721 678 lofi’phum
1732 633 1865 667 convin-

1110 690 1179 711 cere
1192 679 1304 712 ertoris
1317 679 1348 712 iu
1361 679 1445 712 annis
1453 679 1556 726 Regni
1568 679 1795 728 Herodis,quasi
1808 694 1864 716 eos

1109 728 1272 762 extendere
1285 726 1432 762 debuisset
1444 741 1509 762 non
1516 727 1634 763 tantum
1642 730 1678 763 ad
1685 732 1808 778 triginta
1820 730 1864 767 se-

1109 786 1192 822 ptem
1205 801 1214 815 ,
1235 775 1284 810 sed
1298 777 1335 811 ad
1347 778 1470 824 triginta
1483 790 1596 812 novem
1605 792 1614 819 3
1633 789 1695 813 tam
1710 781 1803 814 multa
1817 791 1863 815 ta·-

1109 837 1180 859 men
1200 826 1408 872 Scaligerianae
1428 826 1500 860 huic
1519 829 1709 863 correctioni
1722 830 1861 865 renitun-

1108 885 1173 915 tur,
1189 886 1222 909 ut
1235 873 1296 923 ipse
1309 875 1451 919 Calvist'm
1466 888 1532 909 eam
1546 877 1702 925 relinquat.

1154 925 1362 973 Spanhemius,
1383 925 1436 972 qui
1449 924 1509 959 hoc
1522 937 1704 973 argumento
1717 940 1782 962 non
1797 928 1862 963 vult

1106 973 1133 1008 se
1148 974 1270 1023 stringi,
1285 976 1321 1009 ad
1335 975 1365 1008 id
1378 975 1441 1009 duo
1455 973 1626 1022 respondet.
1651 977 1774 1016 Primo,
1786 978 1859 1012 dum

1105 1023 1239 1074 Josephm
1256 1024 1346 1060 tradit
1358 1025 1506 1073 Regnum
1518 1025 1670 1060 Herodes&
1684 1025 1782 1072 primd
1790 1028 1860 1061 Ro-

1105 1087 1266 1109 manorum
1275 1075 1443 1110 donatione
1451 1074 1486 1108 ad
1494 1087 1591 1109 annos
1603 1075 1725 1122 triginta
1733 1074 1859 1123 septem,

1104 1129 1135 1159 &
1147 1124 1163 1157 a
1176 1125 1272 1170 prima
1285 1127 1349 1170 ejus
1362 1123 1542 1171 posseffione
1554 1125 1702 1160 crucifixo
1713 1129 1860 1175 eAmtgo-

1103 1187 1139 1206 κο
1152 1174 1187 1208 ad
1201 1174 1323 1222 triginta
1341 1185 1473 1223 quatuor
1493 1175 1636 1215 extendi,
1663 1174 1859 1211 librariorum

1102 1223 1160 1257 esse
1173 1225 1338 1264 mendum,
1359 1226 1411 1272 qui
1426 1233 1463 1271 λζ
1478 1222 1526 1259 seu
1539 1225 1662 1272 triginta
1675 1223 1788 1272 septem
1801 1238 1860 1273 pro

1102 1286 1132 1309 >ie
1150 1270 1446 1321 seutrigintanovem
1460 1274 1641 1320 posuerunt,
1656 1277 1687 1309 &
1700 1283 1734 1312 λδ
1747 1273 1796 1310 seu
1804 1276 1859 1309 tri-

1101 1322 1186 1370 ginta
1199 1334 1331 1370 quatuor
1342 1336 1400 1370 pro
1414 1339 1449 1361 a,-
1463 1321 1511 1357 seu
1523 1324 1648 1371 triginta
1661 1322 1718 1358 sex.

1146 1374 1274 1421 Replica.
1281 1372 1462 1408 Temeraria
1473 1372 1517 1406 est
1529 1372 1594 1407 haec
1602 1372 1776 1420 Spanhemii
1785 1386 1854 1408 cor·
1870 1380 2013 1416 spanhemii

1101 1421 1200 1455 retfflsio
1214 1421 1313 1456 textus
1328 1419 1457 1468 Josephi
1469 1445 1480 1460 ,
1507 1433 1614 1456 contra
1633 1424 1776 1457 omnium
1790 1435 1855 1457 non
1869 1419 2022 1456 nspanfiones

1099 1480 1218 1504 tantum
1233 1472 1310 1517 typis
1324 1469 1503 1504 excusorum
1516 1469 1565 1504 sed
1579 1469 1854 1518 manuscriptorum
1869 1469 2003 1489 mcommo-

1100 1519 1203 1554 fidem.
1222 1519 1366 1554 Secundo
1374 1544 1383 1558 ‚
1397 1517 1482 1553 Cum
1490 1518 1550 1566 ipse
1556 1521 1683 1568 Scalzger
1689 1518 1767 1554 hanc
1774 1519 1855 1556 suam

1100 1571 1348 1604 emendationem
1356 1566 1534 1614 suspicetur,
1547 1582 1603 1604 nec
1610 1566 1733 1604 fortiter
1740 1569 1853 1610 asserat,

1099 1624 1129 1654 δι
1147 1618 1207 1666 ipse
1227 1617 1370 1664 Calvisius
1391 1630 1548 1666 nunquam
1566 1631 1632 1653 eam
1652 1619 1806 1667 amplexus
1819 1620 1855 1655 sit

1101 1670 1116 1714 (
1122 1681 1192 1703 narn
1204 1669 1331 1705 Herodis
1343 1669 1492 1716 Regnum
1505 1666 1651 1716 nusquam
1658 1667 1709 1703 hic
1715 1669 1790 1704 ultra
1797 1670 1853 1704 tri-

1097 1719 1179 1766 ginta
1193 1719 1271 1753 οέὶο
1284 1730 1380 1753 annos
1393 1718 1551 1762 extendit)
1565 1718 1749 1760 nondebuit
1756 1722 1852 1767 Span-

1096 1768 1216 1803 hemius
1229 1781 1296 1803 eam
1309 1767 1466 1816 protulisse
1482 1769 1513 1802 in
1531 1768 1680 1803 medium.
1710 1768 1825 1803 Tertio
1837 1792 1849 1808 ,

1098 1819 1274 1853 emendatio
1285 1818 1350 1853 haec
1362 1831 1428 1852 non
1443 1818 1564 1866 expedit
1577 1818 1695 1852 nodum
1708 1842 1719 1858 ‚
1743 1831 1815 1852 nam
1827 1817 1849 1852 fi

1096 1869 1225 1904 Herodes
1238 1869 1269 1903 in
1282 1881 1363 1903 anno
1371 1865 1734 1915 Juliaiioquadragefimo
1741 1867 1848 1907 tertio,

1097 1917 1182 1954 Coss.
1195 1920 1322 1953 Lentulo
1335 1922 1367 1953 &
1382 1916 1569 1962 Meffalino
1582 1927 1722 1951 mortuus
1730 1916 1765 1951 fit
1778 1917 1848 1951 anni

1095 1969 1246 2017 principio
1260 1968 1351 2017 paulo
1365 1978 1433 2003 ante
1440 1966 1567 2007 Pascha,
1581 1966 1733 2002 mensibus
1741 1965 1787 2001 sex
1794 1979 1849 2000 an-

1095 2031 1125 2054 te
1144 2029 1249 2053 natum
1275 2017 1450 2057 Christum,
1475 2017 1566 2051 initio
1585 2016 1772 2063 Septembris
1785 2040 1795 2055 ,
1815 2025 1849 2048 ut

1094 2068 1156 2104 vult
1167 2070 1310 2118 Scaltger,
1323 2079 1491 2103 autnovem
1507 2067 1523 2111 (
1530 2076 1603 2100 nato
1611 2064 1738 2099 Christo
1744 2063 1849 2097 secun-

1095 2118 1169 2153 dum
1181 2117 1343 2166 plerosque
1357 2116 1501 2152 vicesimo
1514 2116 1624 2162 quinto
1637 2112 1848 2157 Decembris)

1094 2178 1308 2201 commentum
1322 2167 1384 2200 hoc
1397 2165 1557 2210 Scripturae
1570 2162 1769 2210 repugnabit,
1782 2175 1849 2210 quae

1094 2215 1214 2247 Christi
1232 2215 1417 2247 nativitatem
1437 2211 1562 2246 Herodis
1578 2212 1674 2245 morti
1688 2212 1848 2258 praeponit.

1095 2263 1147 2296 Sin
1161 2261 1234 2298 vero
1255 2262 1385 2296 Herodes
1398 2271 1538 2295 mortuus
1551 2259 1595 2294 est
1608 2261 1698 2293 initio
1710 2261 1780 2294 anni
1789 2261 1848 2307 Ju-

1094 2309 1164 2344 liani
1178 2310 1396 2358 quadragesimi
1411 2309 1509 2358 quarti
1522 2309 1619 2343 tribus
1633 2320 1683 2344 aut
1697 2309 1746 2343 sex
1759 2322 1848 2343 men-

1093 2358 1173 2394 fibus
1185 2359 1255 2408 post
1268 2371 1372 2394 natum
1385 2358 1563 2399 Christum,
1582 2358 1648 2393 hoc
1658 2360 1751 2393 etiam
1765 2360 1846 2393 Scri-

1091 2421 1185 2456 pturae
1198 2409 1286 2457 supra
1307 2409 1396 2445 dietae
1416 2420 1564 2456 repugnat
1575 2433 1586 2449 ,
1611 2421 1678 2456 quae
1695 2408 1845 2443 Herodem

1090 2457 1298 2495 infanticidam
1312 2457 1384 2495 facit
1397 2459 1467 2507 post
1479 2469 1584 2493 natum
1598 2456 1758 2495 Christum
1771 2456 1844 2492 soli-

1089 2511 1132 2545 do
1148 2510 1290 2544 biennio.

1133 2558 1223 2599 Istas,
1244 2571 1277 2594 ut
1289 2559 1425 2599 videtur,
1445 2558 1637 2594 difficultates
1651 2555 1844 2605 praesentiens

1087 2609 1286 2656 Spanhemius
1293 2609 1329 2642 ad
1338 2607 1497 2643 secundam
1504 2606 1735 2655 responsionem
1743 2607 1841 2654 priori

1085 2657 1225 2693 diffidens
1234 2656 1376 2706 confugit
1384 2682 1393 2698 ‚
1406 2658 1551 2692 nimirum
1559 2667 1772 2704 argumentum
1779 2656 1840 2690 hoc

1085 2720 1224 2754 premere
1231 2708 1357 2755 quidem
1365 2720 1428 2742 aerae
1435 2708 1565 2754 vulgaris
1572 2704 1757 2744 defensores,
1772 2705 1839 2738 imo

1085 2762 1116 2792 &
1130 2759 1314 2805 Scalzgerum
1321 2761 1351 2792 &
1360 2754 1521 2802 Calwfinm
1534 2757 1586 2804 qui
1594 2767 1696 2791 verum
1707 2753 1838 2789 natalem

1085 2808 1241 2854 vulgatum
1258 2806 1395 2855 superare
1407 2806 1522 2841 docent
1541 2802 1663 2851 praecise
1681 2802 1809 2836 blennio
1827 2828 1836 2843 ,

1084 2869 1277 2903 nequaquam
1298 2856 1374 2891 vero
1388 2854 1515 2902 Jesuitas
1532 2853 1686 2895 Dekierum
1705 2855 1735 2886 &
1748 2854 1839 2897 Susti—

1080 2917 1152 2953 gam
1172 2905 1224 2950 qui
1237 2905 1386 2951 vulgatam
1400 2916 1488 2938 aeram
1508 2902 1711 2949 quadriennio
1730 2902 1837 2936 antici-

1083 2963 1170 3001 pant,
1184 2957 1215 2988 &
1228 2953 1356 2987 minime
1369 2953 1510 2986 omnium
1519 2952 1678 2999 Keplerum
1686 2952 1738 2998 qui
1747 2951 1837 2999 quin-

1082 3003 1236 3051 quennio:
1249 3002 1315 3036 imo
1328 3001 1404 3036 vero
1419 2999 1479 3048 ipse
1492 3000 1609 3035 videtur
1620 3012 1726 3034 manus
1739 3000 1809 3034 dare
1823 3024 1834 3039 ‚

1081 3063 1114 3087 ut
1127 3063 1195 3087 ante
1202 3065 1272 3086 eum
1279 3053 1422 3086 Petavius
1430 3075 1440 3091 ‚
1452 3050 1522 3085 &in
1531 3051 1649 3098 Kepleri
1656 3047 1834 3084 sententiam

1080 3102 1234 3136 ambobus
1246 3100 1374 3148 pedibus
1389 3100 1471 3134 itare.
1499 3099 1620 3134 Vellem
1633 3111 1693 3146 ego
1707 3099 1833 3146 quidem

1079 3152 1209 3187 libenter
1221 3161 1322 3186 tantos
1336 3151 1477 3186 auetores
1490 3147 1589 3196 sequi,
1604 3149 1644 3183 ita
1651 3160 1732 3183 enirn
1746 3146 1832 3202 supe-

1767 3207 1830 3228 tior

1929 1548 1950 1567 1.
