2048 3343
300 102 379 152 124
652 105 968 142 Orizkrs

295 180 382 213 inter
391 176 498 226 socios
517 177 641 213 stabant
652 179 778 227 aliquot
801 177 1046 212 Atheniensium

296 230 465 263 centuriae:
491 227 588 262 sedin
602 229 710 275 praelio
724 230 873 263 vicerunt
883 226 1045 274 splendide

294 278 464 324 Spartani,
489 290 554 325 quo
575 275 709 312 successu
736 276 880 324 ipsorum
899 276 1048 310 refloruit

293 326 391 366 fama,
404 325 625 374 frequentibus
636 326 825 360 infortuniis
835 354 844 366 ‚
860 327 1047 373 &inprimis

292 374 516 422 ignominiosa
532 389 606 410 cum
619 375 872 410 Atheniensibus
884 388 961 422 pace
972 377 1045 423 plu-

293 422 417 459 rimum
430 438 531 471 nuper
541 427 728 460 imminuta.
753 426 899 460 Vi&oria
910 424 976 459 haec
988 427 1046 456 Pe-

292 474 512 521 loponnenses
555 487 672 509 omnes
715 473 837 509 foedere
874 473 1046 516 conjunxit

292 525 407 570 Spartae
423 548 434 564 ,
461 527 494 557 &
507 525 718 572 'Argivorum
745 523 985 558 Democratiam
1012 521 1045 554 in

291 572 502 619 Optimatum
521 575 682 608 convertit
700 574 922 617 Principatum
944 582 952 602 τ
985 582 1045 603 cae-

289 619 396 656 terum
421 621 502 656 nihil
519 624 701 657 violentum
729 619 883 654 durabile.
919 619 1045 652 Contra

292 670 479 716 Optimates
491 671 625 718 insurgit
639 670 775 715 Argivus
787 668 946 715 populus,
965 668 1044 702 alios

291 720 390 754 tradit
407 722 498 760 neci,
518 721 599 754 alios
612 719 704 765 pellit
719 718 754 751 in
766 719 897 752 exilium
916 741 926 756 ,
955 716 1044 751 resti-

291 770 396 803 tuitur
406 769 596 803 Democrtia
608 791 619 808 ‚
644 778 730 804 nova
748 779 823 801 cuin
839 765 1043 800 Atheniensi-

290 816 352 852 bus
364 815 486 851 foedera
498 827 692 864 panguntur.
956 818 961 822 ’

325 865 428 899 Nihil
444 865 565 900 habent
589 865 655 901 liaec
682 876 828 912 tempora
848 861 1043 909 Syracusano

292 912 381 948 bello
395 915 573 960 celebrius,
599 916 632 949 in
645 914 754 949 Sicilia
777 913 947 965 &Egestam
964 925 1042 958 prae-

290 963 341 997 liis
355 964 479 1012 aliquot
492 962 507 998 ὲ
520 963 690 998 Selinuntiis
701 964 777 999 vieti
789 988 798 1004 ‚
817 973 930 1010 petunt
939 962 1044 996 Athe-³

292 1013 341 1046 nis
355 1011 529 1060 suppetias:
554 1014 611 1060 qui
628 1024 785 1047 venerunt
802 1012 841 1046 ad
861 1011 974 1046 urbem
988 1015 1043 1044 ΑΞ-

290 1058 378 1108 gesta
401 1063 518 1110 legati,
542 1060 685 1097 offerunt
705 1063 880 1110 *ingentem
901 1063 1043 1107 pecuniae

292 1111 495 1147 summam.&
506 1125 623 1158 magna
633 1111 809 1146 commoda
819 1110 856 1145 ad
868 1109 1042 1157 subjugan-

290 1161 345 1194 das
364 1173 433 1196 non
446 1162 588 1208 Syracusas
599 1160 701 1195 modo
713 1187 722 1203 ‚
739 1160 792 1195 sed
803 1164 835 1195 ὅ(
847 1170 949 1193 totam
962 1159 1039 1193 Sica·-

287 1208 357 1244 liam
370 1224 380 1244 :
409 1210 493 1244 nihil
511 1209 726 1246 Athenienses
747 1210 925 1244 decernunt
950 1219 1039 1243 ante-

286 1271 385 1306 quam
403 1260 585 1306 legatorum
600 1261 706 1294 oculis
737 1257 911 1293 lustrziffent
932 1257 1038 1292 socio-

284 1320 358 1341 rum
380 1309 461 1342 vires
484 1321 493 1342 τ
523 1307 599 1343 cum
626 1308 791 1355 [Egestam
819 1305 974 1342 venissent
998 1307 1038 1341 ab

285 1357 540 1392 Atheniensibus
552 1356 894 1405 missi‚conspicitintin
904 1353 1038 1403 singulis

288 1405 409 1440 aedibus
425 1408 548 1455 argenti
560 1406 636 1441 facti
653 1409 782 1454 copiam
801 1404 894 1452 supra
918 1403 1037 1439 fidem:

287 1453 340 1489 sed
358 1468 394 1489 ea
414 1457 597 1490 Siculorum
613 1454 697 1497 fraus
717 1466 804 1496 erat,
831 1454 975 1489 avicinis
994 1453 1035 1488 ad

282 1502 441 1538 fallendos
460 1504 678 1539 Athenienses
701 1505 925 1539 mutuantium
944 1502 1035 1539 vasa:

279 1552 451 1587 redeuntes
472 1555 572 1601 legati
592 1556 625 1587 &
647 1553 711 1589 visa
737 1567 796 1600 pro
818 1554 898 1587 'veris
911 1565 1034 1587 renun-

282 1603 402 1636 ciantes
413 1605 594 1637 maximum
609 1603 643 1636 in
657 1604 785 1652 populo
796 1602 883 1637 istius
892 1601 969 1636 belli
980 1601 1033 1636 de-

277 1650 428 1685 siderium
448 1654 617 1686 concitant
635 1665 645 1691 ;
673 1652 763 1700 quod
780 1650 866 1686 facitu
884 1650 1034 1698 perfacile

277 1698 342 1734 fuit
362 1699 533 1735 alcibiade
556 1700 721 1736 continuo
746 1701 877 1749 plebem
902 1699 1033 1734 inflam-

280 1760 392 1783 mante
412 1750 450 1783 ad
470 1764 556 1786 nova
572 1752 728 1799 negotia:
751 1762 831 1784 unus
840 1749 944 1784 Nicias
953 1752 1031 1783 totis

283 1799 398 1831 nititur
412 1799 533 1834 viribus
550 1800 773 1834 demonstrare
786 1824 795 1838 ‚
822 1797 1031 1833 frustraneam

283 1847 345 1880 ess'e
356 1847 444 1892 spem
462 1849 502 1882 de
515 1848 602 1883 tantsi
619 1855 653 1884 δε
664 1861 733 1884 tam
749 1847 933 1895 longinqua
947 1848 1034 1882 subi-

281 1896 389 1942 genda
410 1897 596 1943 provincizi,
622 1897 713 1946 aqu&
727 1897 782 1944 ipsi
794 1897 1033 1945 Carthaginen-

280 1947 328 1978 ies
346 1945 505 1980 immensz‘i
531 1948 607 1982 licet
639 1949 826 1995 ingruentes
853 1948 886 1981 vi
909 1970 918 1983 ‚
951 1945 1033 1981 sum-

280 2005 338 2027 mo
354 1993 476 2041 semper
495 2008 570 2030 cum
589 1996 710 2031 damno
729 1996 864 2030 simul&
876 1995 1033 2032 dedecore

278 2044 385 2088 rejesti
397 2043 506 2078 essent.

324 2092 385 2124 Sed
398 2094 520 2127 ratione
529 2106 596 2128 non
608 2095 713 2141 agitur
725 2092 843 2128 furiosa
853 2093 943 2141 plebs
957 2120 967 2136 ,
977 2095 1033 2130 de-

281 2141 422 2174 cernitur
441 2142 583 2175 eundum
595 2141 779 2188 Syracusas:
804 2143 909 2177 Num
923 2169 932 2184 ,
951 2145 1032 2179 eAl-

275 2187 397 2221 cibiades
408 2214 417 2230 ,
433 2189 596 2223 Lamachm
610 2193 776 2237 eliguntur
793 2193 824 2224 iri
835 2192 952 2233 duces;
982 2196 1032 2227 in-

274 2236 408 2270 struitur
429 2250 540 2284 praeter
557 2240 717 2273 onerarias
743 2244 775 2273 &
803 2239 883 2272 alius
903 2243 1031 2285 generis

275 2298 424 2320 maximo
442 2299 582 2321 numero
607 2300 726 2322 naves,
750 2299 932 2322 triremium
957 2301 1032 2323 cen-

275 2344 347 2367 tum
366 2338 399 2369 ὃς
415 2336 631 2383 quadraginta
653 2335 755 2371 claffis
778 2360 787 2375 ‚
819 2349 860 2371 eo
881 2349 1031 2384 apparatu

278 2395 377 2429 quem
389 2385 478 2419 nulla
490 2384 575 2432 prius
591 2397 734 2433 unquam
746 2386 938 2421 Graecorum
949 2388 1030 2422 civi—

280 2444 327 2468 tas
342 2434 473 2467 viderat.

328 2482 464 2516 Stabant
475 2484 508 2517 in
527 2481 732 2518 Athenarum
747 2484 900 2531 compitis
912 2484 950 2519 ad
961 2485 1028 2520 via-

282 2543 352 2567 rum
366 2531 483 2565 indicia
495 2533 618 2578 aliquot
630 2532 822 2567 simulachra
841 2532 923 2567 sacra
941 2538 1031 2567 Mer-

280 2581 354 2615 curio
366 2605 376 2621 ,
404 2583 521 2615 Herm
537 2581 641 2620 di&a;
669 2583 745 2616 dum
764 2582 837 2616 dare
856 2583 926 2617 vela
943 2594 1030 2629 parat

281 2629 394 2669 classis,
408 2631 503 2664 ιιοξὶε
515 2630 653 2676 quadam
668 2628 776 2664 medifi
789 2634 906 2664 Herma
915 2643 1031 2666 omnes

279 2692 384 2718 aures,
401 2690 502 2718 nares,
516 2678 601 2712 labia
613 2689 819 2713 truncantur:
846 2679 1030 2725 gravissime

278 2739 471 2763 commovet
481 2728 637 2775 populum
647 2728 710 2762 lioc
722 2727 857 2768 facium,
869 2728 1029 2763 existima-

276 2778 356 2811 bant
371 2778 411 2811 ab
425 2790 466 2812 eo
478 2787 694 2824 perpetratum
708 2778 763 2824 qui
775 2776 813 2810 ad
825 2778 1027 2824 tyrannidem

273 2827 443 2873 aspiraret,
470 2838 586 2874 magna
612 2823 846 2874 proponuntur
870 2827 1027 2862 indicibus

275 2877 424 2922 praemia,
451 2876 595 2922 quaedam
614 2878 646 2910 in
670 2874 857 2911 Alcibiadem
875 2878 1026 2911 oriuntur

274 2924 492 2970 suspiciones,
513 2924 670 2960 offerebat
690 2926 744 2960 ille
765 2924 862 2958 semet
876 2926 1022 2969 judicio,

274 2972 464 3007 desiderabat
484 2975 579 3009 unice
598 2976 824 3022 cognitionem
845 2973 943 3008 causae
954 2974 1024 3011 fieri

275 3021 459 3068 priusquam
471 3021 611 3059 solveret
628 3023 746 3063 classis,
771 3036 810 3058 ne
828 3023 867 3057 ab
881 3026 1023 3060 exercitu

275 3067 385 3114 postea
400 3072 611 3108 retraheretur
629 3076 724 3119 injus
738 3096 747 3109 ‚
771 3071 822 3107 sed
833 3085 901 3107 non
916 3074 1022 3109 existi-

275 3126 369 3170 niant
389 3118 553 3154 adversarii
573 3123 788 3158 commodum
808 3123 841 3156 in
862 3122 1022 3169 praesentiz‘i

274 3176 380 3200 Vffllm
391 3166 532 3202 &censue
544 3192 554 3208 2
582 3172 712 3214 jubetur
729 3174 762 3207 in
781 3173 935 3207 militiam
952 3185 1023 3220 per·

133 887 248 926 AEgesta·

132 939 217 956 norum

132 967 225 1006 fraude

130 1011 250 1046 Pellicitm·

132 1058 172 1078 tur
176 1052 225 1079 stt
230 1050 271 1077 be-

131 1091 219 1125 nienfts
225 1092 253 1118 in

133 1131 218 1159 bellum

134 1176 266 1212 Syracusis-

132 1223 199 1243 mim.

123 2492 248 2524 Alcilu'a·

123 2535 161 2562 dis
167 2537 220 2561 exi-

123 2577 183 2602 lium
194 2584 251 2613 per-

124 2618 161 2642 alst
169 2616 260 2646 althe-

125 2666 180 2685 ”11⁴5-

1031 102 1505 143 Hisroitic1

1095 190 1165 225 gere
1177 191 1250 212 cum
1267 177 1375 213 class'e:
1402 179 1479 213 urbe
1488 188 1559 213 tota
1571 177 1705 214 deducit
1723 181 1846 214 exerci-

1095 239 1164 262 tum
1177 227 1215 262 ad
1226 230 1314 263 Piraei
1330 239 1461 275 portum
1478 252 1487 264 ‚
1513 228 1589 261 hinc
1601 228 1682 263 datis
1693 228 1769 263 velis
1784 231 1848 264 cir·

1093 280 1313 311 cumcurritur
1326 279 1586 324 l’eloponnesuS,
1597 279 1797 324 recipiuntur
1805 278 1845 313 ad

1095 328 1271 373 Corcyram
1284 326 1381 366 socii;
1406 328 1540 372 trajefto
1560 327 1654 360 Ionio
1675 329 1846 373 appellitur

1092 374 1130 407 ad
1144 376 1274 409 Graecas
1287 377 1384 410 Italiae
1405 378 1436 411 in
1457 378 1535 411 mari
1555 374 1658 410 infero
1677 377 1844 414 civitates,

1091 423 1236 457 recusant
1249 424 1311 459 istae
1327 438 1442 460 omnes
1453 425 1641 460 societatem
1655 437 1820 459 armorum
1833 453 1844 467 ,

1092 471 1147 518 ipsi
1159 472 1319 519 AEgestani
1331 487 1399 508 non
1411 476 1537 521 poss'unt
1554 475 1636 508 ultra
1649 475 1781 521 triginta
1791 486 1844 508 ta-

1091 521 1179 555 lenta
1197 523 1376 560 corradere.
1402 525 1482 557 Haec
1499 522 1638 570 auspicia
1657 526 1762 557 taliter
1780 527 1845 558 Nc-

1090 570 1162 604 ciam
1175 583 1430 607 commoverunt
1441 597 1450 613 ‚
1474 582 1508 605 ut
1519 569 1683 617 extemplo
1702 570 1844 607 suaderet

1090 620 1275 667 repetendas
1288 621 1432 656 Athenas
1448 634 1455 657 ;
1473 633 1587 655 verum
1600 622 1721 668 incepti
1736 622 1846 656 aussor

1091 667 1281 704 «Alcibiades
1293 671 1325 704 in
1346 672 1460 704 itinere
1478 668 1646 717 persuadet
1662 671 1846 717 proceden-

1089 717 1180 753 dum.
1209 719 1334 754 Interea
1351 719 1436 753 adest
1446 719 1486 753 ab
1498 719 1576 753 urbe
1595 719 1768 754 Salaminia
1787 733 1845 754 na-

1089 769 1150 803 vis,
1160 780 1230 815 quae
1240 769 1304 803 sine
1317 768 1406 803 morfi
1418 769 1530 814 jubeat
1548 767 1735 803 Alcibiadem
1745 781 1844 803 revo-

1090 815 1155 849 lare
1166 817 1302 851 domum
1314 841 1324 853 ‚
1348 818 1386 851 ad
1395 817 1521 852 causam
1534 819 1647 865 capitis
1665 818 1839 853 dicendam

1090 863 1130 898 de
1141 865 1273 899 violatis
1285 868 1402 898 Hermis
1412 879 1422 899 .-
1447 880 1555 913 parere
1564 869 1611 902 vir
1620 867 1717 902 habet
1727 867 1840 902 neces-

1090 911 1118 947 se
1131 936 1141 952 ,
1167 913 1249 947 redit
1269 914 1302 948 in
1322 912 1374 948 sua
1389 915 1533 950 triremi,
1551 914 1646 950 sedin
1657 916 1708 950 vici
1720 918 1838 952 relic‘tis

1088 962 1121 996 in
1141 960 1313 997 Salaminia
1337 964 1452 1011 legatis
1470 987 1479 1001 ‚
1504 963 1654 998 dilabitur
1676 968 1837 1012 Spartam.

1087 1012 1133 1045 Ea
1149 1011 1278 1057 hujusce
1295 1013 1356 1046 viri
1377 1014 1479 1046 virtus
1498 1023 1564 1046 erat
1577 1037 1587 1053 ‚
1610 1024 1646 1047 ut
1663 1014 1839 1061 interipsos

1088 1062 1262 1107 Spartanos
1274 1062 1404 1108 plurimi
1416 1062 1520 1096 statim
1534 1060 1637 1103 fieret,
1648 1061 1745 1104 hujus
1756 1076 1839 1098 con-

1087 1110 1156 1145 silio
1171 1121 1330 1158 rumpunt
1348 1109 1454 1157 aperte
1473 1111 1711 1146 Lacedaemonii
1729 1110 1838 1147 foede-

1085 1172 1117 1193 ra
1133 1173 1141 1193 :
1165 1159 1252 1194 ducit
1267 1162 1299 1194 in
1311 1163 1455 1195 Atticam
1470 1163 1549 1210 Agis
1559 1161 1628 1194 Rex
1639 1162 1759 1207 copias,
1773 1163 1837 1196 Di-

1084 1208 1183 1245 celium
1193 1209 1306 1243 urbem
1324 1223 1391 1244 non
1403 1213 1514 1257 procul
1529 1209 1668 1243 Athenis
1681 1221 1834 1244 commu-

1083 1259 1152 1298 nit,
1177 1262 1209 1293 &
1228 1258 1302 1293 inde
1320 1259 1383 1294 sinc
1395 1261 1471 1294 novi
1484 1260 1661 1306 quotannis
1677 1261 1834 1294 exercitus

1083 1307 1233 1351 impensis
1247 1311 1305 1350 (ut
1316 1307 1407 1342 antea
1427 1309 1558 1342 solitum
1573 1311 1662 1351 erat)
1684 1307 1723 1342 ad
1744 1309 1834 1343 urbis

1080 1368 1189 1403 portas
1200 1357 1349 1405 quotidie
1361 1358 1551 1392 excurritur.

1128 1407 1172 1440 Ea
1183 1405 1449 1452 Syracusanorum
1468 1406 1582 1453 supina
1595 1405 1742 1453 superbia
1753 1404 1814 1440 fuit
1824 1430 1834 1444 ‚

1079 1465 1116 1488 ut
1127 1467 1201 1489 cum
1212 1456 1439 1490 increbescerct
1452 1455 1537 1490 fama
1550 1455 1789 1502 propemodum
1799 1457 1832 1490 in

1080 1503 1256 1551 conspectu
1269 1504 1326 1539 esl'c
1337 1505 1474 1540 hostem,
1486 1518 1524 1538 ex
1536 1505 1661 1540 civibus
1672 1504 1831 1551 quosdam

1077 1553 1289 1594 mulcemur,
1316 1553 1407 1600 quod
1428 1552 1591 1588 assererent
1613 1552 1831 1587 Athenienses

1079 1602 1251 1638 adventare
1272 1618 1280 1636 :
1314 1604 1335 1638 si
1354 1606 1408 1651 qui
1429 1613 1582 1638 venturos
1603 1602 1832 1640 admitterent,

1078 1649 1239 1686 facillimo
1251 1655 1390 1700 negotio
1405 1650 1564 1698 repulsum
1577 1653 1613 1685 iri
1624 1651 1830 1685 arbitraban-

1079 1711 1139 1735 tur.
1176 1702 1235 1736 Sed
1255 1698 1329 1734 crim
1349 1703 1381 1735 in
1402 1705 1573 1748 portujam
1592 1700 1711 1735 sederet
1730 1700 1830 1735 classis

1080 1752 1205 1786 Attica,
1220 1752 1437 1784 certaminum
1456 1749 1581 1798 aliquot
1599 1751 1762 1785 navalium
1780 1752 1829 1786 vi-

1078 1802 1157 1834 c'trix
1167 1825 1176 1840 ‚
1189 1800 1436 1834 concidentibus
1446 1802 1561 1834 animis
1574 1799 1699 1846 prorsus
1714 1799 1830 1846 despe-

1078 1862 1145 1884 rare
1161 1850 1258 1884 Siculi
1271 1863 1278 1882 :
1290 1848 1376 1895 ipsos
1387 1861 1495 1884 tamen
1508 1861 1584 1882 mox
1596 1847 1727 1882 fortuna
1736 1846 1826 1894 supra

1077 1898 1166 1946 spem
1176 1899 1319 1947 benigne
1328 1898 1475 1946 respexit.
1501 1898 1599 1931 Adest
1611 1897 1738 1945 Gilippm
1747 1909 1825 1931 cum

1078 1950 1209 1997 aliquali
1230 1947 1339 1995 Spartfi
1356 1953 1388 1982 δι
1407 1946 1574 1982 Corintho
1594 1946 1702 1982 classe,
1728 1947 1828 1980 tantis

1079 1999 1132 2032 hic
1143 1996 1350 2046 Syracusanos
1362 1998 1478 2032 animis
1493 1998 1608 2044 implet
1618 2020 1628 2036 ‚
1648 2006 1683 2029 ut
1695 1993 1778 2028 terrii
1790 1993 1831 2028 fi·-

1080 2049 1147 2082 niul
1168 2053 1198 2081 δέ
1209 2050 1288 2081 mari
1302 2046 1395 2082 semel
1410 2058 1505 2094 atque
1516 2048 1634 2080 iterum
1651 2043 1831 2078 Athenien-

1079 2096 1124 2131 ses
1140 2099 1319 2143 acceperint
1332 2095 1430 2143 usque
1445 2093 1526 2129 adeo
1540 2093 1642 2132 male,
1672 2104 1708 2125 ut
1719 2092 1831 2126 neces·-

1078 2146 1196 2181 sarium
1212 2145 1327 2191 puifirit
1341 2140 1601 2180 Nzciafs,Lamacho
1615 2139 1739 2188 collegii
1749 2141 1831 2175 duce

1074 2199 1142 2239 jam
1156 2197 1252 2231 caeio,
1273 2191 1413 2226 cessarea
1429 2192 1542 2238 praeliis
1555 2216 1564 2230 ‚
1581 2190 1684 2223 donec
1698 2188 1739 2222 ab
1750 2190 1829 2224 urbe

1078 2242 1230 2275 venissent
1239 2254 1330 2275 novce
1342 2242 1462 2287 copiae:
1485 2240 1614 2273 advenit
1626 2234 1831 2287 Demosthenes

1077 2303 1151 2325 cum
1172 2291 1316 2324 maximo
1337 2300 1553 2323 trecentarum
1570 2290 1755 2322 triremium
1773 2301 1831 2334 ap-

1077 2352 1198 2386 paratu.
1212 2341 1311 2380 Quos
1321 2338 1451 2385 perdere
1463 2339 1532 2372 vult
1543 2350 1677 2376 numen,
1688 2349 1744 2370 eos
1755 2338 1830 2370 nul-

1077 2390 1107 2423 la
1119 2390 1227 2426 virtus,
1240 2389 1328 2421 nulla
1339 2387 1469 2421 consilia
1479 2386 1597 2421 servare
1609 2385 1725 2422 valent-
1752 2386 1828 2420 Ma·
1848 2394 1973 2424 ,Atheni-

1078 2436 1227 2482 joresliic
1242 2437 1497 2471 Atheniensibus
1518 2437 1619 2483 copiae
1638 2433 1735 2482 quarn
1749 2436 1826 2481 qui·
1847 2435 1975 2469 cnfiumad

1078 2485 1251 2533 busipsurn
1264 2488 1395 2520 Xerxem
1406 2484 1621 2523 debellarunt,
1634 2485 1728 2517 duces
1738 2483 1826 2518 istius
1847 2476 1977 2512 Syracusa
2027 2487 2031 2496 ²

1856 2527 1936 2543 limma

1076 2536 1171 2570 seculi
1190 2533 1393 2569 celeberrimi
1408 2536 1475 2568 duo
1489 2533 1593 2568 Nicias
1609 2536 1640 2566 &
1651 2530 1825 2577 Demosthe-
1846 2555 1923 2584 clades

1077 2599 1145 2626 nes;
1163 2581 1574 2628 nihilominusomniaipfis
1586 2579 1673 2615 retro
1683 2580 1827 2629 sublapsa
1923 2579 1930 2586 ⁵

1077 2632 1197 2667 referri.
1222 2636 1257 2666 In
1278 2633 1450 2666 certamine
1468 2632 1572 2665 navali
1592 2629 1609 2664 5
1622 2631 1826 2677 paucioribus

1077 2683 1192 2716 Siculis
1207 2683 1370 2722 vicuntur‚
1382 2681 1477 2728 pestis
1489 2680 1610 2714 invadit
1626 2678 1722 2714 castra
1733 2704 1743 2719 ,
1755 2679 1827 2713 sua-

1075 2731 1127 2765 det
1141 2728 1352 2765 Demosthenes
1371 2731 1509 2764 reditum
1530 2731 1563 2764 in
1584 2730 1715 2775 patriam
1728 2755 1736 2766 ‚
1761 2728 1826 2762 dis-

1075 2779 1183 2814 suadet
1193 2780 1378 2828 aliquandiu
1390 2780 1495 2814 thcias
1505 2803 1514 2819 ‚
1530 2778 1704 2825 praedicens
1715 2789 1824 2812 morte

1073 2830 1266 2864 mult‘ftatum
1279 2830 1317 2864 iri
1328 2827 1485 2863 abinsanzi
1505 2827 1594 2874 plebe
1604 2827 1657 2871 qui
1670 2823 1820 2862 redissent

1071 2879 1190 2918 duces3
1215 2889 1363 2912 caeterum
1380 2876 1454 2911 cum
1467 2875 1697 2910 invalescerent
1717 2877 1820 2913 mala,

1071 2926 1107 2961 fit
1117 2927 1155 2960 de
1162 2925 1289 2960 discess'u
1301 2925 1723 2961 decretumxonclamantur
1734 2925 1817 2966 vasa,

1071 2974 1331 3011 conscenduntur
1341 2987 1448 3013 naves,
1461 2971 1511 3006 sed
1522 2987 1561 3007 eii
1573 2975 1682 3019 inipso
1695 2976 1816 3008 articu-

1070 3027 1102 3060 lo
1111 3024 1315 3060 deficientem
1327 3025 1448 3062 lunam,
1459 3024 1562 3056 Nicias
1572 3022 1656 3069 supei
1664 3022 1815 3058 stitiosior

1069 3089 1107 3109 ex
1116 3074 1313 3109 hariolorum
1325 3070 1459 3107 consilio
1470 3072 1579 3106 didicit
1587 3073 1623 3105 ad
1635 3084 1697 3106 tres
1707 3072 1812 3106 adhuc

1070 3125 1135 3159 dies
1146 3121 1412 3170 permanendum.
1427 3120 1549 3155 Interea
1558 3120 1688 3155 sublatis
1697 3122 1812 3154 animis

1067 3170 1421 3220 Syracusaniobstruere
1433 3183 1543 3218 parant
1555 3182 1698 3218 portum,
1712 3182 1751 3204 nc
1762 3171 1815 3251 lul-

1777 3229 1813 3252 us

1851 1499 1879 1516 sn
1885 1492 1978 1516 animos

1850 1533 1973 1570 recipiunt.

1855 1408 1981 1437 Attoniti
2003 1435 2006 1438 Α

1853 1450 1988 1485 dyracufiz-
2032 1485 2033 1493 ἵ
