<?xml version="1.0" encoding="UTF-8"?>
<!DOCTYPE html PUBLIC "-//W3C//DTD XHTML 1.0 Transitional//EN"
    "http://www.w3.org/TR/xhtml1/DTD/xhtml1-transitional.dtd">
<html xmlns="http://www.w3.org/1999/xhtml" xml:lang="en" lang="en">
 <head>
  <title>
</title>
<meta http-equiv="Content-Type" content="text/html;charset=utf-8" />
  <meta name='ocr-system' content='tesseract 3.04.00' />
  <meta name='ocr-capabilities' content='ocr_page ocr_carea ocr_par ocr_line ocrx_word'/>
</head>
<body>
  <div class='ocr_page' id='page_1' title='image "./operishistoricie00bail_0184.png"; bbox 0 0 2048 3343; ppageno 0'>
   <div class='ocr_carea' id='block_1_1' title="bbox 143 1640 276 1881">
    <p class='ocr_par' dir='ltr' id='par_1_1' title="bbox 143 1640 276 1881">
     <span class='ocr_line' id='line_1_1' title="bbox 147 1640 276 1680; baseline -0.008 -10"><span class='ocrx_word' id='word_1_1' title='bbox 147 1640 276 1680; x_wconf 53' lang='lat' dir='ltr'>{Affiaerus</span> 
     </span>
     <span class='ocr_line' id='line_1_2' title="bbox 147 1692 261 1711; baseline 0.009 -1"><span class='ocrx_word' id='word_1_2' title='bbox 147 1694 198 1711; x_wconf 78' lang='lat' dir='ltr'>nim</span> <span class='ocrx_word' id='word_1_3' title='bbox 205 1694 246 1711; x_wconf 80' lang='lat' dir='ltr'>era</span> <span class='ocrx_word' id='word_1_4' title='bbox 251 1692 261 1711; x_wconf 77' lang='lat' dir='ltr'>t</span> 
     </span>
     <span class='ocr_line' id='line_1_3' title="bbox 148 1726 254 1761; baseline 0 0"><span class='ocrx_word' id='word_1_5' title='bbox 148 1726 254 1761; x_wconf 57' lang='lat' dir='ltr'>-Astya-</span> 
     </span>
     <span class='ocr_line' id='line_1_4' title="bbox 143 1774 254 1803; baseline 0.009 -11"><span class='ocrx_word' id='word_1_6' title='bbox 143 1774 188 1803; x_wconf 71' lang='lat' dir='ltr'>ges</span> <span class='ocrx_word' id='word_1_7' title='bbox 197 1787 203 1796; x_wconf 89' lang='lat'><em>‚</em></span> <span class='ocrx_word' id='word_1_8' title='bbox 214 1777 254 1793; x_wconf 85' lang='lat' dir='ltr'>nec</span> 
     </span>
     <span class='ocr_line' id='line_1_5' title="bbox 147 1807 245 1834; baseline 0.01 -1"><span class='ocrx_word' id='word_1_9' title='bbox 147 1807 245 1834; x_wconf 75' lang='lat' dir='ltr'>Darius</span> 
     </span>
     <span class='ocr_line' id='line_1_6' title="bbox 145 1847 250 1881; baseline 0.01 -7"><span class='ocrx_word' id='word_1_10' title='bbox 145 1847 250 1881; x_wconf 71' lang='lat' dir='ltr'>Medus,</span> 
     </span>
    </p>
   </div>
   <div class='ocr_carea' id='block_1_2' title="bbox 143 1891 274 1919">
    <p class='ocr_par' dir='ltr' id='par_1_2' title="bbox 143 1891 274 1919">
     <span class='ocr_line' id='line_1_7' title="bbox 143 1891 274 1919; baseline -0.015 -2"><span class='ocrx_word' id='word_1_11' title='bbox 143 1898 188 1916; x_wconf 76' lang='lat' dir='ltr'>nec</span> <span class='ocrx_word' id='word_1_12' title='bbox 201 1891 274 1919; x_wconf 73' lang='lat' dir='ltr'>Cam.</span> 
     </span>
    </p>
   </div>
   <div class='ocr_carea' id='block_1_3' title="bbox 143 1929 215 1969">
    <p class='ocr_par' dir='ltr' id='par_1_3' title="bbox 143 1929 215 1969">
     <span class='ocr_line' id='line_1_8' title="bbox 143 1929 215 1969; baseline 0.042 -13"><span class='ocrx_word' id='word_1_13' title='bbox 143 1929 215 1969; x_wconf 59' lang='lat' dir='ltr'>Igyfts.</span> 
     </span>
    </p>
   </div>
   <div class='ocr_carea' id='block_1_4' title="bbox 140 2673 278 2864">
    <p class='ocr_par' dir='ltr' id='par_1_4' title="bbox 140 2673 278 2864">
     <span class='ocr_line' id='line_1_9' title="bbox 142 2673 273 2702; baseline -0.015 -3"><span class='ocrx_word' id='word_1_14' title='bbox 142 2676 177 2701; x_wconf 87' lang='grc' dir='ltr'><em>Ν</em></span> <span class='ocrx_word' id='word_1_15' title='bbox 175 2683 199 2699; x_wconf 81' lang='lat' dir='ltr'>ec</span> <span class='ocrx_word' id='word_1_16' title='bbox 206 2673 273 2702; x_wconf 66' lang='lat' dir='ltr'>,Ar-</span> 
     </span>
     <span class='ocr_line' id='line_1_10' title="bbox 140 2722 255 2742; baseline -0.026 0"><span class='ocrx_word' id='word_1_17' title='bbox 140 2722 255 2742; x_wconf 74' lang='lat' dir='ltr'>taxerxes</span> 
     </span>
     <span class='ocr_line' id='line_1_11' title="bbox 141 2757 263 2782; baseline -0.016 0"><span class='ocrx_word' id='word_1_18' title='bbox 141 2757 181 2782; x_wconf 83' lang='lat' dir='ltr'><em>M</em></span> <span class='ocrx_word' id='word_1_19' title='bbox 180 2765 263 2781; x_wconf 75' lang='lat' dir='ltr'>nemim</span> 
     </span>
     <span class='ocr_line' id='line_1_12' title="bbox 141 2797 250 2821; baseline -0.009 0"><span class='ocrx_word' id='word_1_20' title='bbox 141 2805 179 2821; x_wconf 66' lang='lat' dir='ltr'>net</span> <span class='ocrx_word' id='word_1_21' title='bbox 193 2797 250 2821; x_wconf 84' lang='lat' dir='ltr'>Da-</span> 
     </span>
     <span class='ocr_line' id='line_1_13' title="bbox 141 2835 278 2864; baseline -0.007 -1"><span class='ocrx_word' id='word_1_22' title='bbox 141 2845 188 2863; x_wconf 75' lang='lat' dir='ltr'>mu</span> <span class='ocrx_word' id='word_1_23' title='bbox 192 2835 278 2864; x_wconf 78' lang='lat' dir='ltr'>Ochus.</span> 
     </span>
    </p>
   </div>
   <div class='ocr_carea' id='block_1_5' title="bbox 323 114 1069 166">
    <p class='ocr_par' dir='ltr' id='par_1_5' title="bbox 323 114 1069 166">
     <span class='ocr_line' id='line_1_14' title="bbox 323 114 1069 166; baseline -0.008 -8"><span class='ocrx_word' id='word_1_24' title='bbox 323 130 398 166; x_wconf 80' lang='lat'>154</span> <span class='ocrx_word' id='word_1_25' title='bbox 653 114 1069 158; x_wconf 69' lang='lat' dir='ltr'>Orrn1sH</span> 
     </span>
    </p>
   </div>
   <div class='ocr_carea' id='block_1_6' title="bbox 316 186 1071 386">
    <p class='ocr_par' dir='ltr' id='par_1_6' title="bbox 316 186 1071 386">
     <span class='ocr_line' id='line_1_15' title="bbox 316 186 1070 241; baseline -0.011 -13"><span class='ocrx_word' id='word_1_26' title='bbox 316 192 445 241; x_wconf 84' lang='lat' dir='ltr'>sponsio</span> <span class='ocrx_word' id='word_1_27' title='bbox 457 189 531 227; x_wconf 82' lang='lat' dir='ltr'>effet</span> <span class='ocrx_word' id='word_1_28' title='bbox 546 188 649 226; x_wconf 80' lang='lat' dir='ltr'>facilis</span> <span class='ocrx_word' id='word_1_29' title='bbox 661 192 784 241; x_wconf 84' lang='lat' dir='ltr'>vulgati</span> <span class='ocrx_word' id='word_1_30' title='bbox 795 186 967 224; x_wconf 87' lang='lat' dir='ltr'>Atticismo</span> <span class='ocrx_word' id='word_1_31' title='bbox 981 210 990 223; x_wconf 84' lang='lat'>‚</span> <span class='ocrx_word' id='word_1_32' title='bbox 1014 186 1070 221; x_wconf 92' lang='lat' dir='ltr'>ad-</span> 
     </span>
     <span class='ocr_line' id='line_1_16' title="bbox 316 238 1068 290; baseline -0.012 -13"><span class='ocrx_word' id='word_1_33' title='bbox 316 244 436 290; x_wconf 72' lang='lat' dir='ltr'>jeffiva</span> <span class='ocrx_word' id='word_1_34' title='bbox 446 241 623 289; x_wconf 82' lang='lat' dir='ltr'>composita</span> <span class='ocrx_word' id='word_1_35' title='bbox 640 244 672 276; x_wconf 91' lang='lat' dir='ltr'>in</span> <span class='ocrx_word' id='word_1_36' title='bbox 682 246 727 280; x_wconf 69' lang='lat' dir='ltr'>Cr?-</span> <span class='ocrx_word' id='word_1_37' title='bbox 739 240 797 275; x_wconf 84' lang='lat' dir='ltr'>effe</span> <span class='ocrx_word' id='word_1_38' title='bbox 807 238 996 273; x_wconf 87' lang='lat' dir='ltr'>communia</span> <span class='ocrx_word' id='word_1_39' title='bbox 1009 260 1018 273; x_wconf 93' lang='lat'>,</span> <span class='ocrx_word' id='word_1_40' title='bbox 1037 240 1068 270; x_wconf 67' lang='grc' dir='ltr'>δι</span> 
     </span>
     <span class='ocr_line' id='line_1_17' title="bbox 318 286 1071 341; baseline -0.008 -14"><span class='ocrx_word' id='word_1_41' title='bbox 318 289 577 341; x_wconf 73' lang='lat' dir='ltr'>frequentiffime</span> <span class='ocrx_word' id='word_1_42' title='bbox 612 291 754 326; x_wconf 83' lang='lat' dir='ltr'>construi</span> <span class='ocrx_word' id='word_1_43' title='bbox 781 301 855 324; x_wconf 90' lang='lat' dir='ltr'>curn</span> <span class='ocrx_word' id='word_1_44' title='bbox 874 286 1071 322; x_wconf 79' lang='lat' dir='ltr'>foemininis.</span> 
     </span>
     <span class='ocr_line' id='line_1_18' title="bbox 320 337 902 386; baseline -0.009 -10"><span class='ocrx_word' id='word_1_45' title='bbox 320 342 383 378; x_wconf 85' lang='lat' dir='ltr'>Sed</span> <span class='ocrx_word' id='word_1_46' title='bbox 395 341 433 377; x_wconf 90' lang='lat' dir='ltr'>de</span> <span class='ocrx_word' id='word_1_47' title='bbox 442 342 560 376; x_wconf 85' lang='lat' dir='ltr'>criticis</span> <span class='ocrx_word' id='word_1_48' title='bbox 572 344 602 375; x_wconf 71' lang='lat'>84</span> <span class='ocrx_word' id='word_1_49' title='bbox 613 341 810 386; x_wconf 63' lang='lat' dir='ltr'>conjecturis</span> <span class='ocrx_word' id='word_1_50' title='bbox 819 337 902 373; x_wconf 88' lang='lat' dir='ltr'>satis.</span> 
     </span>
    </p>
   </div>
   <div class='ocr_carea' id='block_1_7' title="bbox 500 429 890 474">
    <p class='ocr_par' dir='ltr' id='par_1_7' title="bbox 500 429 890 474">
     <span class='ocr_line' id='line_1_19' title="bbox 500 429 890 474; baseline -0.01 -15"><span class='ocrx_word' id='word_1_51' title='bbox 500 431 809 474; x_wconf 60' lang='lat' dir='ltr'>QUAEST10</span> <span class='ocrx_word' id='word_1_52' title='bbox 851 429 890 457; x_wconf 88' lang='lat' dir='ltr'>v.</span> 
     </span>
    </p>
   </div>
   <div class='ocr_carea' id='block_1_8' title="bbox 321 495 1071 650">
    <p class='ocr_par' dir='ltr' id='par_1_8' title="bbox 321 495 1071 650">
     <span class='ocr_line' id='line_1_20' title="bbox 321 495 1071 554; baseline -0.012 -15"><span class='ocrx_word' id='word_1_53' title='bbox 321 504 507 554; x_wconf 70' lang='lat' dir='ltr'>thisficerit</span> <span class='ocrx_word' id='word_1_54' title='bbox 525 503 708 539; x_wconf 84' lang='lat' dir='ltr'>Ahasuerus</span> <span class='ocrx_word' id='word_1_55' title='bbox 718 501 854 538; x_wconf 84' lang='lat' dir='ltr'>Eslherae</span> <span class='ocrx_word' id='word_1_56' title='bbox 874 501 995 534; x_wconf 77' lang='lat' dir='ltr'>maritm</span> <span class='ocrx_word' id='word_1_57' title='bbox 1006 521 1016 535; x_wconf 93' lang='lat'><em>,</em></span> <span class='ocrx_word' id='word_1_58' title='bbox 1032 495 1071 531; x_wconf 71' lang='lat'>(9⁹</span> 
     </span>
     <span class='ocr_line' id='line_1_21' title="bbox 425 549 964 602; baseline -0.013 -13"><span class='ocrx_word' id='word_1_59' title='bbox 425 555 462 589; x_wconf 85' lang='lat' dir='ltr'>ad</span> <span class='ocrx_word' id='word_1_60' title='bbox 471 567 528 601; x_wconf 66' lang='lat' dir='ltr'>qua</span> <span class='ocrx_word' id='word_1_61' title='bbox 548 564 672 602; x_wconf 76' lang='lat' dir='ltr'>tempora</span> <span class='ocrx_word' id='word_1_62' title='bbox 689 550 809 586; x_wconf 59' lang='lat' dir='ltr'>historia</span> <span class='ocrx_word' id='word_1_63' title='bbox 825 549 964 584; x_wconf 80' lang='lat' dir='ltr'>Estherae</span> 
     </span>
     <span class='ocr_line' id='line_1_22' title="bbox 588 602 806 650; baseline -0.032 -12"><span class='ocrx_word' id='word_1_64' title='bbox 588 602 778 650; x_wconf 78' lang='lat' dir='ltr'>referendastt</span> <span class='ocrx_word' id='word_1_65' title='bbox 790 603 806 632; x_wconf 73' lang='grc' dir='ltr'><strong><em>ἓ</em></strong></span> 
     </span>
    </p>
   </div>
   <div class='ocr_carea' id='block_1_9' title="bbox 295 675 1071 3239">
    <p class='ocr_par' dir='ltr' id='par_1_9' title="bbox 389 675 1071 731">
     <span class='ocr_line' id='line_1_23' title="bbox 389 675 1071 731; baseline -0.016 -11"><span class='ocrx_word' id='word_1_66' title='bbox 389 683 466 731; x_wconf 84' lang='lat' dir='ltr'>Esp.</span> <span class='ocrx_word' id='word_1_67' title='bbox 489 686 612 730; x_wconf 86' lang='lat' dir='ltr'>Magna</span> <span class='ocrx_word' id='word_1_68' title='bbox 623 681 667 716; x_wconf 90' lang='lat' dir='ltr'>est</span> <span class='ocrx_word' id='word_1_69' title='bbox 686 691 752 715; x_wconf 83' lang='lat' dir='ltr'>tam</span> <span class='ocrx_word' id='word_1_70' title='bbox 773 680 859 713; x_wconf 90' lang='lat' dir='ltr'>inter</span> <span class='ocrx_word' id='word_1_71' title='bbox 877 675 1071 711; x_wconf 89' lang='lat' dir='ltr'>Chronolo-</span> 
     </span>
    </p>

    <p class='ocr_par' dir='ltr' id='par_1_10' title="bbox 309 723 1069 1025">
     <span class='ocr_line' id='line_1_24' title="bbox 387 723 1069 781; baseline -0.016 -13"><span class='ocrx_word' id='word_1_72' title='bbox 387 747 447 781; x_wconf 84' lang='lat' dir='ltr'>gos</span> <span class='ocrx_word' id='word_1_73' title='bbox 468 731 562 780; x_wconf 74' lang='lat' dir='ltr'>quam</span> <span class='ocrx_word' id='word_1_74' title='bbox 575 732 744 778; x_wconf 86' lang='lat' dir='ltr'>Scripturae</span> <span class='ocrx_word' id='word_1_75' title='bbox 757 731 965 774; x_wconf 81' lang='lat' dir='ltr'>Interprete5‚</span> <span class='ocrx_word' id='word_1_76' title='bbox 993 723 1069 758; x_wconf 75' lang='lat' dir='ltr'>cum</span> 
     </span>
     <span class='ocr_line' id='line_1_25' title="bbox 315 772 1069 819; baseline -0.016 -2"><span class='ocrx_word' id='word_1_77' title='bbox 315 792 437 817; x_wconf 88' lang='lat' dir='ltr'>veteres</span> <span class='ocrx_word' id='word_1_78' title='bbox 459 793 529 815; x_wconf 89' lang='lat' dir='ltr'>tum</span> <span class='ocrx_word' id='word_1_79' title='bbox 548 792 667 819; x_wconf 79' lang='lat' dir='ltr'>n0v05,</span> <span class='ocrx_word' id='word_1_80' title='bbox 679 778 915 815; x_wconf 84' lang='lat' dir='ltr'>Protestantes‚</span> <span class='ocrx_word' id='word_1_81' title='bbox 928 772 1069 808; x_wconf 88' lang='lat' dir='ltr'>Pontifi-</span> 
     </span>
     <span class='ocr_line' id='line_1_26' title="bbox 315 824 1066 872; baseline -0.004 -8"><span class='ocrx_word' id='word_1_82' title='bbox 315 832 385 864; x_wconf 86' lang='lat' dir='ltr'>cios</span> <span class='ocrx_word' id='word_1_83' title='bbox 398 831 454 864; x_wconf 85' lang='lat' dir='ltr'>hac</span> <span class='ocrx_word' id='word_1_84' title='bbox 473 830 511 864; x_wconf 91' lang='lat' dir='ltr'>de</span> <span class='ocrx_word' id='word_1_85' title='bbox 532 842 566 863; x_wconf 86' lang='lat' dir='ltr'>re</span> <span class='ocrx_word' id='word_1_86' title='bbox 586 827 823 866; x_wconf 80' lang='lat' dir='ltr'>controversia3</span> <span class='ocrx_word' id='word_1_87' title='bbox 848 837 948 872; x_wconf 75' lang='lat' dir='ltr'>quam</span> <span class='ocrx_word' id='word_1_88' title='bbox 967 824 1066 857; x_wconf 78' lang='lat' dir='ltr'>etiam</span> 
     </span>
     <span class='ocr_line' id='line_1_27' title="bbox 313 873 1068 925; baseline -0.009 -13"><span class='ocrx_word' id='word_1_89' title='bbox 313 879 385 925; x_wconf 89' lang='lat' dir='ltr'>post</span> <span class='ocrx_word' id='word_1_90' title='bbox 398 881 532 914; x_wconf 84' lang='lat' dir='ltr'>multam</span> <span class='ocrx_word' id='word_1_91' title='bbox 542 881 718 914; x_wconf 60' lang='lat' dir='ltr'>lectionem</span> <span class='ocrx_word' id='word_1_92' title='bbox 731 902 741 917; x_wconf 87' lang='lat'>,</span> <span class='ocrx_word' id='word_1_93' title='bbox 751 889 826 911; x_wconf 92' lang='lat' dir='ltr'>cum</span> <span class='ocrx_word' id='word_1_94' title='bbox 840 873 934 922; x_wconf 61' lang='lat' dir='ltr'>plena</span> <span class='ocrx_word' id='word_1_95' title='bbox 945 873 994 908; x_wconf 88' lang='lat' dir='ltr'>vel</span> <span class='ocrx_word' id='word_1_96' title='bbox 1007 884 1068 907; x_wconf 90' lang='lat' dir='ltr'>no-</span> 
     </span>
     <span class='ocr_line' id='line_1_28' title="bbox 312 923 1065 976; baseline -0.005 -16"><span class='ocrx_word' id='word_1_97' title='bbox 312 927 508 976; x_wconf 77' lang='lat' dir='ltr'>bismetipfis</span> <span class='ocrx_word' id='word_1_98' title='bbox 521 930 572 963; x_wconf 87' lang='lat' dir='ltr'>vel</span> <span class='ocrx_word' id='word_1_99' title='bbox 583 930 653 963; x_wconf 88' lang='lat' dir='ltr'>aliis</span> <span class='ocrx_word' id='word_1_100' title='bbox 663 926 881 963; x_wconf 63' lang='lat' dir='ltr'>satisfactione</span> <span class='ocrx_word' id='word_1_101' title='bbox 891 950 900 966; x_wconf 84' lang='lat'>‚</span> <span class='ocrx_word' id='word_1_102' title='bbox 913 923 1065 958; x_wconf 88' lang='lat' dir='ltr'>determi-</span> 
     </span>
     <span class='ocr_line' id='line_1_29' title="bbox 309 977 687 1025; baseline -0.003 -14"><span class='ocrx_word' id='word_1_103' title='bbox 309 990 386 1013; x_wconf 85' lang='lat' dir='ltr'>nare</span> <span class='ocrx_word' id='word_1_104' title='bbox 402 991 469 1013; x_wconf 91' lang='lat' dir='ltr'>non</span> <span class='ocrx_word' id='word_1_105' title='bbox 482 977 687 1025; x_wconf 85' lang='lat' dir='ltr'><strong>pollicemur.</strong></span> 
     </span>
    </p>

    <p class='ocr_par' dir='ltr' id='par_1_11' title="bbox 304 1021 1067 1617">
     <span class='ocr_line' id='line_1_30' title="bbox 358 1021 1066 1074; baseline -0.01 -13"><span class='ocrx_word' id='word_1_106' title='bbox 358 1026 426 1062; x_wconf 88' lang='lat' dir='ltr'>Alii</span> <span class='ocrx_word' id='word_1_107' title='bbox 438 1029 609 1074; x_wconf 70' lang='lat' dir='ltr'>t-Affuerum</span> <span class='ocrx_word' id='word_1_108' title='bbox 624 1027 710 1062; x_wconf 86' lang='lat' dir='ltr'>hunc</span> <span class='ocrx_word' id='word_1_109' title='bbox 722 1027 841 1061; x_wconf 87' lang='lat' dir='ltr'>volunt</span> <span class='ocrx_word' id='word_1_110' title='bbox 859 1021 917 1058; x_wconf 82' lang='lat' dir='ltr'>effe</span> <span class='ocrx_word' id='word_1_111' title='bbox 937 1021 1066 1064; x_wconf 70' lang='lat' dir='ltr'>eAflya-</span> 
     </span>
     <span class='ocr_line' id='line_1_31' title="bbox 304 1076 1067 1127; baseline -0.009 -16"><span class='ocrx_word' id='word_1_112' title='bbox 304 1090 376 1127; x_wconf 80' lang='lat' dir='ltr'>gem</span> <span class='ocrx_word' id='word_1_113' title='bbox 388 1077 517 1112; x_wconf 78' lang='lat' dir='ltr'>Medum</span> <span class='ocrx_word' id='word_1_114' title='bbox 533 1076 699 1124; x_wconf 46' lang='lat' dir='ltr'>affanicle</span> <span class='ocrx_word' id='word_1_115' title='bbox 710 1087 779 1122; x_wconf 83' lang='lat' dir='ltr'>cap.</span> <span class='ocrx_word' id='word_1_116' title='bbox 790 1088 822 1118; x_wconf 90' lang='lat'>9.</span> <span class='ocrx_word' id='word_1_117' title='bbox 834 1082 1067 1111; x_wconf 86' lang='lat' dir='ltr'>memoratum,</span> 
     </span>
     <span class='ocr_line' id='line_1_32' title="bbox 313 1123 1066 1173; baseline -0.008 -14"><span class='ocrx_word' id='word_1_118' title='bbox 313 1127 407 1160; x_wconf 75' lang='lat' dir='ltr'>Darii</span> <span class='ocrx_word' id='word_1_119' title='bbox 416 1127 510 1161; x_wconf 81' lang='lat' dir='ltr'>Medi</span> <span class='ocrx_word' id='word_1_120' title='bbox 519 1140 570 1173; x_wconf 83' lang='lat' dir='ltr'>pat</span> <span class='ocrx_word' id='word_1_121' title='bbox 577 1140 657 1167; x_wconf 87' lang='lat' dir='ltr'>rem,</span> <span class='ocrx_word' id='word_1_122' title='bbox 670 1127 723 1160; x_wconf 85' lang='lat' dir='ltr'>alii</span> <span class='ocrx_word' id='word_1_123' title='bbox 735 1124 838 1172; x_wconf 87' lang='lat' dir='ltr'>ipsum</span> <span class='ocrx_word' id='word_1_124' title='bbox 852 1124 979 1157; x_wconf 76' lang='lat' dir='ltr'>Darium</span> <span class='ocrx_word' id='word_1_125' title='bbox 988 1123 1066 1155; x_wconf 83' lang='lat' dir='ltr'>Me-</span> 
     </span>
     <span class='ocr_line' id='line_1_33' title="bbox 314 1172 1067 1228; baseline -0.007 -20"><span class='ocrx_word' id='word_1_126' title='bbox 314 1173 383 1208; x_wconf 83' lang='lat' dir='ltr'>dum</span> <span class='ocrx_word' id='word_1_127' title='bbox 394 1201 403 1215; x_wconf 90' lang='lat'>‚</span> <span class='ocrx_word' id='word_1_128' title='bbox 420 1176 470 1210; x_wconf 86' lang='lat' dir='ltr'>alii</span> <span class='ocrx_word' id='word_1_129' title='bbox 481 1175 664 1228; x_wconf 65' lang='lat' dir='ltr'>Cambyftom</span> <span class='ocrx_word' id='word_1_130' title='bbox 681 1180 746 1219; x_wconf 80' lang='lat' dir='ltr'>Cyn</span> <span class='ocrx_word' id='word_1_131' title='bbox 756 1173 876 1211; x_wconf 88' lang='lat' dir='ltr'>filium,</span> <span class='ocrx_word' id='word_1_132' title='bbox 888 1172 984 1206; x_wconf 89' lang='lat' dir='ltr'>multi</span> <span class='ocrx_word' id='word_1_133' title='bbox 997 1173 1067 1203; x_wconf 88' lang='lat' dir='ltr'>Da-</span> 
     </span>
     <span class='ocr_line' id='line_1_34' title="bbox 314 1220 1067 1273; baseline -0.004 -16"><span class='ocrx_word' id='word_1_134' title='bbox 314 1227 389 1258; x_wconf 69' lang='lat' dir='ltr'>rium</span> <span class='ocrx_word' id='word_1_135' title='bbox 400 1226 565 1273; x_wconf 59' lang='lat' dir='ltr'>Hystaspis,</span> <span class='ocrx_word' id='word_1_136' title='bbox 585 1227 689 1273; x_wconf 89' lang='lat' dir='ltr'>plures</span> <span class='ocrx_word' id='word_1_137' title='bbox 699 1226 827 1259; x_wconf 78' lang='lat' dir='ltr'><em>Xerxem</em></span> <span class='ocrx_word' id='word_1_138' title='bbox 836 1247 845 1259; x_wconf 92' lang='lat'><em>‚</em></span> <span class='ocrx_word' id='word_1_139' title='bbox 857 1220 987 1269; x_wconf 84' lang='lat' dir='ltr'><strong>plurimi</strong></span> <span class='ocrx_word' id='word_1_140' title='bbox 1000 1222 1067 1252; x_wconf 87' lang='lat' dir='ltr'>Ar-</span> 
     </span>
     <span class='ocr_line' id='line_1_35' title="bbox 311 1270 1066 1325; baseline -0.004 -20"><span class='ocrx_word' id='word_1_141' title='bbox 311 1284 463 1308; x_wconf 74' lang='lat' dir='ltr'>taxerxem</span> <span class='ocrx_word' id='word_1_142' title='bbox 481 1275 695 1325; x_wconf 68' lang='lat' dir='ltr'>Longimanum</span> <span class='ocrx_word' id='word_1_143' title='bbox 706 1299 717 1315; x_wconf 87' lang='lat'>‚</span> <span class='ocrx_word' id='word_1_144' title='bbox 734 1272 817 1307; x_wconf 66' lang='lat' dir='ltr'>bene</span> <span class='ocrx_word' id='word_1_145' title='bbox 829 1270 926 1306; x_wconf 87' lang='lat' dir='ltr'>multi</span> <span class='ocrx_word' id='word_1_146' title='bbox 951 1271 1066 1304; x_wconf 63' lang='lat' dir='ltr'>efi‘rta-</span> 
     </span>
     <span class='ocr_line' id='line_1_36' title="bbox 310 1315 1065 1370; baseline -0.005 -15"><span class='ocrx_word' id='word_1_147' title='bbox 310 1334 432 1357; x_wconf 78' lang='lat' dir='ltr'>xerxem</span> <span class='ocrx_word' id='word_1_148' title='bbox 454 1327 650 1358; x_wconf 78' lang='lat' dir='ltr'>Mnemonem</span> <span class='ocrx_word' id='word_1_149' title='bbox 675 1348 686 1363; x_wconf 93' lang='lat'>,</span> <span class='ocrx_word' id='word_1_150' title='bbox 720 1322 850 1370; x_wconf 81' lang='lat' dir='ltr'>quidam</span> <span class='ocrx_word' id='word_1_151' title='bbox 873 1315 1003 1354; x_wconf 78' lang='lat' dir='ltr'><em>Ochum.</em></span> <span class='ocrx_word' id='word_1_152' title='bbox 1030 1318 1065 1352; x_wconf 90' lang='lat' dir='ltr'>Id</span> 
     </span>
     <span class='ocr_line' id='line_1_37' title="bbox 310 1373 1063 1418; baseline -0.001 -14"><span class='ocrx_word' id='word_1_153' title='bbox 310 1373 400 1418; x_wconf 83' lang='lat' dir='ltr'>quod</span> <span class='ocrx_word' id='word_1_154' title='bbox 411 1384 536 1408; x_wconf 85' lang='lat' dir='ltr'>tantam</span> <span class='ocrx_word' id='word_1_155' title='bbox 548 1373 776 1408; x_wconf 83' lang='lat' dir='ltr'>sententiarum</span> <span class='ocrx_word' id='word_1_156' title='bbox 786 1373 970 1406; x_wconf 83' lang='lat' dir='ltr'>varietatem</span> <span class='ocrx_word' id='word_1_157' title='bbox 980 1381 1063 1403; x_wconf 86' lang='lat' dir='ltr'>crea-</span> 
     </span>
     <span class='ocr_line' id='line_1_38' title="bbox 307 1419 1064 1469; baseline -0.004 -13"><span class='ocrx_word' id='word_1_158' title='bbox 307 1422 375 1462; x_wconf 91' lang='lat' dir='ltr'>vit,</span> <span class='ocrx_word' id='word_1_159' title='bbox 390 1421 434 1456; x_wconf 89' lang='lat' dir='ltr'>est</span> <span class='ocrx_word' id='word_1_160' title='bbox 453 1423 555 1458; x_wconf 85' lang='lat' dir='ltr'>altum</span> <span class='ocrx_word' id='word_1_161' title='bbox 568 1423 650 1469; x_wconf 84' lang='lat' dir='ltr'>apud</span> <span class='ocrx_word' id='word_1_162' title='bbox 669 1434 784 1457; x_wconf 87' lang='lat' dir='ltr'>omnes</span> <span class='ocrx_word' id='word_1_163' title='bbox 795 1423 875 1455; x_wconf 86' lang='lat' dir='ltr'>alios</span> <span class='ocrx_word' id='word_1_164' title='bbox 893 1419 1064 1465; x_wconf 86' lang='lat' dir='ltr'>scriptores</span> 
     </span>
     <span class='ocr_line' id='line_1_39' title="bbox 306 1467 1064 1520; baseline 0 -18"><span class='ocrx_word' id='word_1_165' title='bbox 306 1467 359 1504; x_wconf 87' lang='lat' dir='ltr'>seu</span> <span class='ocrx_word' id='word_1_166' title='bbox 370 1467 476 1506; x_wconf 83' lang='lat' dir='ltr'>sacros</span> <span class='ocrx_word' id='word_1_167' title='bbox 485 1474 536 1507; x_wconf 88' lang='lat' dir='ltr'>seu</span> <span class='ocrx_word' id='word_1_168' title='bbox 547 1471 704 1520; x_wconf 85' lang='lat' dir='ltr'>profanos</span> <span class='ocrx_word' id='word_1_169' title='bbox 715 1470 823 1505; x_wconf 87' lang='lat' dir='ltr'>dehac</span> <span class='ocrx_word' id='word_1_170' title='bbox 833 1468 962 1504; x_wconf 63' lang='lat' dir='ltr'>historia</span> <span class='ocrx_word' id='word_1_171' title='bbox 971 1468 1064 1502; x_wconf 84' lang='lat' dir='ltr'>filcn-</span> 
     </span>
     <span class='ocr_line' id='line_1_40' title="bbox 305 1518 1062 1556; baseline -0.001 -4"><span class='ocrx_word' id='word_1_172' title='bbox 305 1521 388 1553; x_wconf 87' lang='lat' dir='ltr'>tium</span> <span class='ocrx_word' id='word_1_173' title='bbox 403 1533 411 1554; x_wconf 72' lang='grc' dir='ltr'><strong>ε</strong></span> <span class='ocrx_word' id='word_1_174' title='bbox 438 1521 546 1556; x_wconf 73' lang='lat' dir='ltr'>multo</span> <span class='ocrx_word' id='word_1_175' title='bbox 568 1519 694 1556; x_wconf 84' lang='lat' dir='ltr'>facilius</span> <span class='ocrx_word' id='word_1_176' title='bbox 715 1520 766 1554; x_wconf 69' lang='lat' dir='ltr'>hic</span> <span class='ocrx_word' id='word_1_177' title='bbox 783 1518 825 1554; x_wconf 90' lang='lat' dir='ltr'>est</span> <span class='ocrx_word' id='word_1_178' title='bbox 837 1519 878 1553; x_wconf 87' lang='lat' dir='ltr'>ab</span> <span class='ocrx_word' id='word_1_179' title='bbox 892 1520 961 1554; x_wconf 88' lang='lat' dir='ltr'>aliis</span> <span class='ocrx_word' id='word_1_180' title='bbox 971 1519 1062 1553; x_wconf 86' lang='lat' dir='ltr'>allata</span> 
     </span>
     <span class='ocr_line' id='line_1_41' title="bbox 305 1567 893 1617; baseline 0 -15"><span class='ocrx_word' id='word_1_181' title='bbox 305 1567 442 1605; x_wconf 79' lang='lat' dir='ltr'>refutare</span> <span class='ocrx_word' id='word_1_182' title='bbox 452 1570 548 1617; x_wconf 72' lang='lat' dir='ltr'>quam</span> <span class='ocrx_word' id='word_1_183' title='bbox 564 1571 672 1605; x_wconf 84' lang='lat' dir='ltr'>nostra</span> <span class='ocrx_word' id='word_1_184' title='bbox 684 1568 893 1604; x_wconf 82' lang='lat' dir='ltr'>confirmare.</span> 
     </span>
    </p>

    <p class='ocr_par' dir='ltr' id='par_1_12' title="bbox 301 1615 1061 2011">
     <span class='ocr_line' id='line_1_42' title="bbox 352 1615 1061 1668; baseline -0.003 -15"><span class='ocrx_word' id='word_1_185' title='bbox 352 1620 406 1653; x_wconf 87' lang='lat' dir='ltr'>De</span> <span class='ocrx_word' id='word_1_186' title='bbox 426 1619 531 1654; x_wconf 86' lang='lat' dir='ltr'>tribus</span> <span class='ocrx_word' id='word_1_187' title='bbox 559 1621 670 1668; x_wconf 86' lang='lat' dir='ltr'>primis</span> <span class='ocrx_word' id='word_1_188' title='bbox 705 1619 871 1654; x_wconf 83' lang='lat' dir='ltr'>sententiis</span> <span class='ocrx_word' id='word_1_189' title='bbox 896 1616 998 1653; x_wconf 86' lang='lat' dir='ltr'>facilis</span> <span class='ocrx_word' id='word_1_190' title='bbox 1017 1615 1061 1651; x_wconf 91' lang='lat' dir='ltr'>est</span> 
     </span>
     <span class='ocr_line' id='line_1_43' title="bbox 306 1668 1061 1721; baseline -0.003 -19"><span class='ocrx_word' id='word_1_191' title='bbox 306 1668 479 1704; x_wconf 56' lang='lat' dir='ltr'>transactio</span> <span class='ocrx_word' id='word_1_192' title='bbox 494 1693 503 1709; x_wconf 91' lang='lat'>,</span> <span class='ocrx_word' id='word_1_193' title='bbox 527 1670 665 1721; x_wconf 71' lang='lat' dir='ltr'>Astyages</span> <span class='ocrx_word' id='word_1_194' title='bbox 692 1669 757 1713; x_wconf 69' lang='lat' dir='ltr'>Cyri</span> <span class='ocrx_word' id='word_1_195' title='bbox 775 1681 853 1703; x_wconf 90' lang='lat' dir='ltr'>avus</span> <span class='ocrx_word' id='word_1_196' title='bbox 873 1681 939 1702; x_wconf 91' lang='lat' dir='ltr'>non</span> <span class='ocrx_word' id='word_1_197' title='bbox 951 1668 1061 1716; x_wconf 84' lang='lat' dir='ltr'>potuit</span> 
     </span>
     <span class='ocr_line' id='line_1_44' title="bbox 307 1717 1061 1765; baseline -0.001 -13"><span class='ocrx_word' id='word_1_198' title='bbox 307 1719 365 1753; x_wconf 77' lang='lat' dir='ltr'>effe</span> <span class='ocrx_word' id='word_1_199' title='bbox 375 1720 512 1764; x_wconf 78' lang='lat' dir='ltr'>Affuerm</span> <span class='ocrx_word' id='word_1_200' title='bbox 523 1717 652 1753; x_wconf 73' lang='lat' dir='ltr'>Es&#39;iherae</span> <span class='ocrx_word' id='word_1_201' title='bbox 662 1744 672 1759; x_wconf 90' lang='lat'>,</span> <span class='ocrx_word' id='word_1_202' title='bbox 699 1731 772 1753; x_wconf 87' lang='lat' dir='ltr'>nam</span> <span class='ocrx_word' id='word_1_203' title='bbox 784 1729 958 1765; x_wconf 85' lang='lat' dir='ltr'>antequam</span> <span class='ocrx_word' id='word_1_204' title='bbox 973 1723 999 1752; x_wconf 88' lang='lat' dir='ltr'><em>C</em></span> <span class='ocrx_word' id='word_1_205' title='bbox 992 1732 1061 1762; x_wconf 73' lang='lat' dir='ltr'>Jrus</span> 
     </span>
     <span class='ocr_line' id='line_1_45' title="bbox 308 1766 1060 1817; baseline 0.001 -16"><span class='ocrx_word' id='word_1_206' title='bbox 308 1767 371 1802; x_wconf 86' lang='lat' dir='ltr'>suis</span> <span class='ocrx_word' id='word_1_207' title='bbox 387 1771 481 1803; x_wconf 85' lang='lat' dir='ltr'>armis</span> <span class='ocrx_word' id='word_1_208' title='bbox 498 1767 688 1817; x_wconf 61' lang='lat' dir='ltr'>subjugasset</span> <span class='ocrx_word' id='word_1_209' title='bbox 706 1766 908 1814; x_wconf 84' lang='lat' dir='ltr'>Babylonem</span> <span class='ocrx_word' id='word_1_210' title='bbox 936 1771 967 1801; x_wconf 73' lang='grc' dir='ltr'>δι</span> <span class='ocrx_word' id='word_1_211' title='bbox 985 1770 1060 1802; x_wconf 83' lang='lat' dir='ltr'>alias</span> 
     </span>
     <span class='ocr_line' id='line_1_46' title="bbox 310 1816 1058 1865; baseline 0.003 -15"><span class='ocrx_word' id='word_1_212' title='bbox 310 1819 427 1851; x_wconf 85' lang='lat' dir='ltr'>multas</span> <span class='ocrx_word' id='word_1_213' title='bbox 442 1816 525 1853; x_wconf 85' lang='lat' dir='ltr'>Afiae</span> <span class='ocrx_word' id='word_1_214' title='bbox 543 1819 725 1865; x_wconf 85' lang='lat' dir='ltr'>provincias</span> <span class='ocrx_word' id='word_1_215' title='bbox 741 1841 751 1856; x_wconf 87' lang='lat'>,</span> <span class='ocrx_word' id='word_1_216' title='bbox 770 1816 860 1851; x_wconf 89' lang='lat' dir='ltr'>Medi</span> <span class='ocrx_word' id='word_1_217' title='bbox 874 1819 986 1863; x_wconf 89' lang='lat' dir='ltr'>procul</span> <span class='ocrx_word' id='word_1_218' title='bbox 997 1817 1058 1852; x_wconf 87' lang='lat' dir='ltr'>ab-</span> 
     </span>
     <span class='ocr_line' id='line_1_47' title="bbox 306 1865 1059 1915; baseline 0.001 -15"><span class='ocrx_word' id='word_1_219' title='bbox 306 1878 395 1901; x_wconf 83' lang='lat' dir='ltr'>erant</span> <span class='ocrx_word' id='word_1_220' title='bbox 411 1866 571 1901; x_wconf 69' lang='lat' dir='ltr'>acentum</span> <span class='ocrx_word' id='word_1_221' title='bbox 591 1870 710 1915; x_wconf 82' lang='lat' dir='ltr'>viginti</span> <span class='ocrx_word' id='word_1_222' title='bbox 731 1865 851 1914; x_wconf 84' lang='lat' dir='ltr'>septem</span> <span class='ocrx_word' id='word_1_223' title='bbox 873 1868 1059 1913; x_wconf 87' lang='lat' dir='ltr'>provincia-</span> 
     </span>
     <span class='ocr_line' id='line_1_48' title="bbox 303 1917 1058 1964; baseline 0.003 -15"><span class='ocrx_word' id='word_1_224' title='bbox 303 1927 376 1950; x_wconf 88' lang='lat' dir='ltr'>rum</span> <span class='ocrx_word' id='word_1_225' title='bbox 390 1917 564 1950; x_wconf 86' lang='lat' dir='ltr'>dominatu</span> <span class='ocrx_word' id='word_1_226' title='bbox 580 1941 590 1957; x_wconf 91' lang='lat'>‚</span> <span class='ocrx_word' id='word_1_227' title='bbox 605 1928 688 1964; x_wconf 87' lang='lat' dir='ltr'>quot</span> <span class='ocrx_word' id='word_1_228' title='bbox 700 1927 808 1950; x_wconf 86' lang='lat' dir='ltr'>tamen</span> <span class='ocrx_word' id='word_1_229' title='bbox 821 1917 855 1949; x_wconf 91' lang='lat' dir='ltr'>in</span> <span class='ocrx_word' id='word_1_230' title='bbox 868 1917 1058 1961; x_wconf 78' lang='lat' dir='ltr'>Assuerilm-</span> 
     </span>
     <span class='ocr_line' id='line_1_49' title="bbox 301 1966 864 2011; baseline 0 -13"><span class='ocrx_word' id='word_1_231' title='bbox 301 1966 391 2011; x_wconf 83' lang='lat' dir='ltr'>perio</span> <span class='ocrx_word' id='word_1_232' title='bbox 401 1977 617 2000; x_wconf 88' lang='lat' dir='ltr'>numerantur</span> <span class='ocrx_word' id='word_1_233' title='bbox 634 1966 721 2001; x_wconf 81' lang='lat' dir='ltr'>Essh.</span> <span class='ocrx_word' id='word_1_234' title='bbox 740 1978 767 2000; x_wconf 91' lang='lat'>1.</span> <span class='ocrx_word' id='word_1_235' title='bbox 785 1978 814 1999; x_wconf 92' lang='lat' dir='ltr'>v.</span> <span class='ocrx_word' id='word_1_236' title='bbox 833 1977 864 1999; x_wconf 86' lang='lat'>1.</span> 
     </span>
    </p>

    <p class='ocr_par' dir='ltr' id='par_1_13' title="bbox 295 2013 1057 2503">
     <span class='ocr_line' id='line_1_50' title="bbox 349 2013 1057 2062; baseline -0.003 -14"><span class='ocrx_word' id='word_1_237' title='bbox 349 2015 467 2062; x_wconf 83' lang='lat' dir='ltr'>Neque</span> <span class='ocrx_word' id='word_1_238' title='bbox 476 2015 589 2048; x_wconf 74' lang='lat' dir='ltr'>Darius</span> <span class='ocrx_word' id='word_1_239' title='bbox 597 2014 709 2049; x_wconf 63' lang='lat' dir='ltr'>Medma</span> <span class='ocrx_word' id='word_1_240' title='bbox 719 2014 776 2049; x_wconf 79' lang='lat' dir='ltr'>effe</span> <span class='ocrx_word' id='word_1_241' title='bbox 786 2014 893 2061; x_wconf 90' lang='lat' dir='ltr'>potuit</span> <span class='ocrx_word' id='word_1_242' title='bbox 905 2013 1057 2057; x_wconf 70' lang='lat' dir='ltr'>Afflcerus,</span> 
     </span>
     <span class='ocr_line' id='line_1_51' title="bbox 296 2063 1055 2112; baseline 0 -15"><span class='ocrx_word' id='word_1_243' title='bbox 296 2074 507 2112; x_wconf 80' lang='lat' dir='ltr'>praeterquam</span> <span class='ocrx_word' id='word_1_244' title='bbox 526 2065 614 2099; x_wconf 90' lang='lat' dir='ltr'>enim</span> <span class='ocrx_word' id='word_1_245' title='bbox 628 2063 720 2111; x_wconf 77' lang='lat' dir='ltr'>quod</span> <span class='ocrx_word' id='word_1_246' title='bbox 732 2065 758 2098; x_wconf 89' lang='lat' dir='ltr'>is</span> <span class='ocrx_word' id='word_1_247' title='bbox 778 2063 818 2097; x_wconf 89' lang='lat' dir='ltr'>ab</span> <span class='ocrx_word' id='word_1_248' title='bbox 831 2064 955 2109; x_wconf 62' lang='lat' dir='ltr'>Affitero</span> <span class='ocrx_word' id='word_1_249' title='bbox 969 2064 1055 2097; x_wconf 84' lang='lat' dir='ltr'>Dan·</span> 
     </span>
     <span class='ocr_line' id='line_1_52' title="bbox 296 2111 1055 2161; baseline 0.001 -16"><span class='ocrx_word' id='word_1_250' title='bbox 296 2125 334 2155; x_wconf 79' lang='lat'>9.</span> <span class='ocrx_word' id='word_1_251' title='bbox 363 2111 532 2146; x_wconf 62' lang='lat' dir='ltr'>manifeste*</span> <span class='ocrx_word' id='word_1_252' title='bbox 553 2113 768 2161; x_wconf 83' lang='lat' dir='ltr'>distinguatur</span> <span class='ocrx_word' id='word_1_253' title='bbox 783 2124 820 2147; x_wconf 87' lang='lat' dir='ltr'>ut</span> <span class='ocrx_word' id='word_1_254' title='bbox 838 2113 855 2147; x_wconf 77' lang='grc' dir='ltr'>Ξι</span> <span class='ocrx_word' id='word_1_255' title='bbox 872 2115 927 2147; x_wconf 76' lang='lat' dir='ltr'>luo</span> <span class='ocrx_word' id='word_1_256' title='bbox 947 2122 1055 2161; x_wconf 85' lang='lat' dir='ltr'>patre,</span> 
     </span>
     <span class='ocr_line' id='line_1_53' title="bbox 299 2162 1055 2209; baseline 0.003 -16"><span class='ocrx_word' id='word_1_257' title='bbox 299 2172 374 2194; x_wconf 87' lang='lat' dir='ltr'>ante</span> <span class='ocrx_word' id='word_1_258' title='bbox 392 2173 582 2207; x_wconf 80' lang='lat' dir='ltr'>occupatam</span> <span class='ocrx_word' id='word_1_259' title='bbox 603 2164 804 2209; x_wconf 84' lang='lat' dir='ltr'>Babylonem</span> <span class='ocrx_word' id='word_1_260' title='bbox 821 2187 831 2202; x_wconf 91' lang='lat'>‚</span> <span class='ocrx_word' id='word_1_261' title='bbox 848 2175 916 2196; x_wconf 91' lang='lat' dir='ltr'>non</span> <span class='ocrx_word' id='word_1_262' title='bbox 936 2162 1055 2197; x_wconf 88' lang='lat' dir='ltr'>multas</span> 
     </span>
     <span class='ocr_line' id='line_1_54' title="bbox 295 2210 1054 2256; baseline 0 -14"><span class='ocrx_word' id='word_1_263' title='bbox 295 2211 478 2255; x_wconf 84' lang='lat' dir='ltr'>provincias</span> <span class='ocrx_word' id='word_1_264' title='bbox 491 2210 623 2256; x_wconf 72' lang='lat' dir='ltr'>poss&#39;edit</span> <span class='ocrx_word' id='word_1_265' title='bbox 634 2233 643 2246; x_wconf 91' lang='lat'>‚</span> <span class='ocrx_word' id='word_1_266' title='bbox 662 2215 696 2243; x_wconf 64' lang='grc' dir='ltr'>ἅ</span> <span class='ocrx_word' id='word_1_267' title='bbox 707 2211 778 2256; x_wconf 88' lang='lat' dir='ltr'>post</span> <span class='ocrx_word' id='word_1_268' title='bbox 789 2223 980 2256; x_wconf 85' lang='lat' dir='ltr'>occupatam</span> <span class='ocrx_word' id='word_1_269' title='bbox 994 2212 1054 2243; x_wconf 83' lang='lat' dir='ltr'>Ba-</span> 
     </span>
     <span class='ocr_line' id='line_1_55' title="bbox 299 2258 1051 2305; baseline 0.001 -14"><span class='ocrx_word' id='word_1_270' title='bbox 299 2258 454 2304; x_wconf 89' lang='lat' dir='ltr'>bylonem</span> <span class='ocrx_word' id='word_1_271' title='bbox 467 2261 577 2305; x_wconf 84' lang='lat' dir='ltr'>paucis</span> <span class='ocrx_word' id='word_1_272' title='bbox 594 2258 776 2292; x_wconf 83' lang='lat' dir='ltr'>admodum</span> <span class='ocrx_word' id='word_1_273' title='bbox 793 2260 882 2292; x_wconf 81' lang='lat' dir='ltr'>annis</span> <span class='ocrx_word' id='word_1_274' title='bbox 900 2260 932 2291; x_wconf 92' lang='lat' dir='ltr'>in</span> <span class='ocrx_word' id='word_1_275' title='bbox 946 2260 1051 2304; x_wconf 85' lang='lat' dir='ltr'>impe-</span> 
     </span>
     <span class='ocr_line' id='line_1_56' title="bbox 297 2306 1052 2355; baseline 0.001 -15"><span class='ocrx_word' id='word_1_276' title='bbox 297 2309 346 2341; x_wconf 87' lang='lat' dir='ltr'>rio</span> <span class='ocrx_word' id='word_1_277' title='bbox 367 2307 568 2355; x_wconf 81' lang='lat' dir='ltr'>perduravit:</span> <span class='ocrx_word' id='word_1_278' title='bbox 595 2308 729 2355; x_wconf 66' lang='lat' dir='ltr'>«Affireri</span> <span class='ocrx_word' id='word_1_279' title='bbox 747 2318 851 2341; x_wconf 87' lang='lat' dir='ltr'>autem</span> <span class='ocrx_word' id='word_1_280' title='bbox 866 2306 964 2340; x_wconf 84' lang='lat' dir='ltr'>nostri</span> <span class='ocrx_word' id='word_1_281' title='bbox 977 2319 1052 2341; x_wconf 90' lang='lat' dir='ltr'>cen-</span> 
     </span>
     <span class='ocr_line' id='line_1_57' title="bbox 297 2356 1053 2405; baseline -0.001 -16"><span class='ocrx_word' id='word_1_282' title='bbox 297 2367 370 2390; x_wconf 87' lang='lat' dir='ltr'>tum</span> <span class='ocrx_word' id='word_1_283' title='bbox 390 2358 505 2405; x_wconf 81' lang='lat' dir='ltr'>viginti</span> <span class='ocrx_word' id='word_1_284' title='bbox 525 2358 643 2405; x_wconf 82' lang='lat' dir='ltr'>septem</span> <span class='ocrx_word' id='word_1_285' title='bbox 667 2358 909 2404; x_wconf 83' lang='lat' dir='ltr'>provinciarum</span> <span class='ocrx_word' id='word_1_286' title='bbox 927 2356 1053 2391; x_wconf 89' lang='lat' dir='ltr'>domini</span> 
     </span>
     <span class='ocr_line' id='line_1_58' title="bbox 297 2404 1051 2453; baseline 0.001 -14"><span class='ocrx_word' id='word_1_287' title='bbox 297 2417 523 2440; x_wconf 81' lang='lat' dir='ltr'>memorantur</span> <span class='ocrx_word' id='word_1_288' title='bbox 540 2408 574 2441; x_wconf 92' lang='lat' dir='ltr'>in</span> <span class='ocrx_word' id='word_1_289' title='bbox 589 2405 673 2440; x_wconf 82' lang='lat' dir='ltr'>libro</span> <span class='ocrx_word' id='word_1_290' title='bbox 686 2404 809 2453; x_wconf 82' lang='lat' dir='ltr'>Estherae</span> <span class='ocrx_word' id='word_1_291' title='bbox 816 2418 920 2440; x_wconf 85' lang='lat' dir='ltr'>annus</span> <span class='ocrx_word' id='word_1_292' title='bbox 931 2408 1051 2444; x_wconf 88' lang='lat' dir='ltr'>tertius,</span> 
     </span>
     <span class='ocr_line' id='line_1_59' title="bbox 297 2456 750 2503; baseline 0.002 -14"><span class='ocrx_word' id='word_1_293' title='bbox 297 2456 466 2503; x_wconf 85' lang='lat' dir='ltr'>septimus,</span> <span class='ocrx_word' id='word_1_294' title='bbox 478 2460 510 2490; x_wconf 69' lang='grc' dir='ltr'>δε</span> <span class='ocrx_word' id='word_1_295' title='bbox 522 2456 750 2491; x_wconf 83' lang='lat' dir='ltr'>duodecimus.</span> 
     </span>
    </p>

    <p class='ocr_par' dir='ltr' id='par_1_14' title="bbox 298 2502 1053 2650">
     <span class='ocr_line' id='line_1_60' title="bbox 347 2502 1052 2553; baseline 0 -15"><span class='ocrx_word' id='word_1_296' title='bbox 347 2502 497 2553; x_wconf 66' lang='lat' dir='ltr'>Cambyses</span> <span class='ocrx_word' id='word_1_297' title='bbox 516 2507 616 2540; x_wconf 86' lang='lat' dir='ltr'>etiam</span> <span class='ocrx_word' id='word_1_298' title='bbox 643 2517 713 2539; x_wconf 89' lang='lat' dir='ltr'>non</span> <span class='ocrx_word' id='word_1_299' title='bbox 737 2502 865 2538; x_wconf 82' lang='lat' dir='ltr'>acceffit</span> <span class='ocrx_word' id='word_1_300' title='bbox 891 2504 930 2538; x_wconf 85' lang='lat' dir='ltr'>ad</span> <span class='ocrx_word' id='word_1_301' title='bbox 947 2517 1052 2539; x_wconf 86' lang='lat' dir='ltr'>annos</span> 
     </span>
     <span class='ocr_line' id='line_1_61' title="bbox 298 2553 1053 2600; baseline -0.001 -12"><span class='ocrx_word' id='word_1_302' title='bbox 298 2554 475 2589; x_wconf 88' lang='lat' dir='ltr'>duodecim</span> <span class='ocrx_word' id='word_1_303' title='bbox 493 2556 526 2588; x_wconf 87' lang='lat' dir='ltr'>iu</span> <span class='ocrx_word' id='word_1_304' title='bbox 539 2555 763 2600; x_wconf 68' lang='lat' dir='ltr'>suoimperio5</span> <span class='ocrx_word' id='word_1_305' title='bbox 776 2557 807 2587; x_wconf 87' lang='lat'>&amp;</span> <span class='ocrx_word' id='word_1_306' title='bbox 822 2554 934 2588; x_wconf 86' lang='lat' dir='ltr'>auimo</span> <span class='ocrx_word' id='word_1_307' title='bbox 946 2556 979 2588; x_wconf 89' lang='lat' dir='ltr'>in</span> <span class='ocrx_word' id='word_1_308' title='bbox 992 2553 1053 2600; x_wconf 89' lang='lat' dir='ltr'>Ju-</span> 
     </span>
     <span class='ocr_line' id='line_1_62' title="bbox 298 2601 1034 2650; baseline -0.005 -12"><span class='ocrx_word' id='word_1_309' title='bbox 298 2605 385 2638; x_wconf 81' lang='lat' dir='ltr'>daeos</span> <span class='ocrx_word' id='word_1_310' title='bbox 395 2603 516 2650; x_wconf 84' lang='lat' dir='ltr'>semper</span> <span class='ocrx_word' id='word_1_311' title='bbox 527 2602 588 2638; x_wconf 87' lang='lat' dir='ltr'>fuit</span> <span class='ocrx_word' id='word_1_312' title='bbox 599 2601 817 2638; x_wconf 75' lang='lat' dir='ltr'>infestissimo.</span> <span class='ocrx_word' id='word_1_313' title='bbox 1032 2603 1034 2605; x_wconf 64' lang='grc'><strong><em>’</em></strong></span> 
     </span>
    </p>

    <p class='ocr_par' dir='ltr' id='par_1_15' title="bbox 298 2650 1052 3239">
     <span class='ocr_line' id='line_1_63' title="bbox 348 2650 1052 2687; baseline -0.007 0"><span class='ocrx_word' id='word_1_314' title='bbox 348 2654 433 2687; x_wconf 81' lang='lat' dir='ltr'>Dua:</span> <span class='ocrx_word' id='word_1_315' title='bbox 452 2654 575 2687; x_wconf 82' lang='lat' dir='ltr'>ultimae</span> <span class='ocrx_word' id='word_1_316' title='bbox 594 2653 772 2687; x_wconf 65' lang='lat' dir='ltr'>sententiae,</span> <span class='ocrx_word' id='word_1_317' title='bbox 792 2664 856 2684; x_wconf 85' lang='lat' dir='ltr'>una</span> <span class='ocrx_word' id='word_1_318' title='bbox 878 2650 919 2683; x_wconf 88' lang='lat' dir='ltr'>de</span> <span class='ocrx_word' id='word_1_319' title='bbox 938 2651 1052 2684; x_wconf 57' lang='grc' dir='ltr'><em>«Ανα-</em></span> 
     </span>
     <span class='ocr_line' id='line_1_64' title="bbox 300 2697 1051 2749; baseline -0.009 -12"><span class='ocrx_word' id='word_1_320' title='bbox 300 2716 393 2737; x_wconf 74' lang='lat' dir='ltr'>xerxe</span> <span class='ocrx_word' id='word_1_321' title='bbox 406 2706 569 2737; x_wconf 64' lang='lat' dir='ltr'>Mnemon-e&gt;</span> <span class='ocrx_word' id='word_1_322' title='bbox 580 2714 678 2749; x_wconf 83' lang='lat' dir='ltr'>quam</span> <span class='ocrx_word' id='word_1_323' title='bbox 691 2697 834 2747; x_wconf 72' lang='lat' dir='ltr'>Eusebius,</span> <span class='ocrx_word' id='word_1_324' title='bbox 847 2699 1051 2743; x_wconf 78' lang='lat' dir='ltr'>Hieronymus,</span> 
     </span>
     <span class='ocr_line' id='line_1_65' title="bbox 301 2749 1051 2796; baseline -0.005 -10"><span class='ocrx_word' id='word_1_325' title='bbox 301 2751 398 2793; x_wconf 82' lang='lat' dir='ltr'>Beda,</span> <span class='ocrx_word' id='word_1_326' title='bbox 418 2756 450 2786; x_wconf 52' lang='grc' dir='ltr'><em>ἃ</em></span> <span class='ocrx_word' id='word_1_327' title='bbox 463 2766 499 2787; x_wconf 79' lang='lat' dir='ltr'>ex</span> <span class='ocrx_word' id='word_1_328' title='bbox 510 2749 747 2786; x_wconf 80' lang='lat' dir='ltr'>recentioribus</span> <span class='ocrx_word' id='word_1_329' title='bbox 765 2749 924 2783; x_wconf 62' lang='lat' dir='ltr'>‘Ibmiellus</span> <span class='ocrx_word' id='word_1_330' title='bbox 934 2749 1051 2796; x_wconf 85' lang='lat' dir='ltr'>aliique</span> 
     </span>
     <span class='ocr_line' id='line_1_66' title="bbox 300 2796 1052 2846; baseline -0.005 -10"><span class='ocrx_word' id='word_1_331' title='bbox 300 2812 456 2836; x_wconf 88' lang='lat' dir='ltr'>tuentur.-</span> <span class='ocrx_word' id='word_1_332' title='bbox 482 2802 579 2836; x_wconf 78' lang='lat' dir='ltr'>altera</span> <span class='ocrx_word' id='word_1_333' title='bbox 596 2800 635 2834; x_wconf 85' lang='lat' dir='ltr'>dc</span> <span class='ocrx_word' id='word_1_334' title='bbox 653 2796 736 2834; x_wconf 81' lang='lat' dir='ltr'><em>Ocho</em></span> <span class='ocrx_word' id='word_1_335' title='bbox 749 2823 758 2837; x_wconf 93' lang='lat'>‚</span> <span class='ocrx_word' id='word_1_336' title='bbox 786 2811 885 2846; x_wconf 83' lang='lat' dir='ltr'>quam</span> <span class='ocrx_word' id='word_1_337' title='bbox 905 2798 1032 2845; x_wconf 72' lang='lat' dir='ltr'>Capellus</span> <span class='ocrx_word' id='word_1_338' title='bbox 1044 2819 1052 2832; x_wconf 78' lang='lat'><em>‚</em></span> 
     </span>
     <span class='ocr_line' id='line_1_67' title="bbox 299 2846 1050 2898; baseline -0.004 -14"><span class='ocrx_word' id='word_1_339' title='bbox 299 2851 484 2898; x_wconf 83' lang='lat' dir='ltr'>probabiles</span> <span class='ocrx_word' id='word_1_340' title='bbox 502 2848 645 2884; x_wconf 76' lang='lat' dir='ltr'>omnino</span> <span class='ocrx_word' id='word_1_341' title='bbox 657 2861 724 2883; x_wconf 91' lang='lat' dir='ltr'>non</span> <span class='ocrx_word' id='word_1_342' title='bbox 740 2846 822 2881; x_wconf 89' lang='lat' dir='ltr'>sunt.</span> <span class='ocrx_word' id='word_1_343' title='bbox 847 2849 932 2883; x_wconf 84' lang='lat' dir='ltr'>Nam</span> <span class='ocrx_word' id='word_1_344' title='bbox 944 2847 1050 2895; x_wconf 74' lang='lat' dir='ltr'>primo</span> 
     </span>
     <span class='ocr_line' id='line_1_68' title="bbox 298 2896 1050 2946; baseline -0.005 -12"><span class='ocrx_word' id='word_1_345' title='bbox 298 2902 333 2934; x_wconf 90' lang='lat' dir='ltr'>in</span> <span class='ocrx_word' id='word_1_346' title='bbox 352 2901 427 2934; x_wconf 91' lang='lat' dir='ltr'>vitis</span> <span class='ocrx_word' id='word_1_347' title='bbox 442 2899 576 2935; x_wconf 87' lang='lat' dir='ltr'>istorum</span> <span class='ocrx_word' id='word_1_348' title='bbox 596 2900 727 2946; x_wconf 81' lang='lat' dir='ltr'>Regum</span> <span class='ocrx_word' id='word_1_349' title='bbox 747 2897 829 2931; x_wconf 81' lang='lat' dir='ltr'>nibil</span> <span class='ocrx_word' id='word_1_350' title='bbox 846 2898 963 2945; x_wconf 82' lang='lat' dir='ltr'>legitur</span> <span class='ocrx_word' id='word_1_351' title='bbox 975 2896 1050 2930; x_wconf 90' lang='lat' dir='ltr'>huic</span> 
     </span>
     <span class='ocr_line' id='line_1_69' title="bbox 299 2945 1049 2984; baseline -0.003 -2"><span class='ocrx_word' id='word_1_352' title='bbox 299 2949 437 2984; x_wconf 78' lang='lat' dir='ltr'>historiae</span> <span class='ocrx_word' id='word_1_353' title='bbox 450 2949 555 2984; x_wconf 85' lang='lat' dir='ltr'>affine.</span> <span class='ocrx_word' id='word_1_354' title='bbox 583 2945 755 2983; x_wconf 77' lang='lat' dir='ltr'>Secundo,</span> <span class='ocrx_word' id='word_1_355' title='bbox 776 2948 945 2982; x_wconf 84' lang='lat' dir='ltr'>Canonica</span> <span class='ocrx_word' id='word_1_356' title='bbox 967 2948 1049 2980; x_wconf 90' lang='lat' dir='ltr'>Scri-</span> 
     </span>
     <span class='ocr_line' id='line_1_70' title="bbox 299 2996 1049 3046; baseline -0.001 -16"><span class='ocrx_word' id='word_1_357' title='bbox 299 3008 393 3042; x_wconf 86' lang='lat' dir='ltr'>ptura</span> <span class='ocrx_word' id='word_1_358' title='bbox 405 2999 498 3044; x_wconf 75' lang='lat' dir='ltr'>Esdrae</span> <span class='ocrx_word' id='word_1_359' title='bbox 507 3003 541 3033; x_wconf 88' lang='lat'>&amp;</span> <span class='ocrx_word' id='word_1_360' title='bbox 555 2996 735 3032; x_wconf 73' lang='lat' dir='ltr'>Artaxerxis</span> <span class='ocrx_word' id='word_1_361' title='bbox 748 2996 925 3046; x_wconf 73' lang='lat' dir='ltr'>Longinmni</span> <span class='ocrx_word' id='word_1_362' title='bbox 937 2996 1049 3030; x_wconf 86' lang='lat' dir='ltr'>dicbus</span> 
     </span>
     <span class='ocr_line' id='line_1_71' title="bbox 301 3045 1048 3094; baseline 0.001 -16"><span class='ocrx_word' id='word_1_363' title='bbox 301 3045 404 3079; x_wconf 74' lang='lat' dir='ltr'>clausa</span> <span class='ocrx_word' id='word_1_364' title='bbox 420 3048 483 3084; x_wconf 83' lang='lat' dir='ltr'>est,</span> <span class='ocrx_word' id='word_1_365' title='bbox 501 3046 679 3082; x_wconf 87' lang='lat' dir='ltr'>secundum</span> <span class='ocrx_word' id='word_1_366' title='bbox 700 3045 851 3094; x_wconf 72' lang='lat' dir='ltr'>Iofi‘phi&amp;</span> <span class='ocrx_word' id='word_1_367' title='bbox 864 3047 1048 3093; x_wconf 84' lang='lat' dir='ltr'>plerorum-</span> 
     </span>
     <span class='ocr_line' id='line_1_72' title="bbox 300 3094 1044 3138; baseline 0.001 -12"><span class='ocrx_word' id='word_1_368' title='bbox 300 3105 364 3138; x_wconf 89' lang='lat' dir='ltr'>que</span> <span class='ocrx_word' id='word_1_369' title='bbox 397 3094 570 3130; x_wconf 58' lang='lat' dir='ltr'>doctorum</span> <span class='ocrx_word' id='word_1_370' title='bbox 606 3108 749 3132; x_wconf 83' lang='lat' dir='ltr'>mentem</span> <span class='ocrx_word' id='word_1_371' title='bbox 769 3120 778 3132; x_wconf 89' lang='lat'>‚</span> <span class='ocrx_word' id='word_1_372' title='bbox 809 3097 852 3130; x_wconf 86' lang='lat' dir='ltr'>ita</span> <span class='ocrx_word' id='word_1_373' title='bbox 871 3106 905 3129; x_wconf 88' lang='lat' dir='ltr'>ut</span> <span class='ocrx_word' id='word_1_374' title='bbox 924 3095 1044 3129; x_wconf 89' lang='lat' dir='ltr'>librum</span> 
     </span>
     <span class='ocr_line' id='line_1_73' title="bbox 300 3138 1045 3191; baseline 0.005 -18"><span class='ocrx_word' id='word_1_375' title='bbox 300 3138 425 3185; x_wconf 73' lang='lat' dir='ltr'>Estherae</span> <span class='ocrx_word' id='word_1_376' title='bbox 444 3154 482 3176; x_wconf 86' lang='lat' dir='ltr'>ea</span> <span class='ocrx_word' id='word_1_377' title='bbox 500 3156 646 3191; x_wconf 80' lang='lat' dir='ltr'>tempora</span> <span class='ocrx_word' id='word_1_378' title='bbox 667 3145 852 3180; x_wconf 84' lang='lat' dir='ltr'>antecedere</span> <span class='ocrx_word' id='word_1_379' title='bbox 879 3154 1045 3190; x_wconf 85' lang='lat' dir='ltr'>oporteat.</span> 
     </span>
     <span class='ocr_line' id='line_1_74' title="bbox 299 3189 1046 3239; baseline 0.003 -13"><span class='ocrx_word' id='word_1_380' title='bbox 299 3189 427 3226; x_wconf 86' lang='lat' dir='ltr'>Deinde</span> <span class='ocrx_word' id='word_1_381' title='bbox 447 3193 579 3237; x_wconf 68' lang='lat' dir='ltr'>rcjeffio</span> <span class='ocrx_word' id='word_1_382' title='bbox 598 3196 714 3239; x_wconf 66' lang='lat' dir='ltr'>Affiren&#39;</span> <span class='ocrx_word' id='word_1_383' title='bbox 731 3197 765 3230; x_wconf 86' lang='lat' dir='ltr'>in</span> <span class='ocrx_word' id='word_1_384' title='bbox 782 3206 849 3229; x_wconf 88' lang='lat' dir='ltr'>tam</span> <span class='ocrx_word' id='word_1_385' title='bbox 868 3193 931 3229; x_wconf 86' lang='lat' dir='ltr'>sera</span> <span class='ocrx_word' id='word_1_386' title='bbox 944 3193 1046 3231; x_wconf 85' lang='lat' dir='ltr'>secula</span> 
     </span>
    </p>
   </div>
   <div class='ocr_carea' id='block_1_10' title="bbox 1073 1144 1090 3010">
    <p class='ocr_par' dir='ltr' id='par_1_16' title="bbox 1073 1144 1090 3010">
     <span class='ocr_line' id='line_1_75' title="bbox 1073 1144 1090 3010; baseline 0 0"><span class='ocrx_word' id='word_1_387' title='bbox 1073 1144 1090 3010; x_wconf 95' lang='lat' dir='ltr'> </span> 
     </span>
    </p>
   </div>
   <div class='ocr_carea' id='block_1_11' title="bbox 1104 126 1514 155">
    <p class='ocr_par' dir='ltr' id='par_1_17' title="bbox 1104 126 1514 155">
     <span class='ocr_line' id='line_1_76' title="bbox 1104 126 1514 155; baseline 0.005 -2"><span class='ocrx_word' id='word_1_388' title='bbox 1104 126 1514 155; x_wconf 70' lang='lat' dir='ltr'>ISTOR⁴1CI</span> 
     </span>
    </p>
   </div>
   <div class='ocr_carea' id='block_1_12' title="bbox 1111 187 1873 925">
    <p class='ocr_par' dir='ltr' id='par_1_18' title="bbox 1111 187 1873 864">
     <span class='ocr_line' id='line_1_77' title="bbox 1118 187 1866 236; baseline -0.003 -11"><span class='ocrx_word' id='word_1_389' title='bbox 1118 188 1336 226; x_wconf 71' lang='lat' dir='ltr'>Mardochaeum</span> <span class='ocrx_word' id='word_1_390' title='bbox 1354 187 1484 236; x_wconf 81' lang='lat' dir='ltr'>ejusque</span> <span class='ocrx_word' id='word_1_391' title='bbox 1501 192 1639 234; x_wconf 76' lang='lat' dir='ltr'>majores</span> <span class='ocrx_word' id='word_1_392' title='bbox 1657 189 1694 224; x_wconf 88' lang='lat' dir='ltr'>ad</span> <span class='ocrx_word' id='word_1_393' title='bbox 1706 200 1812 225; x_wconf 85' lang='lat' dir='ltr'>aetates</span> <span class='ocrx_word' id='word_1_394' title='bbox 1828 188 1866 223; x_wconf 70' lang='lat' dir='ltr'>iia</span> 
     </span>
     <span class='ocr_line' id='line_1_78' title="bbox 1116 238 1868 286; baseline -0.005 -12"><span class='ocrx_word' id='word_1_395' title='bbox 1116 241 1223 275; x_wconf 86' lang='lat' dir='ltr'>seculis</span> <span class='ocrx_word' id='word_1_396' title='bbox 1243 240 1405 275; x_wconf 79' lang='lat' dir='ltr'>inusitatas</span> <span class='ocrx_word' id='word_1_397' title='bbox 1420 238 1582 286; x_wconf 84' lang='lat' dir='ltr'>provehit·</span> <span class='ocrx_word' id='word_1_398' title='bbox 1605 240 1689 273; x_wconf 88' lang='lat' dir='ltr'>Nam</span> <span class='ocrx_word' id='word_1_399' title='bbox 1704 239 1758 274; x_wconf 82' lang='lat' dir='ltr'>etsi</span> <span class='ocrx_word' id='word_1_400' title='bbox 1768 239 1868 285; x_wconf 79' lang='lat' dir='ltr'>largi-</span> 
     </span>
     <span class='ocr_line' id='line_1_79' title="bbox 1116 286 1868 336; baseline -0.005 -12"><span class='ocrx_word' id='word_1_401' title='bbox 1116 303 1225 324; x_wconf 87' lang='lat' dir='ltr'>remur</span> <span class='ocrx_word' id='word_1_402' title='bbox 1236 303 1305 324; x_wconf 88' lang='lat' dir='ltr'>non</span> <span class='ocrx_word' id='word_1_403' title='bbox 1317 289 1419 336; x_wconf 88' lang='lat' dir='ltr'>ipsum</span> <span class='ocrx_word' id='word_1_404' title='bbox 1432 286 1648 322; x_wconf 73' lang='lat' dir='ltr'>Mardochaeum</span> <span class='ocrx_word' id='word_1_405' title='bbox 1659 287 1707 322; x_wconf 88' lang='lat' dir='ltr'>sed</span> <span class='ocrx_word' id='word_1_406' title='bbox 1716 292 1783 332; x_wconf 86' lang='lat' dir='ltr'>ejus</span> <span class='ocrx_word' id='word_1_407' title='bbox 1792 299 1868 334; x_wconf 82' lang='lat' dir='ltr'>pro-</span> 
     </span>
     <span class='ocr_line' id='line_1_80' title="bbox 1116 335 1868 383; baseline -0.007 -9"><span class='ocrx_word' id='word_1_408' title='bbox 1116 352 1212 374; x_wconf 84' lang='lat' dir='ltr'>avum</span> <span class='ocrx_word' id='word_1_409' title='bbox 1234 342 1285 374; x_wconf 73' lang='lat' dir='ltr'>Cis</span> <span class='ocrx_word' id='word_1_410' title='bbox 1307 339 1485 373; x_wconf 43' lang='lat' dir='ltr'>abductum</span> <span class='ocrx_word' id='word_1_411' title='bbox 1505 350 1579 371; x_wconf 87' lang='lat' dir='ltr'>cum</span> <span class='ocrx_word' id='word_1_412' title='bbox 1595 335 1707 371; x_wconf 64' lang='lat' dir='ltr'>laonii</span> <span class='ocrx_word' id='word_1_413' title='bbox 1725 337 1868 383; x_wconf 84' lang='lat' dir='ltr'>Babylo-</span> 
     </span>
     <span class='ocr_line' id='line_1_81' title="bbox 1117 385 1869 434; baseline -0.005 -12"><span class='ocrx_word' id='word_1_414' title='bbox 1117 401 1214 422; x_wconf 88' lang='lat' dir='ltr'>nem:</span> <span class='ocrx_word' id='word_1_415' title='bbox 1241 399 1351 422; x_wconf 88' lang='lat' dir='ltr'>tamen</span> <span class='ocrx_word' id='word_1_416' title='bbox 1363 387 1480 422; x_wconf 83' lang='lat' dir='ltr'>fatetur</span> <span class='ocrx_word' id='word_1_417' title='bbox 1492 385 1621 434; x_wconf 65' lang='lat' dir='ltr'>Capellua</span> <span class='ocrx_word' id='word_1_418' title='bbox 1630 399 1701 434; x_wconf 86' lang='lat' dir='ltr'>pag.</span> <span class='ocrx_word' id='word_1_419' title='bbox 1718 387 1798 432; x_wconf 85' lang='lat'><em>368.</em></span> <span class='ocrx_word' id='word_1_420' title='bbox 1809 398 1869 419; x_wconf 82' lang='lat' dir='ltr'>ne-</span> 
     </span>
     <span class='ocr_line' id='line_1_82' title="bbox 1118 434 1870 474; baseline -0.004 -4"><span class='ocrx_word' id='word_1_421' title='bbox 1118 434 1282 471; x_wconf 73' lang='lat' dir='ltr'>cessarium</span> <span class='ocrx_word' id='word_1_422' title='bbox 1297 447 1333 471; x_wconf 87' lang='lat' dir='ltr'>ut</span> <span class='ocrx_word' id='word_1_423' title='bbox 1348 438 1400 472; x_wconf 82' lang='lat' dir='ltr'>Cis</span> <span class='ocrx_word' id='word_1_424' title='bbox 1417 437 1574 471; x_wconf 61' lang='lat' dir='ltr'>abductus</span> <span class='ocrx_word' id='word_1_425' title='bbox 1587 437 1624 471; x_wconf 79' lang='lat' dir='ltr'>sit</span> <span class='ocrx_word' id='word_1_426' title='bbox 1645 436 1808 474; x_wconf 78' lang='lat' dir='ltr'>bimulus,</span> <span class='ocrx_word' id='word_1_427' title='bbox 1835 438 1870 467; x_wconf 83' lang='lat'>&amp;</span> 
     </span>
     <span class='ocr_line' id='line_1_83' title="bbox 1119 483 1873 534; baseline -0.003 -15"><span class='ocrx_word' id='word_1_428' title='bbox 1119 485 1224 520; x_wconf 85' lang='lat' dir='ltr'>filium</span> <span class='ocrx_word' id='word_1_429' title='bbox 1234 487 1330 520; x_wconf 73' lang='lat' dir='ltr'>semei</span> <span class='ocrx_word' id='word_1_430' title='bbox 1339 488 1487 534; x_wconf 82' lang='lat' dir='ltr'>genuerit</span> <span class='ocrx_word' id='word_1_431' title='bbox 1503 499 1569 520; x_wconf 85' lang='lat' dir='ltr'>non</span> <span class='ocrx_word' id='word_1_432' title='bbox 1588 496 1661 520; x_wconf 80' lang='lat' dir='ltr'>ante</span> <span class='ocrx_word' id='word_1_433' title='bbox 1672 483 1760 519; x_wconf 92' lang='lat' dir='ltr'>suum</span> <span class='ocrx_word' id='word_1_434' title='bbox 1773 484 1873 519; x_wconf 66' lang='lat' dir='ltr'>oero-</span> 
     </span>
     <span class='ocr_line' id='line_1_84' title="bbox 1117 534 1873 582; baseline -0.007 -12"><span class='ocrx_word' id='word_1_435' title='bbox 1117 534 1276 581; x_wconf 84' lang='lat' dir='ltr'>gefimum</span> <span class='ocrx_word' id='word_1_436' title='bbox 1289 560 1298 576; x_wconf 87' lang='lat'><strong>,</strong></span> <span class='ocrx_word' id='word_1_437' title='bbox 1320 539 1354 570; x_wconf 69' lang='grc' dir='ltr'>δε</span> <span class='ocrx_word' id='word_1_438' title='bbox 1371 536 1469 570; x_wconf 68' lang='lat' dir='ltr'>Semel</span> <span class='ocrx_word' id='word_1_439' title='bbox 1487 548 1620 582; x_wconf 85' lang='lat' dir='ltr'>quoque</span> <span class='ocrx_word' id='word_1_440' title='bbox 1638 534 1787 581; x_wconf 86' lang='lat' dir='ltr'>genuerit</span> <span class='ocrx_word' id='word_1_441' title='bbox 1808 536 1873 567; x_wconf 79' lang='lat' dir='ltr'>laer</span> 
     </span>
     <span class='ocr_line' id='line_1_85' title="bbox 1119 584 1872 633; baseline -0.001 -15"><span class='ocrx_word' id='word_1_442' title='bbox 1119 598 1185 619; x_wconf 88' lang='lat' dir='ltr'>non</span> <span class='ocrx_word' id='word_1_443' title='bbox 1200 597 1273 620; x_wconf 88' lang='lat' dir='ltr'>ante</span> <span class='ocrx_word' id='word_1_444' title='bbox 1284 586 1521 633; x_wconf 57' lang='lat' dir='ltr'>offlogefimum</span> <span class='ocrx_word' id='word_1_445' title='bbox 1536 611 1546 625; x_wconf 86' lang='grc'>,</span> <span class='ocrx_word' id='word_1_446' title='bbox 1564 588 1594 618; x_wconf 69' lang='grc' dir='ltr'>ὃ(</span> <span class='ocrx_word' id='word_1_447' title='bbox 1607 587 1671 616; x_wconf 72' lang='lat' dir='ltr'>laer</span> <span class='ocrx_word' id='word_1_448' title='bbox 1681 595 1748 616; x_wconf 92' lang='lat' dir='ltr'>non</span> <span class='ocrx_word' id='word_1_449' title='bbox 1762 584 1872 617; x_wconf 85' lang='lat' dir='ltr'>minor</span> 
     </span>
     <span class='ocr_line' id='line_1_86' title="bbox 1117 631 1872 682; baseline -0.007 -14"><span class='ocrx_word' id='word_1_450' title='bbox 1117 635 1328 682; x_wconf 59' lang='lat' dir='ltr'>offlogenario</span> <span class='ocrx_word' id='word_1_451' title='bbox 1340 635 1438 669; x_wconf 88' lang='lat' dir='ltr'>fuerit</span> <span class='ocrx_word' id='word_1_452' title='bbox 1449 646 1522 668; x_wconf 90' lang='lat' dir='ltr'>cum</span> <span class='ocrx_word' id='word_1_453' title='bbox 1535 632 1719 667; x_wconf 87' lang='lat' dir='ltr'>nasceretur</span> <span class='ocrx_word' id='word_1_454' title='bbox 1737 631 1872 666; x_wconf 76' lang='lat' dir='ltr'>Mardo.</span> 
     </span>
     <span class='ocr_line' id='line_1_87' title="bbox 1113 680 1870 730; baseline -0.004 -13"><span class='ocrx_word' id='word_1_455' title='bbox 1113 680 1225 725; x_wconf 69' lang='lat' dir='ltr'>dmm,</span> <span class='ocrx_word' id='word_1_456' title='bbox 1244 681 1411 720; x_wconf 57' lang='lat' dir='ltr'>Mhichael</span> <span class='ocrx_word' id='word_1_457' title='bbox 1436 685 1534 718; x_wconf 86' lang='lat' dir='ltr'>etiam</span> <span class='ocrx_word' id='word_1_458' title='bbox 1557 682 1785 730; x_wconf 64' lang='lat' dir='ltr'>0&amp;ogcnarius</span> <span class='ocrx_word' id='word_1_459' title='bbox 1810 693 1870 728; x_wconf 83' lang='lat' dir='ltr'>ge-</span> 
     </span>
     <span class='ocr_line' id='line_1_88' title="bbox 1113 729 1869 778; baseline -0.007 -10"><span class='ocrx_word' id='word_1_460' title='bbox 1113 735 1221 768; x_wconf 82' lang='lat' dir='ltr'>nuerit</span> <span class='ocrx_word' id='word_1_461' title='bbox 1253 731 1418 768; x_wconf 69' lang='lat' dir='ltr'>Eflherem.</span> <span class='ocrx_word' id='word_1_462' title='bbox 1454 733 1514 767; x_wconf 85' lang='lat' dir='ltr'>1sta</span> <span class='ocrx_word' id='word_1_463' title='bbox 1538 734 1650 766; x_wconf 84' lang='lat' dir='ltr'>omnia</span> <span class='ocrx_word' id='word_1_464' title='bbox 1685 729 1869 778; x_wconf 85' lang='lat' dir='ltr'>supponere</span> 
     </span>
     <span class='ocr_line' id='line_1_89' title="bbox 1111 779 1869 830; baseline -0.005 -13"><span class='ocrx_word' id='word_1_465' title='bbox 1111 785 1209 828; x_wconf 86' lang='lat' dir='ltr'>gratis</span> <span class='ocrx_word' id='word_1_466' title='bbox 1221 783 1284 818; x_wconf 85' lang='lat' dir='ltr'>fine</span> <span class='ocrx_word' id='word_1_467' title='bbox 1296 782 1359 817; x_wconf 61' lang='lat' dir='ltr'>ulla</span> <span class='ocrx_word' id='word_1_468' title='bbox 1375 783 1564 818; x_wconf 60' lang='lat' dir='ltr'>auctoritate</span> <span class='ocrx_word' id='word_1_469' title='bbox 1583 792 1737 830; x_wconf 84' lang='lat' dir='ltr'>perquam</span> <span class='ocrx_word' id='word_1_470' title='bbox 1749 779 1795 814; x_wconf 91' lang='lat' dir='ltr'>cst</span> <span class='ocrx_word' id='word_1_471' title='bbox 1808 779 1869 813; x_wconf 91' lang='lat' dir='ltr'>du-</span> 
     </span>
     <span class='ocr_line' id='line_1_90' title="bbox 1111 843 1197 864; baseline 0 0"><span class='ocrx_word' id='word_1_472' title='bbox 1111 843 1197 864; x_wconf 89' lang='lat' dir='ltr'>rum.</span> 
     </span>
    </p>

    <p class='ocr_par' dir='ltr' id='par_1_19' title="bbox 1158 877 1862 925">
     <span class='ocr_line' id='line_1_91' title="bbox 1158 877 1862 925; baseline -0.003 -12"><span class='ocrx_word' id='word_1_473' title='bbox 1158 881 1241 914; x_wconf 89' lang='lat' dir='ltr'>Tres</span> <span class='ocrx_word' id='word_1_474' title='bbox 1261 878 1381 912; x_wconf 84' lang='lat' dir='ltr'>medias</span> <span class='ocrx_word' id='word_1_475' title='bbox 1413 878 1585 913; x_wconf 87' lang='lat' dir='ltr'>sententias</span> <span class='ocrx_word' id='word_1_476' title='bbox 1609 877 1718 925; x_wconf 87' lang='lat' dir='ltr'>plures</span> <span class='ocrx_word' id='word_1_477' title='bbox 1739 879 1862 925; x_wconf 86' lang='lat' dir='ltr'>ample-</span> 
     </span>
    </p>
   </div>
   <div class='ocr_carea' id='block_1_13' title="bbox 1111 927 2000 974">
    <p class='ocr_par' dir='ltr' id='par_1_20' title="bbox 1111 927 2000 974">
     <span class='ocr_line' id='line_1_92' title="bbox 1111 927 2000 974; baseline -0.007 -11"><span class='ocrx_word' id='word_1_478' title='bbox 1111 929 1255 963; x_wconf 67' lang='lat' dir='ltr'>&amp;untun</span> <span class='ocrx_word' id='word_1_479' title='bbox 1290 931 1353 962; x_wconf 89' lang='lat' dir='ltr'>Pro</span> <span class='ocrx_word' id='word_1_480' title='bbox 1367 930 1559 962; x_wconf 76' lang='lat' dir='ltr'>eArtaxerxe</span> <span class='ocrx_word' id='word_1_481' title='bbox 1580 928 1760 974; x_wconf 82' lang='lat' dir='ltr'>Longimano</span> <span class='ocrx_word' id='word_1_482' title='bbox 1778 927 1861 962; x_wconf 84' lang='lat' dir='ltr'>stant</span> <span class='ocrx_word' id='word_1_483' title='bbox 1875 929 2000 967; x_wconf 73' lang='lat' dir='ltr'>gimanm,</span> 
     </span>
    </p>
   </div>
   <div class='ocr_carea' id='block_1_14' title="bbox 1093 975 1866 3190">
    <p class='ocr_par' dir='ltr' id='par_1_21' title="bbox 1096 975 1866 2948">
     <span class='ocr_line' id='line_1_93' title="bbox 1111 975 1860 1026; baseline -0.004 -14"><span class='ocrx_word' id='word_1_484' title='bbox 1111 976 1407 1026; x_wconf 62' lang='lat' dir='ltr'>losephmffletavius,</span> <span class='ocrx_word' id='word_1_485' title='bbox 1418 976 1561 1013; x_wconf 71' lang='lat' dir='ltr'>Saliam,</span> <span class='ocrx_word' id='word_1_486' title='bbox 1572 977 1717 1010; x_wconf 74' lang='lat' dir='ltr'>chricm</span> <span class='ocrx_word' id='word_1_487' title='bbox 1726 975 1860 1024; x_wconf 72' lang='lat' dir='ltr'>Philippi,</span> 
     </span>
     <span class='ocr_line' id='line_1_94' title="bbox 1111 1023 1862 1072; baseline -0.004 -9"><span class='ocrx_word' id='word_1_488' title='bbox 1111 1028 1300 1063; x_wconf 78' lang='lat' dir='ltr'>Bellarminm</span> <span class='ocrx_word' id='word_1_489' title='bbox 1310 1052 1319 1065; x_wconf 84' lang='lat'>,</span> <span class='ocrx_word' id='word_1_490' title='bbox 1330 1030 1360 1060; x_wconf 69' lang='grc' dir='ltr'>δι</span> <span class='ocrx_word' id='word_1_491' title='bbox 1371 1027 1433 1061; x_wconf 88' lang='lat' dir='ltr'>alii.</span> <span class='ocrx_word' id='word_1_492' title='bbox 1461 1027 1616 1060; x_wconf 83' lang='lat' dir='ltr'>Rationes</span> <span class='ocrx_word' id='word_1_493' title='bbox 1627 1025 1667 1059; x_wconf 86' lang='lat' dir='ltr'>ab</span> <span class='ocrx_word' id='word_1_494' title='bbox 1678 1023 1754 1072; x_wconf 78' lang='lat' dir='ltr'>ipsis</span> <span class='ocrx_word' id='word_1_495' title='bbox 1764 1027 1862 1060; x_wconf 82' lang='lat' dir='ltr'>allatae</span> 
     </span>
     <span class='ocr_line' id='line_1_95' title="bbox 1111 1073 1862 1118; baseline -0.003 -7"><span class='ocrx_word' id='word_1_496' title='bbox 1111 1076 1246 1113; x_wconf 77' lang='lat' dir='ltr'>infirmae</span> <span class='ocrx_word' id='word_1_497' title='bbox 1268 1074 1348 1110; x_wconf 65' lang='lat' dir='ltr'>adeo</span> <span class='ocrx_word' id='word_1_498' title='bbox 1358 1075 1456 1110; x_wconf 89' lang='lat' dir='ltr'>nobis</span> <span class='ocrx_word' id='word_1_499' title='bbox 1482 1075 1650 1118; x_wconf 88' lang='lat' dir='ltr'>videntur,</span> <span class='ocrx_word' id='word_1_500' title='bbox 1670 1085 1706 1109; x_wconf 87' lang='lat' dir='ltr'>ut</span> <span class='ocrx_word' id='word_1_501' title='bbox 1728 1076 1766 1108; x_wconf 84' lang='lat' dir='ltr'>iis</span> <span class='ocrx_word' id='word_1_502' title='bbox 1777 1073 1862 1109; x_wconf 81' lang='lat' dir='ltr'>refu-</span> 
     </span>
     <span class='ocr_line' id='line_1_96' title="bbox 1111 1125 1864 1165; baseline -0.004 -4"><span class='ocrx_word' id='word_1_503' title='bbox 1111 1128 1216 1162; x_wconf 85' lang='lat' dir='ltr'>tandis</span> <span class='ocrx_word' id='word_1_504' title='bbox 1232 1126 1475 1161; x_wconf 83' lang='lat' dir='ltr'>immorandum</span> <span class='ocrx_word' id='word_1_505' title='bbox 1487 1137 1556 1159; x_wconf 91' lang='lat' dir='ltr'>non</span> <span class='ocrx_word' id='word_1_506' title='bbox 1570 1125 1769 1165; x_wconf 82' lang='lat' dir='ltr'>censeamuS,</span> <span class='ocrx_word' id='word_1_507' title='bbox 1779 1136 1864 1158; x_wconf 88' lang='lat' dir='ltr'>con-</span> 
     </span>
     <span class='ocr_line' id='line_1_97' title="bbox 1110 1175 1862 1223; baseline -0.005 -12"><span class='ocrx_word' id='word_1_508' title='bbox 1110 1175 1157 1211; x_wconf 67' lang='lat' dir='ltr'>tra</span> <span class='ocrx_word' id='word_1_509' title='bbox 1175 1177 1239 1211; x_wconf 88' lang='lat' dir='ltr'>hoc</span> <span class='ocrx_word' id='word_1_510' title='bbox 1260 1189 1362 1210; x_wconf 88' lang='lat' dir='ltr'>unum</span> <span class='ocrx_word' id='word_1_511' title='bbox 1383 1186 1611 1223; x_wconf 84' lang='lat' dir='ltr'>argumentum</span> <span class='ocrx_word' id='word_1_512' title='bbox 1634 1176 1862 1221; x_wconf 87' lang='lat' dir='ltr'>proponimus.</span> 
     </span>
     <span class='ocr_line' id='line_1_98' title="bbox 1111 1222 1862 1267; baseline -0.005 -7"><span class='ocrx_word' id='word_1_513' title='bbox 1111 1228 1142 1260; x_wconf 87' lang='lat' dir='ltr'>Si</span> <span class='ocrx_word' id='word_1_514' title='bbox 1177 1225 1378 1260; x_wconf 71' lang='lat' dir='ltr'>Mardochm</span> <span class='ocrx_word' id='word_1_515' title='bbox 1412 1238 1484 1258; x_wconf 87' lang='lat' dir='ltr'>cum</span> <span class='ocrx_word' id='word_1_516' title='bbox 1519 1224 1631 1257; x_wconf 64' lang='lat' dir='ltr'>Ieconid</span> <span class='ocrx_word' id='word_1_517' title='bbox 1658 1222 1862 1267; x_wconf 86' lang='lat' dir='ltr'>Babylonem</span> 
     </span>
     <span class='ocr_line' id='line_1_99' title="bbox 1111 1270 1863 1320; baseline -0.005 -10"><span class='ocrx_word' id='word_1_518' title='bbox 1111 1276 1276 1310; x_wconf 83' lang='lat' dir='ltr'>transsatus</span> <span class='ocrx_word' id='word_1_519' title='bbox 1293 1275 1355 1313; x_wconf 82' lang='lat' dir='ltr'>est,</span> <span class='ocrx_word' id='word_1_520' title='bbox 1371 1285 1442 1308; x_wconf 90' lang='lat' dir='ltr'>tum</span> <span class='ocrx_word' id='word_1_521' title='bbox 1458 1271 1577 1316; x_wconf 68' lang='lat' dir='ltr'>Esthera</span> <span class='ocrx_word' id='word_1_522' title='bbox 1589 1286 1658 1307; x_wconf 90' lang='lat' dir='ltr'>non</span> <span class='ocrx_word' id='word_1_523' title='bbox 1678 1273 1791 1320; x_wconf 86' lang='lat' dir='ltr'>potuit</span> <span class='ocrx_word' id='word_1_524' title='bbox 1801 1270 1863 1306; x_wconf 80' lang='lat' dir='ltr'>effe</span> 
     </span>
     <span class='ocr_line' id='line_1_100' title="bbox 1111 1319 1862 1370; baseline -0.005 -11"><span class='ocrx_word' id='word_1_525' title='bbox 1111 1334 1280 1359; x_wconf 73' lang='lat' dir='ltr'>Artaxerxzs</span> <span class='ocrx_word' id='word_1_526' title='bbox 1291 1336 1461 1360; x_wconf 84' lang='lat' dir='ltr'>uxor,nam</span> <span class='ocrx_word' id='word_1_527' title='bbox 1476 1321 1595 1370; x_wconf 67' lang='lat' dir='ltr'>Eftlrera</span> <span class='ocrx_word' id='word_1_528' title='bbox 1606 1319 1785 1356; x_wconf 71' lang='lat' dir='ltr'>Mardochaei</span> <span class='ocrx_word' id='word_1_529' title='bbox 1796 1320 1862 1355; x_wconf 85' lang='lat' dir='ltr'>fuit</span> 
     </span>
     <span class='ocr_line' id='line_1_101' title="bbox 1110 1371 1857 1421; baseline -0.005 -12"><span class='ocrx_word' id='word_1_530' title='bbox 1110 1376 1278 1421; x_wconf 74' lang='lat' dir='ltr'>patrueliS,</span> <span class='ocrx_word' id='word_1_531' title='bbox 1289 1373 1330 1408; x_wconf 73' lang='lat' dir='ltr'>eo</span> <span class='ocrx_word' id='word_1_532' title='bbox 1342 1384 1435 1408; x_wconf 84' lang='lat' dir='ltr'>aetate</span> <span class='ocrx_word' id='word_1_533' title='bbox 1451 1386 1518 1407; x_wconf 87' lang='lat' dir='ltr'>non</span> <span class='ocrx_word' id='word_1_534' title='bbox 1532 1373 1637 1407; x_wconf 83' lang='lat' dir='ltr'>multo</span> <span class='ocrx_word' id='word_1_535' title='bbox 1653 1373 1770 1407; x_wconf 87' lang='lat' dir='ltr'>minor.</span> <span class='ocrx_word' id='word_1_536' title='bbox 1792 1371 1857 1405; x_wconf 82' lang='lat' dir='ltr'>Sed</span> 
     </span>
     <span class='ocr_line' id='line_1_102' title="bbox 1108 1421 1863 1470; baseline -0.005 -12"><span class='ocrx_word' id='word_1_537' title='bbox 1108 1424 1220 1458; x_wconf 88' lang='lat' dir='ltr'>demus</span> <span class='ocrx_word' id='word_1_538' title='bbox 1232 1426 1322 1458; x_wconf 86' lang='lat' dir='ltr'>annis</span> <span class='ocrx_word' id='word_1_539' title='bbox 1335 1425 1414 1457; x_wconf 83' lang='lat' dir='ltr'>totis</span> <span class='ocrx_word' id='word_1_540' title='bbox 1431 1421 1599 1470; x_wconf 81' lang='lat' dir='ltr'>sexaginta</span> <span class='ocrx_word' id='word_1_541' title='bbox 1610 1423 1659 1456; x_wconf 89' lang='lat' dir='ltr'>vel</span> <span class='ocrx_word' id='word_1_542' title='bbox 1670 1423 1768 1455; x_wconf 84' lang='lat' dir='ltr'>etiam</span> <span class='ocrx_word' id='word_1_543' title='bbox 1784 1432 1863 1454; x_wconf 92' lang='lat' dir='ltr'>cen-</span> 
     </span>
     <span class='ocr_line' id='line_1_103' title="bbox 1105 1468 1862 1516; baseline -0.005 -9"><span class='ocrx_word' id='word_1_544' title='bbox 1105 1472 1176 1507; x_wconf 69' lang='lat' dir='ltr'>tum</span> <span class='ocrx_word' id='word_1_545' title='bbox 1190 1475 1352 1507; x_wconf 84' lang='lat' dir='ltr'>minorem</span> <span class='ocrx_word' id='word_1_546' title='bbox 1365 1468 1578 1508; x_wconf 81' lang='lat' dir='ltr'>fuisse,tamen</span> <span class='ocrx_word' id='word_1_547' title='bbox 1589 1472 1710 1513; x_wconf 73' lang='lat' dir='ltr'>Affiieri</span> <span class='ocrx_word' id='word_1_548' title='bbox 1719 1470 1862 1516; x_wconf 86' lang='lat' dir='ltr'>septimo</span> 
     </span>
     <span class='ocr_line' id='line_1_104' title="bbox 1107 1520 1862 1569; baseline -0.007 -13"><span class='ocrx_word' id='word_1_549' title='bbox 1107 1524 1254 1569; x_wconf 88' lang='lat' dir='ltr'>oportuit</span> <span class='ocrx_word' id='word_1_550' title='bbox 1266 1521 1355 1556; x_wconf 82' lang='lat' dir='ltr'>fuiffe</span> <span class='ocrx_word' id='word_1_551' title='bbox 1367 1533 1434 1555; x_wconf 88' lang='lat' dir='ltr'>nou</span> <span class='ocrx_word' id='word_1_552' title='bbox 1443 1520 1571 1555; x_wconf 83' lang='lat' dir='ltr'>florenti</span> <span class='ocrx_word' id='word_1_553' title='bbox 1584 1530 1675 1554; x_wconf 82' lang='lat' dir='ltr'>aetate</span> <span class='ocrx_word' id='word_1_554' title='bbox 1686 1520 1862 1566; x_wconf 83' lang='lat' dir='ltr'>virginem,</span> 
     </span>
     <span class='ocr_line' id='line_1_105' title="bbox 1105 1565 1866 1616; baseline -0.004 -11"><span class='ocrx_word' id='word_1_555' title='bbox 1105 1571 1154 1606; x_wconf 91' lang='lat' dir='ltr'>sed</span> <span class='ocrx_word' id='word_1_556' title='bbox 1165 1573 1305 1606; x_wconf 86' lang='lat' dir='ltr'>vetulam</span> <span class='ocrx_word' id='word_1_557' title='bbox 1317 1570 1461 1605; x_wconf 83' lang='lat' dir='ltr'>effoetam</span> <span class='ocrx_word' id='word_1_558' title='bbox 1475 1569 1561 1616; x_wconf 85' lang='lat' dir='ltr'>supra</span> <span class='ocrx_word' id='word_1_559' title='bbox 1575 1570 1791 1603; x_wconf 82' lang='lat' dir='ltr'>centenariam</span> <span class='ocrx_word' id='word_1_560' title='bbox 1805 1565 1866 1602; x_wconf 88' lang='lat' dir='ltr'>sal-</span> 
     </span>
     <span class='ocr_line' id='line_1_106' title="bbox 1105 1617 1865 1669; baseline -0.008 -14"><span class='ocrx_word' id='word_1_561' title='bbox 1105 1632 1172 1656; x_wconf 93' lang='lat' dir='ltr'>tem</span> <span class='ocrx_word' id='word_1_562' title='bbox 1190 1620 1448 1669; x_wconf 79' lang='lat' dir='ltr'>sexagenariam3</span> <span class='ocrx_word' id='word_1_563' title='bbox 1474 1631 1548 1653; x_wconf 88' lang='lat' dir='ltr'>nam</span> <span class='ocrx_word' id='word_1_564' title='bbox 1569 1630 1639 1652; x_wconf 88' lang='lat' dir='ltr'>tum</span> <span class='ocrx_word' id='word_1_565' title='bbox 1652 1617 1813 1664; x_wconf 87' lang='lat' dir='ltr'>temporis</span> <span class='ocrx_word' id='word_1_566' title='bbox 1826 1629 1865 1650; x_wconf 93' lang='lat' dir='ltr'>o-</span> 
     </span>
     <span class='ocr_line' id='line_1_107' title="bbox 1106 1664 1863 1717; baseline -0.007 -13"><span class='ocrx_word' id='word_1_567' title='bbox 1106 1672 1230 1717; x_wconf 89' lang='lat' dir='ltr'>portuit</span> <span class='ocrx_word' id='word_1_568' title='bbox 1254 1667 1477 1705; x_wconf 71' lang='lat' dir='ltr'>Mam&#39;ochaeum</span> <span class='ocrx_word' id='word_1_569' title='bbox 1496 1681 1598 1702; x_wconf 75' lang='lat' dir='ltr'>annos</span> <span class='ocrx_word' id='word_1_570' title='bbox 1617 1676 1751 1702; x_wconf 87' lang='lat' dir='ltr'>centum</span> <span class='ocrx_word' id='word_1_571' title='bbox 1770 1664 1863 1700; x_wconf 85' lang='lat' dir='ltr'>sexa-</span> 
     </span>
     <span class='ocr_line' id='line_1_108' title="bbox 1105 1715 1864 1768; baseline -0.005 -14"><span class='ocrx_word' id='word_1_572' title='bbox 1105 1721 1197 1768; x_wconf 83' lang='lat' dir='ltr'>ginta</span> <span class='ocrx_word' id='word_1_573' title='bbox 1215 1717 1384 1766; x_wconf 71' lang='lat' dir='ltr'>superfiffe,</span> <span class='ocrx_word' id='word_1_574' title='bbox 1409 1717 1484 1752; x_wconf 74' lang='lat' dir='ltr'>cum</span> <span class='ocrx_word' id='word_1_575' title='bbox 1498 1717 1514 1751; x_wconf 76' lang='lat' dir='ltr'>a</span> <span class='ocrx_word' id='word_1_576' title='bbox 1526 1717 1734 1751; x_wconf 88' lang='lat' dir='ltr'>transsatione</span> <span class='ocrx_word' id='word_1_577' title='bbox 1745 1715 1864 1750; x_wconf 74' lang='lat' dir='ltr'>Jeconiae</span> 
     </span>
     <span class='ocr_line' id='line_1_109' title="bbox 1106 1766 1863 1815; baseline -0.005 -11"><span class='ocrx_word' id='word_1_578' title='bbox 1106 1770 1144 1804; x_wconf 89' lang='lat' dir='ltr'>ad</span> <span class='ocrx_word' id='word_1_579' title='bbox 1165 1772 1373 1804; x_wconf 73' lang='lat' dir='ltr'>Artaxerxem</span> <span class='ocrx_word' id='word_1_580' title='bbox 1401 1770 1507 1815; x_wconf 90' lang='lat' dir='ltr'>plures</span> <span class='ocrx_word' id='word_1_581' title='bbox 1524 1769 1599 1801; x_wconf 88' lang='lat' dir='ltr'>anni</span> <span class='ocrx_word' id='word_1_582' title='bbox 1617 1766 1738 1801; x_wconf 90' lang='lat' dir='ltr'>fuerint</span> <span class='ocrx_word' id='word_1_583' title='bbox 1757 1779 1765 1799; x_wconf 92' lang='lat'>:</span> <span class='ocrx_word' id='word_1_584' title='bbox 1795 1768 1863 1809; x_wconf 84' lang='lat' dir='ltr'>jam</span> 
     </span>
     <span class='ocr_line' id='line_1_110' title="bbox 1105 1813 1863 1867; baseline -0.008 -14"><span class='ocrx_word' id='word_1_585' title='bbox 1105 1817 1181 1853; x_wconf 72' lang='lat' dir='ltr'>vero</span> <span class='ocrx_word' id='word_1_586' title='bbox 1201 1818 1290 1867; x_wconf 78' lang='lat' dir='ltr'>quod</span> <span class='ocrx_word' id='word_1_587' title='bbox 1303 1816 1509 1854; x_wconf 67' lang='lat' dir='ltr'>Mardochaeus</span> <span class='ocrx_word' id='word_1_588' title='bbox 1521 1830 1595 1851; x_wconf 89' lang='lat' dir='ltr'>cum</span> <span class='ocrx_word' id='word_1_589' title='bbox 1608 1814 1722 1850; x_wconf 68' lang='lat' dir='ltr'>Jeconid</span> <span class='ocrx_word' id='word_1_590' title='bbox 1732 1813 1863 1850; x_wconf 84' lang='lat' dir='ltr'>transsa-</span> 
     </span>
     <span class='ocr_line' id='line_1_111' title="bbox 1105 1866 1861 1916; baseline -0.009 -13"><span class='ocrx_word' id='word_1_591' title='bbox 1105 1880 1157 1903; x_wconf 88' lang='lat' dir='ltr'>tus</span> <span class='ocrx_word' id='word_1_592' title='bbox 1168 1868 1266 1903; x_wconf 85' lang='lat' dir='ltr'>fucrit</span> <span class='ocrx_word' id='word_1_593' title='bbox 1283 1879 1414 1916; x_wconf 82' lang='lat' dir='ltr'>apparet</span> <span class='ocrx_word' id='word_1_594' title='bbox 1427 1866 1561 1901; x_wconf 70' lang='lat' dir='ltr'>Estherae</span> <span class='ocrx_word' id='word_1_595' title='bbox 1575 1878 1605 1899; x_wconf 88' lang='lat'>2.</span> <span class='ocrx_word' id='word_1_596' title='bbox 1620 1879 1649 1900; x_wconf 84' lang='lat' dir='ltr'>v.</span> <span class='ocrx_word' id='word_1_597' title='bbox 1663 1875 1693 1910; x_wconf 79' lang='lat'>5,</span> <span class='ocrx_word' id='word_1_598' title='bbox 1704 1869 1739 1898; x_wconf 89' lang='lat'>6.</span> <span class='ocrx_word' id='word_1_599' title='bbox 1766 1866 1861 1897; x_wconf 91' lang='lat' dir='ltr'>Dum</span> 
     </span>
     <span class='ocr_line' id='line_1_112' title="bbox 1105 1914 1862 1952; baseline -0.009 0"><span class='ocrx_word' id='word_1_600' title='bbox 1105 1920 1215 1952; x_wconf 90' lang='lat' dir='ltr'>locum</span> <span class='ocrx_word' id='word_1_601' title='bbox 1237 1918 1325 1952; x_wconf 88' lang='lat' dir='ltr'>hunc</span> <span class='ocrx_word' id='word_1_602' title='bbox 1342 1917 1471 1952; x_wconf 89' lang='lat' dir='ltr'>eludere</span> <span class='ocrx_word' id='word_1_603' title='bbox 1492 1925 1654 1950; x_wconf 83' lang='lat' dir='ltr'>conantur</span> <span class='ocrx_word' id='word_1_604' title='bbox 1679 1914 1743 1947; x_wconf 90' lang='lat' dir='ltr'>hoc</span> <span class='ocrx_word' id='word_1_605' title='bbox 1769 1924 1862 1946; x_wconf 90' lang='lat' dir='ltr'>com-</span> 
     </span>
     <span class='ocr_line' id='line_1_113' title="bbox 1106 1960 1863 2016; baseline -0.011 -14"><span class='ocrx_word' id='word_1_606' title='bbox 1106 1979 1216 2002; x_wconf 88' lang='lat' dir='ltr'>mento</span> <span class='ocrx_word' id='word_1_607' title='bbox 1229 1992 1239 2008; x_wconf 90' lang='lat'><em>,</em></span> <span class='ocrx_word' id='word_1_608' title='bbox 1266 1966 1352 2016; x_wconf 85' lang='lat' dir='ltr'>quasi</span> <span class='ocrx_word' id='word_1_609' title='bbox 1371 1965 1535 2000; x_wconf 68' lang='lat' dir='ltr'>transsatio</span> <span class='ocrx_word' id='word_1_610' title='bbox 1553 1963 1757 2010; x_wconf 79' lang='lat' dir='ltr'>Babylonem</span> <span class='ocrx_word' id='word_1_611' title='bbox 1779 1960 1863 1995; x_wconf 85' lang='lat' dir='ltr'>refe·</span> 
     </span>
     <span class='ocr_line' id='line_1_114' title="bbox 1104 2010 1860 2055; baseline -0.011 -4"><span class='ocrx_word' id='word_1_612' title='bbox 1104 2018 1201 2052; x_wconf 84' lang='lat' dir='ltr'>tenda</span> <span class='ocrx_word' id='word_1_613' title='bbox 1211 2016 1283 2052; x_wconf 78' lang='lat' dir='ltr'>esset</span> <span class='ocrx_word' id='word_1_614' title='bbox 1294 2028 1362 2051; x_wconf 89' lang='lat' dir='ltr'>non</span> <span class='ocrx_word' id='word_1_615' title='bbox 1375 2016 1412 2050; x_wconf 84' lang='lat' dir='ltr'>ad</span> <span class='ocrx_word' id='word_1_616' title='bbox 1426 2010 1659 2053; x_wconf 64' lang='lat' dir='ltr'>Mardoclmum&#39;,</span> <span class='ocrx_word' id='word_1_617' title='bbox 1677 2012 1731 2046; x_wconf 82' lang='lat' dir='ltr'>sed</span> <span class='ocrx_word' id='word_1_618' title='bbox 1741 2011 1777 2045; x_wconf 83' lang='lat' dir='ltr'>ad</span> <span class='ocrx_word' id='word_1_619' title='bbox 1788 2014 1860 2055; x_wconf 85' lang='lat' dir='ltr'>ejus</span> 
     </span>
     <span class='ocr_line' id='line_1_115' title="bbox 1104 2059 1861 2114; baseline -0.011 -13"><span class='ocrx_word' id='word_1_620' title='bbox 1104 2080 1260 2114; x_wconf 85' lang='lat' dir='ltr'>proavum</span> <span class='ocrx_word' id='word_1_621' title='bbox 1271 2074 1324 2102; x_wconf 71' lang='lat' dir='ltr'>Cts</span> <span class='ocrx_word' id='word_1_622' title='bbox 1335 2091 1345 2107; x_wconf 92' lang='lat'><strong><em>,</em></strong></span> <span class='ocrx_word' id='word_1_623' title='bbox 1367 2067 1487 2112; x_wconf 82' lang='lat' dir='ltr'>replico</span> <span class='ocrx_word' id='word_1_624' title='bbox 1499 2064 1568 2098; x_wconf 86' lang='lat' dir='ltr'>tria.</span> <span class='ocrx_word' id='word_1_625' title='bbox 1599 2075 1622 2097; x_wconf 84' lang='lat' dir='ltr'>r.</span> <span class='ocrx_word' id='word_1_626' title='bbox 1638 2065 1673 2095; x_wconf 91' lang='lat' dir='ltr'>In</span> <span class='ocrx_word' id='word_1_627' title='bbox 1684 2072 1775 2096; x_wconf 87' lang='lat' dir='ltr'>textu</span> <span class='ocrx_word' id='word_1_628' title='bbox 1789 2059 1861 2105; x_wconf 83' lang='lat' dir='ltr'>post</span> 
     </span>
     <span class='ocr_line' id='line_1_116' title="bbox 1104 2107 1859 2162; baseline -0.013 -12"><span class='ocrx_word' id='word_1_629' title='bbox 1104 2117 1155 2151; x_wconf 72' lang='lat' dir='ltr'>Cis</span> <span class='ocrx_word' id='word_1_630' title='bbox 1167 2117 1213 2152; x_wconf 85' lang='lat' dir='ltr'>est</span> <span class='ocrx_word' id='word_1_631' title='bbox 1224 2112 1384 2162; x_wconf 65' lang='lat' dir='ltr'>Sophpasuk</span> <span class='ocrx_word' id='word_1_632' title='bbox 1397 2115 1491 2161; x_wconf 88' lang='lat' dir='ltr'>plena</span> <span class='ocrx_word' id='word_1_633' title='bbox 1504 2111 1654 2159; x_wconf 89' lang='lat' dir='ltr'>periodus</span> <span class='ocrx_word' id='word_1_634' title='bbox 1665 2114 1699 2144; x_wconf 74' lang='grc' dir='ltr'>δε</span> <span class='ocrx_word' id='word_1_635' title='bbox 1712 2107 1859 2143; x_wconf 81' lang='lat' dir='ltr'>versiculi</span> 
     </span>
     <span class='ocr_line' id='line_1_117' title="bbox 1101 2158 1860 2206; baseline -0.012 -6"><span class='ocrx_word' id='word_1_636' title='bbox 1101 2166 1240 2200; x_wconf 85' lang='lat' dir='ltr'>clausura</span> <span class='ocrx_word' id='word_1_637' title='bbox 1253 2190 1264 2206; x_wconf 87' lang='lat'>‚</span> <span class='ocrx_word' id='word_1_638' title='bbox 1278 2168 1320 2198; x_wconf 82' lang='lat' dir='ltr'>ita</span> <span class='ocrx_word' id='word_1_639' title='bbox 1334 2176 1370 2197; x_wconf 86' lang='lat' dir='ltr'>ut</span> <span class='ocrx_word' id='word_1_640' title='bbox 1389 2165 1476 2196; x_wconf 66' lang='lat' dir='ltr'>aetio</span> <span class='ocrx_word' id='word_1_641' title='bbox 1490 2161 1576 2196; x_wconf 81' lang='lat' dir='ltr'>versu</span> <span class='ocrx_word' id='word_1_642' title='bbox 1598 2158 1773 2205; x_wconf 86' lang='lat' dir='ltr'>insequenti</span> <span class='ocrx_word' id='word_1_643' title='bbox 1785 2170 1860 2191; x_wconf 88' lang='lat' dir='ltr'>me·-</span> 
     </span>
     <span class='ocr_line' id='line_1_118' title="bbox 1103 2208 1859 2246; baseline -0.008 -1"><span class='ocrx_word' id='word_1_644' title='bbox 1103 2225 1227 2246; x_wconf 84' lang='lat' dir='ltr'>morata</span> <span class='ocrx_word' id='word_1_645' title='bbox 1246 2225 1312 2246; x_wconf 89' lang='lat' dir='ltr'>non</span> <span class='ocrx_word' id='word_1_646' title='bbox 1334 2210 1487 2244; x_wconf 79' lang='lat' dir='ltr'>reseratur</span> <span class='ocrx_word' id='word_1_647' title='bbox 1509 2209 1546 2242; x_wconf 88' lang='lat' dir='ltr'>ad</span> <span class='ocrx_word' id='word_1_648' title='bbox 1563 2208 1609 2241; x_wconf 71' lang='lat' dir='ltr'>Cis</span> <span class='ocrx_word' id='word_1_649' title='bbox 1621 2231 1631 2246; x_wconf 84' lang='lat'>,</span> <span class='ocrx_word' id='word_1_650' title='bbox 1647 2208 1723 2240; x_wconf 90' lang='lat' dir='ltr'>licet</span> <span class='ocrx_word' id='word_1_651' title='bbox 1736 2208 1859 2240; x_wconf 84' lang='lat' dir='ltr'>imme-</span> 
     </span>
     <span class='ocr_line' id='line_1_119' title="bbox 1100 2252 1857 2306; baseline -0.008 -12"><span class='ocrx_word' id='word_1_652' title='bbox 1100 2259 1184 2294; x_wconf 66' lang='lat' dir='ltr'>diat&amp;</span> <span class='ocrx_word' id='word_1_653' title='bbox 1219 2259 1452 2306; x_wconf 66' lang='lat' dir='ltr'>praecedentem</span> <span class='ocrx_word' id='word_1_654' title='bbox 1489 2259 1522 2291; x_wconf 88' lang='lat' dir='ltr'>in</span> <span class='ocrx_word' id='word_1_655' title='bbox 1549 2256 1718 2304; x_wconf 84' lang='lat' dir='ltr'>superioris</span> <span class='ocrx_word' id='word_1_656' title='bbox 1749 2252 1857 2290; x_wconf 69' lang='lat' dir='ltr'>versus</span> 
     </span>
     <span class='ocr_line' id='line_1_120' title="bbox 1100 2305 1857 2349; baseline -0.007 -6"><span class='ocrx_word' id='word_1_657' title='bbox 1100 2310 1170 2344; x_wconf 86' lang='lat' dir='ltr'>clau</span> <span class='ocrx_word' id='word_1_658' title='bbox 1177 2308 1258 2349; x_wconf 75' lang='lat' dir='ltr'>sul‘a;</span> <span class='ocrx_word' id='word_1_659' title='bbox 1277 2308 1333 2343; x_wconf 85' lang='lat' dir='ltr'>sed</span> <span class='ocrx_word' id='word_1_660' title='bbox 1343 2309 1382 2342; x_wconf 88' lang='lat' dir='ltr'>ad</span> <span class='ocrx_word' id='word_1_661' title='bbox 1392 2306 1611 2342; x_wconf 72' lang='lat' dir='ltr'>Mardochaeum</span> <span class='ocrx_word' id='word_1_662' title='bbox 1620 2305 1857 2340; x_wconf 85' lang='lat' dir='ltr'>substantivum</span> 
     </span>
     <span class='ocr_line' id='line_1_121' title="bbox 1099 2354 1857 2407; baseline -0.008 -15"><span class='ocrx_word' id='word_1_663' title='bbox 1099 2360 1277 2407; x_wconf 84' lang='lat' dir='ltr'>principale</span> <span class='ocrx_word' id='word_1_664' title='bbox 1295 2360 1328 2392; x_wconf 89' lang='lat' dir='ltr'>in</span> <span class='ocrx_word' id='word_1_665' title='bbox 1341 2362 1411 2403; x_wconf 87' lang='lat' dir='ltr'>ejus</span> <span class='ocrx_word' id='word_1_666' title='bbox 1430 2356 1533 2392; x_wconf 88' lang='lat' dir='ltr'>versus</span> <span class='ocrx_word' id='word_1_667' title='bbox 1553 2357 1672 2391; x_wconf 83' lang='lat' dir='ltr'>initio,</span> <span class='ocrx_word' id='word_1_668' title='bbox 1695 2354 1737 2388; x_wconf 80' lang='lat' dir='ltr'>ad</span> <span class='ocrx_word' id='word_1_669' title='bbox 1756 2365 1857 2401; x_wconf 87' lang='lat' dir='ltr'>quem</span> 
     </span>
     <span class='ocr_line' id='line_1_122' title="bbox 1100 2405 1858 2455; baseline -0.009 -12"><span class='ocrx_word' id='word_1_670' title='bbox 1100 2420 1216 2443; x_wconf 89' lang='lat' dir='ltr'>omnes</span> <span class='ocrx_word' id='word_1_671' title='bbox 1226 2409 1368 2442; x_wconf 70' lang='lat' dir='ltr'>affiones</span> <span class='ocrx_word' id='word_1_672' title='bbox 1379 2410 1410 2441; x_wconf 86' lang='lat'>&amp;</span> <span class='ocrx_word' id='word_1_673' title='bbox 1426 2405 1584 2455; x_wconf 80' lang='lat' dir='ltr'>passiones</span> <span class='ocrx_word' id='word_1_674' title='bbox 1594 2418 1634 2438; x_wconf 91' lang='lat' dir='ltr'>eo</span> <span class='ocrx_word' id='word_1_675' title='bbox 1648 2405 1713 2438; x_wconf 88' lang='lat' dir='ltr'>loci</span> <span class='ocrx_word' id='word_1_676' title='bbox 1723 2415 1858 2437; x_wconf 86' lang='lat' dir='ltr'>memo-</span> 
     </span>
     <span class='ocr_line' id='line_1_123' title="bbox 1101 2452 1858 2505; baseline -0.012 -12"><span class='ocrx_word' id='word_1_677' title='bbox 1101 2469 1173 2493; x_wconf 85' lang='lat' dir='ltr'>ratae</span> <span class='ocrx_word' id='word_1_678' title='bbox 1190 2459 1402 2505; x_wconf 85' lang='lat' dir='ltr'>applicantur.</span> <span class='ocrx_word' id='word_1_679' title='bbox 1428 2469 1460 2490; x_wconf 81' lang='lat'>2.</span> <span class='ocrx_word' id='word_1_680' title='bbox 1479 2458 1510 2490; x_wconf 88' lang='lat' dir='ltr'>Si</span> <span class='ocrx_word' id='word_1_681' title='bbox 1529 2454 1694 2489; x_wconf 88' lang='lat' dir='ltr'>transsatio</span> <span class='ocrx_word' id='word_1_682' title='bbox 1713 2452 1858 2498; x_wconf 82' lang='lat' dir='ltr'>Babylo-</span> 
     </span>
     <span class='ocr_line' id='line_1_124' title="bbox 1101 2499 1857 2554; baseline -0.012 -12"><span class='ocrx_word' id='word_1_683' title='bbox 1101 2521 1174 2542; x_wconf 87' lang='lat' dir='ltr'>nem</span> <span class='ocrx_word' id='word_1_684' title='bbox 1187 2509 1366 2554; x_wconf 84' lang='lat' dir='ltr'>applicetur</span> <span class='ocrx_word' id='word_1_685' title='bbox 1378 2518 1446 2540; x_wconf 89' lang='lat' dir='ltr'>non</span> <span class='ocrx_word' id='word_1_686' title='bbox 1459 2505 1498 2539; x_wconf 88' lang='lat' dir='ltr'>ad</span> <span class='ocrx_word' id='word_1_687' title='bbox 1511 2500 1732 2538; x_wconf 79' lang='lat' dir='ltr'>Mardochaeum</span> <span class='ocrx_word' id='word_1_688' title='bbox 1748 2499 1799 2534; x_wconf 83' lang='lat' dir='ltr'>sed</span> <span class='ocrx_word' id='word_1_689' title='bbox 1814 2500 1857 2534; x_wconf 86' lang='lat' dir='ltr'>acl</span> 
     </span>
     <span class='ocr_line' id='line_1_125' title="bbox 1101 2549 1856 2596; baseline -0.012 -5"><span class='ocrx_word' id='word_1_690' title='bbox 1101 2557 1152 2595; x_wconf 66' lang='lat' dir='ltr'>Cis</span> <span class='ocrx_word' id='word_1_691' title='bbox 1164 2581 1174 2596; x_wconf 92' lang='lat'>,</span> <span class='ocrx_word' id='word_1_692' title='bbox 1198 2567 1267 2591; x_wconf 88' lang='lat' dir='ltr'>tum</span> <span class='ocrx_word' id='word_1_693' title='bbox 1279 2556 1429 2590; x_wconf 84' lang='lat' dir='ltr'>educatio</span> <span class='ocrx_word' id='word_1_694' title='bbox 1442 2550 1573 2588; x_wconf 62' lang='lat' dir='ltr'>Essherae</span> <span class='ocrx_word' id='word_1_695' title='bbox 1584 2552 1668 2586; x_wconf 69' lang='lat' dir='ltr'>aetio</span> <span class='ocrx_word' id='word_1_696' title='bbox 1682 2549 1856 2584; x_wconf 84' lang='lat' dir='ltr'>immedia-</span> 
     </span>
     <span class='ocr_line' id='line_1_126' title="bbox 1100 2599 1855 2646; baseline -0.012 -5"><span class='ocrx_word' id='word_1_697' title='bbox 1100 2606 1131 2641; x_wconf 74' lang='lat' dir='ltr'>te</span> <span class='ocrx_word' id='word_1_698' title='bbox 1144 2606 1307 2640; x_wconf 70' lang='lat' dir='ltr'>cohaerens</span> <span class='ocrx_word' id='word_1_699' title='bbox 1318 2605 1355 2637; x_wconf 85' lang='lat' dir='ltr'>ad</span> <span class='ocrx_word' id='word_1_700' title='bbox 1365 2604 1502 2637; x_wconf 90' lang='lat' dir='ltr'>eundem</span> <span class='ocrx_word' id='word_1_701' title='bbox 1515 2602 1557 2635; x_wconf 85' lang='lat' dir='ltr'>est</span> <span class='ocrx_word' id='word_1_702' title='bbox 1570 2599 1749 2639; x_wconf 59' lang='lat' dir='ltr'>referendw,</span> <span class='ocrx_word' id='word_1_703' title='bbox 1763 2601 1855 2646; x_wconf 88' lang='lat' dir='ltr'>atqui</span> 
     </span>
     <span class='ocr_line' id='line_1_127' title="bbox 1100 2646 1850 2697; baseline -0.012 -8"><span class='ocrx_word' id='word_1_704' title='bbox 1100 2655 1164 2689; x_wconf 90' lang='lat' dir='ltr'>hoc</span> <span class='ocrx_word' id='word_1_705' title='bbox 1180 2653 1348 2688; x_wconf 65' lang='lat' dir='ltr'>manifeste</span> <span class='ocrx_word' id='word_1_706' title='bbox 1368 2650 1484 2688; x_wconf 83' lang='lat' dir='ltr'>falsum</span> <span class='ocrx_word' id='word_1_707' title='bbox 1508 2651 1564 2685; x_wconf 81' lang='lat' dir='ltr'>est.</span> <span class='ocrx_word' id='word_1_708' title='bbox 1593 2665 1623 2697; x_wconf 81' lang='lat'>3.</span> <span class='ocrx_word' id='word_1_709' title='bbox 1644 2646 1850 2684; x_wconf 73' lang='lat' dir='ltr'>Mardochaeus</span> 
     </span>
     <span class='ocr_line' id='line_1_128' title="bbox 1099 2700 1854 2750; baseline -0.012 -12"><span class='ocrx_word' id='word_1_710' title='bbox 1099 2703 1193 2738; x_wconf 88' lang='lat' dir='ltr'>rediit</span> <span class='ocrx_word' id='word_1_711' title='bbox 1208 2703 1374 2750; x_wconf 83' lang='lat' dir='ltr'>Babylone</span> <span class='ocrx_word' id='word_1_712' title='bbox 1388 2701 1649 2745; x_wconf 68' lang='lat' dir='ltr'>Hierosolymam</span> <span class='ocrx_word' id='word_1_713' title='bbox 1662 2711 1737 2733; x_wconf 92' lang='lat' dir='ltr'>cum</span> <span class='ocrx_word' id='word_1_714' title='bbox 1755 2700 1854 2730; x_wconf 87' lang='lat' dir='ltr'>Zoro-</span> 
     </span>
     <span class='ocr_line' id='line_1_129' title="bbox 1098 2749 1851 2798; baseline -0.012 -11"><span class='ocrx_word' id='word_1_715' title='bbox 1098 2751 1194 2787; x_wconf 65' lang='lat' dir='ltr'>buhele</span> <span class='ocrx_word' id='word_1_716' title='bbox 1205 2752 1306 2787; x_wconf 85' lang='lat' dir='ltr'>Esdrae</span> <span class='ocrx_word' id='word_1_717' title='bbox 1319 2765 1351 2786; x_wconf 85' lang='lat'>2.</span> <span class='ocrx_word' id='word_1_718' title='bbox 1363 2765 1394 2786; x_wconf 93' lang='lat' dir='ltr'>v.</span> <span class='ocrx_word' id='word_1_719' title='bbox 1406 2763 1437 2784; x_wconf 83' lang='lat'>2.</span> <span class='ocrx_word' id='word_1_720' title='bbox 1446 2751 1535 2798; x_wconf 83' lang='lat' dir='ltr'>Ergo</span> <span class='ocrx_word' id='word_1_721' title='bbox 1545 2749 1606 2795; x_wconf 89' lang='lat' dir='ltr'>ipsc</span> <span class='ocrx_word' id='word_1_722' title='bbox 1616 2761 1684 2782; x_wconf 92' lang='lat' dir='ltr'>non</span> <span class='ocrx_word' id='word_1_723' title='bbox 1698 2750 1766 2790; x_wconf 85' lang='lat' dir='ltr'>ejus</span> <span class='ocrx_word' id='word_1_724' title='bbox 1777 2759 1851 2791; x_wconf 88' lang='lat' dir='ltr'>pro-</span> 
     </span>
     <span class='ocr_line' id='line_1_130' title="bbox 1099 2795 1850 2842; baseline -0.011 -5"><span class='ocrx_word' id='word_1_725' title='bbox 1099 2815 1175 2837; x_wconf 89' lang='lat' dir='ltr'>avus</span> <span class='ocrx_word' id='word_1_726' title='bbox 1195 2802 1239 2836; x_wconf 87' lang='lat' dir='ltr'>est</span> <span class='ocrx_word' id='word_1_727' title='bbox 1265 2802 1421 2836; x_wconf 65' lang='lat' dir='ltr'>abduiflus</span> <span class='ocrx_word' id='word_1_728' title='bbox 1447 2796 1683 2842; x_wconf 83' lang='lat' dir='ltr'>Hierosolymis</span> <span class='ocrx_word' id='word_1_729' title='bbox 1706 2795 1850 2842; x_wconf 85' lang='lat' dir='ltr'>Babylo-</span> 
     </span>
     <span class='ocr_line' id='line_1_131' title="bbox 1098 2844 1850 2890; baseline -0.013 -4"><span class='ocrx_word' id='word_1_730' title='bbox 1098 2865 1184 2886; x_wconf 89' lang='lat' dir='ltr'>nem.</span> <span class='ocrx_word' id='word_1_731' title='bbox 1209 2851 1263 2885; x_wconf 87' lang='lat' dir='ltr'>Ad</span> <span class='ocrx_word' id='word_1_732' title='bbox 1279 2850 1470 2885; x_wconf 85' lang='lat' dir='ltr'>antecedens</span> <span class='ocrx_word' id='word_1_733' title='bbox 1489 2849 1566 2882; x_wconf 87' lang='lat' dir='ltr'>nihil</span> <span class='ocrx_word' id='word_1_734' title='bbox 1579 2844 1664 2879; x_wconf 88' lang='lat' dir='ltr'>aliud</span> <span class='ocrx_word' id='word_1_735' title='bbox 1683 2845 1790 2890; x_wconf 89' lang='lat' dir='ltr'>potest</span> <span class='ocrx_word' id='word_1_736' title='bbox 1802 2858 1850 2878; x_wconf 89' lang='lat' dir='ltr'>re-</span> 
     </span>
     <span class='ocr_line' id='line_1_132' title="bbox 1096 2890 1847 2948; baseline -0.011 -14"><span class='ocrx_word' id='word_1_737' title='bbox 1096 2899 1247 2948; x_wconf 88' lang='lat' dir='ltr'>sponderi</span> <span class='ocrx_word' id='word_1_738' title='bbox 1274 2900 1372 2947; x_wconf 71' lang='lat' dir='ltr'>quam</span> <span class='ocrx_word' id='word_1_739' title='bbox 1401 2899 1507 2945; x_wconf 87' lang='lat' dir='ltr'>plures</span> <span class='ocrx_word' id='word_1_740' title='bbox 1532 2893 1621 2930; x_wconf 83' lang='lat' dir='ltr'>fuiffe</span> <span class='ocrx_word' id='word_1_741' title='bbox 1646 2890 1847 2928; x_wconf 67' lang='lat' dir='ltr'>Mzrdochaeos</span> 
     </span>
    </p>

    <p class='ocr_par' dir='ltr' id='par_1_22' title="bbox 1096 2942 1845 2994">
     <span class='ocr_line' id='line_1_133' title="bbox 1096 2942 1845 2994; baseline -0.011 -11"><span class='ocrx_word' id='word_1_742' title='bbox 1096 2948 1235 2994; x_wconf 83' lang='lat' dir='ltr'>ejusdem</span> <span class='ocrx_word' id='word_1_743' title='bbox 1248 2949 1391 2982; x_wconf 86' lang='lat' dir='ltr'>nominis</span> <span class='ocrx_word' id='word_1_744' title='bbox 1402 2971 1412 2986; x_wconf 95' lang='lat'>,</span> <span class='ocrx_word' id='word_1_745' title='bbox 1429 2950 1459 2980; x_wconf 85' lang='lat'>&amp;</span> <span class='ocrx_word' id='word_1_746' title='bbox 1470 2942 1684 2979; x_wconf 60' lang='lat' dir='ltr'>Mardochaeum</span> <span class='ocrx_word' id='word_1_747' title='bbox 1699 2943 1739 2976; x_wconf 89' lang='lat' dir='ltr'>ab</span> <span class='ocrx_word' id='word_1_748' title='bbox 1752 2943 1845 2990; x_wconf 76' lang='lat' dir='ltr'>Efilra</span> 
     </span>
    </p>

    <p class='ocr_par' dir='ltr' id='par_1_23' title="bbox 1097 2991 1843 3040">
     <span class='ocr_line' id='line_1_134' title="bbox 1097 2991 1843 3040; baseline -0.008 -8"><span class='ocrx_word' id='word_1_749' title='bbox 1097 2999 1303 3033; x_wconf 87' lang='lat' dir='ltr'>nominatum</span> <span class='ocrx_word' id='word_1_750' title='bbox 1315 3022 1323 3033; x_wconf 74' lang='grc'><strong>.</strong></span> <span class='ocrx_word' id='word_1_751' title='bbox 1343 2997 1441 3030; x_wconf 87' lang='lat' dir='ltr'>alium</span> <span class='ocrx_word' id='word_1_752' title='bbox 1460 2992 1548 3028; x_wconf 77' lang='lat' dir='ltr'>fuiss&#39;e</span> <span class='ocrx_word' id='word_1_753' title='bbox 1563 2991 1772 3028; x_wconf 33' lang='lat' dir='ltr'>&amp;Mardocsm</span> <span class='ocrx_word' id='word_1_754' title='bbox 1788 2995 1843 3040; x_wconf 86' lang='lat' dir='ltr'>qui</span> 
     </span>
    </p>

    <p class='ocr_par' dir='ltr' id='par_1_24' title="bbox 1095 3040 1844 3092">
     <span class='ocr_line' id='line_1_135' title="bbox 1095 3040 1844 3092; baseline -0.012 -10"><span class='ocrx_word' id='word_1_755' title='bbox 1095 3047 1242 3082; x_wconf 88' lang='lat' dir='ltr'>educavit</span> <span class='ocrx_word' id='word_1_756' title='bbox 1255 3045 1428 3084; x_wconf 68' lang='lat' dir='ltr'>Eflherem,</span> <span class='ocrx_word' id='word_1_757' title='bbox 1439 3042 1479 3077; x_wconf 78' lang='lat' dir='ltr'>eo</span> <span class='ocrx_word' id='word_1_758' title='bbox 1493 3044 1581 3092; x_wconf 78' lang='lat' dir='ltr'>quod</span> <span class='ocrx_word' id='word_1_759' title='bbox 1594 3042 1644 3077; x_wconf 84' lang='lat' dir='ltr'>bic</span> <span class='ocrx_word' id='word_1_760' title='bbox 1658 3054 1727 3076; x_wconf 89' lang='lat' dir='ltr'>non</span> <span class='ocrx_word' id='word_1_761' title='bbox 1740 3040 1844 3076; x_wconf 64' lang='lat' dir='ltr'>redi&amp;-</span> 
     </span>
    </p>

    <p class='ocr_par' dir='ltr' id='par_1_25' title="bbox 1094 3091 1841 3142">
     <span class='ocr_line' id='line_1_136' title="bbox 1094 3091 1841 3142; baseline -0.008 -12"><span class='ocrx_word' id='word_1_762' title='bbox 1094 3093 1466 3142; x_wconf 84' lang='lat' dir='ltr'>ritHierosolymam,sed</span> <span class='ocrx_word' id='word_1_763' title='bbox 1481 3095 1513 3127; x_wconf 91' lang='lat' dir='ltr'>in</span> <span class='ocrx_word' id='word_1_764' title='bbox 1527 3091 1645 3140; x_wconf 64' lang='lat' dir='ltr'>All&#39;yrifi</span> <span class='ocrx_word' id='word_1_765' title='bbox 1656 3091 1841 3125; x_wconf 82' lang='lat' dir='ltr'>remanserit</span> 
     </span>
    </p>

    <p class='ocr_par' dir='ltr' id='par_1_26' title="bbox 1093 3138 1841 3190">
     <span class='ocr_line' id='line_1_137' title="bbox 1093 3138 1841 3190; baseline -0.011 -10"><span class='ocrx_word' id='word_1_766' title='bbox 1093 3158 1168 3180; x_wconf 89' lang='lat' dir='ltr'>cum</span> <span class='ocrx_word' id='word_1_767' title='bbox 1180 3142 1315 3178; x_wconf 64' lang='lat' dir='ltr'>Estherd.</span> <span class='ocrx_word' id='word_1_768' title='bbox 1336 3145 1475 3190; x_wconf 78' lang='lat' dir='ltr'>Replico</span> <span class='ocrx_word' id='word_1_769' title='bbox 1488 3155 1553 3177; x_wconf 88' lang='lat' dir='ltr'>non</span> <span class='ocrx_word' id='word_1_770' title='bbox 1562 3142 1618 3177; x_wconf 75' lang='lat' dir='ltr'>else</span> <span class='ocrx_word' id='word_1_771' title='bbox 1630 3141 1695 3176; x_wconf 78' lang='lat' dir='ltr'>line</span> <span class='ocrx_word' id='word_1_772' title='bbox 1708 3138 1841 3174; x_wconf 84' lang='lat' dir='ltr'>neccsli-</span> 
     </span>
    </p>
   </div>
   <div class='ocr_carea' id='block_1_15' title="bbox 1092 3188 1841 3271">
    <p class='ocr_par' dir='ltr' id='par_1_27' title="bbox 1092 3188 1841 3271">
     <span class='ocr_line' id='line_1_138' title="bbox 1092 3188 1839 3243; baseline -0.015 -13"><span class='ocrx_word' id='word_1_773' title='bbox 1092 3206 1156 3231; x_wconf 87' lang='lat' dir='ltr'>tate</span> <span class='ocrx_word' id='word_1_774' title='bbox 1166 3193 1399 3242; x_wconf 82' lang='lat' dir='ltr'>confingendas</span> <span class='ocrx_word' id='word_1_775' title='bbox 1418 3194 1523 3241; x_wconf 87' lang='lat' dir='ltr'>plures</span> <span class='ocrx_word' id='word_1_776' title='bbox 1536 3191 1683 3240; x_wconf 80' lang='lat' dir='ltr'>personas</span> <span class='ocrx_word' id='word_1_777' title='bbox 1695 3188 1839 3243; x_wconf 69' lang='lat' dir='ltr'>ejusdcm</span> 
     </span>
     <span class='ocr_line' id='line_1_139' title="bbox 1732 3249 1841 3271; baseline -0.009 0"><span class='ocrx_word' id='word_1_778' title='bbox 1732 3249 1841 3271; x_wconf 68' lang='lat' dir='ltr'>nomi-</span> 
     </span>
    </p>
   </div>
   <div class='ocr_carea' id='block_1_16' title="bbox 1880 878 2048 921">
    <p class='ocr_par' dir='ltr' id='par_1_28' title="bbox 1880 878 2048 921">
     <span class='ocr_line' id='line_1_140' title="bbox 1880 878 2048 921; baseline -0.012 -6"><span class='ocrx_word' id='word_1_779' title='bbox 1880 890 1938 915; x_wconf 86' lang='lat' dir='ltr'>Nec</span> <span class='ocrx_word' id='word_1_780' title='bbox 1952 889 2018 918; x_wconf 66' lang='lat' dir='ltr'>lon:</span> <span class='ocrx_word' id='word_1_781' title='bbox 2040 878 2048 921; x_wconf 59' lang='grc' dir='ltr'>η’</span> 
     </span>
    </p>
   </div>
   <div class='ocr_carea' id='block_1_17' title="bbox 1879 971 2013 1120">
    <p class='ocr_par' dir='ltr' id='par_1_29' title="bbox 1880 971 1973 997">
     <span class='ocr_line' id='line_1_141' title="bbox 1880 971 1973 997; baseline 0.011 -1"><span class='ocrx_word' id='word_1_782' title='bbox 1880 976 1907 996; x_wconf 78' lang='lat' dir='ltr'>ut</span> <span class='ocrx_word' id='word_1_783' title='bbox 1915 971 1973 997; x_wconf 66' lang='lat' dir='ltr'>vult</span> 
     </span>
    </p>

    <p class='ocr_par' dir='ltr' id='par_1_30' title="bbox 1879 1012 2013 1120">
     <span class='ocr_line' id='line_1_142' title="bbox 1880 1012 2009 1044; baseline 0.008 -6"><span class='ocrx_word' id='word_1_784' title='bbox 1880 1012 2009 1044; x_wconf 64' lang='lat' dir='ltr'>petavius,</span> 
     </span>
     <span class='ocr_line' id='line_1_143' title="bbox 1880 1052 2013 1080; baseline -0.008 0"><span class='ocrx_word' id='word_1_785' title='bbox 1880 1059 1915 1080; x_wconf 64' lang='lat'>(9⁹</span> <span class='ocrx_word' id='word_1_786' title='bbox 1927 1052 2013 1080; x_wconf 79' lang='lat' dir='ltr'>salia-</span> 
     </span>
     <span class='ocr_line' id='line_1_144' title="bbox 1879 1090 2012 1120; baseline 0 -1"><span class='ocrx_word' id='word_1_787' title='bbox 1879 1102 1930 1120; x_wconf 77' lang='lat' dir='ltr'>nus.</span> <span class='ocrx_word' id='word_1_788' title='bbox 2007 1090 2012 1094; x_wconf 76' lang='grc'><em>“</em></span> 
     </span>
    </p>
   </div>
   <div class='ocr_carea' id='block_1_18' title="bbox 2041 981 2048 1059">
    <p class='ocr_par' dir='ltr' id='par_1_31' title="bbox 2041 981 2048 1059">
     <span class='ocr_line' id='line_1_145' title="bbox 2041 981 2048 1059; baseline 0 2284"><span class='ocrx_word' id='word_1_789' title='bbox 2041 981 2048 1059; x_wconf 95' lang='lat' dir='ltr'> </span> 
     </span>
    </p>
   </div>
   <div class='ocr_carea' id='block_1_19' title="bbox 2044 1066 2048 1079">
    <p class='ocr_par' dir='ltr' id='par_1_32' title="bbox 2044 1066 2048 1079">
     <span class='ocr_line' id='line_1_146' title="bbox 2044 1066 2048 1079; baseline 0 0"><span class='ocrx_word' id='word_1_790' title='bbox 2044 1066 2048 1079; x_wconf 69' lang='grc'><strong>4</strong></span> 
     </span>
    </p>
   </div>
   <div class='ocr_carea' id='block_1_20' title="bbox 2028 921 2040 1790">
    <p class='ocr_par' dir='ltr' id='par_1_33' title="bbox 2028 921 2040 1790">
     <span class='ocr_line' id='line_1_147' title="bbox 2028 921 2040 1790; baseline 0 0"><span class='ocrx_word' id='word_1_791' title='bbox 2028 921 2040 1790; x_wconf 95' lang='lat' dir='ltr'> </span> 
     </span>
    </p>
   </div>
   <div class='ocr_carea' id='block_1_21' title="bbox 2013 2461 2024 3343">
    <p class='ocr_par' dir='ltr' id='par_1_34' title="bbox 2013 2461 2024 3343">
     <span class='ocr_line' id='line_1_148' title="bbox 2013 2461 2024 3343; baseline 0 0"><span class='ocrx_word' id='word_1_792' title='bbox 2013 2461 2024 3343; x_wconf 95' lang='lat' dir='ltr'> </span> 
     </span>
    </p>
   </div>
  </div>
 </body>
</html>
