2048 3343
115 1081 232 1118 Qtarta.

267 82 331 108 loz

270 140 330 174 sio:
345 136 463 172 tantum
476 147 576 172 autem
589 137 692 178 abest,
706 148 739 173 ut
750 137 926 185 hujusmodi
939 139 1030 186 quic-

271 200 363 236 quam
382 186 520 221 constare
539 187 628 234 poffit
640 212 650 227 ,
677 199 709 223 ut
721 189 909 223 contrarium
928 187 963 222 sit
982 189 1030 223 vel

272 237 539 276 certiffimum‚vel
552 235 668 272 summe
680 238 858 285 probabile,
875 237 962 286 quod
974 236 1030 272 sci-

273 287 344 320 licet
362 282 482 319 scelesta
496 286 601 319 omnia
616 299 683 334 quae
702 287 832 322 diximus
851 288 948 334 capita
961 299 1031 335 per-

275 334 465 368 suafiffimum
477 334 655 375 habuerint,
671 337 831 383 primarios
845 336 948 372 saltem
960 335 1030 371 suos

275 396 394 418 errores
408 383 587 419 firmiffimas
600 384 686 419 fuisl'e
698 386 847 421 veritates.

321 435 451 467 Veteres
466 444 613 480 praetereo
629 447 638 475 ;
659 436 793 470 novitios
805 446 866 470 tres
879 434 1033 470 haeresiar-

277 480 347 514 chas
362 482 448 528 quod
460 483 584 523 attinet,
607 484 735 524 Vorfi‘ii,
758 487 912 532 Socinique
925 483 1034 518 videsis

277 529 326 564 seu
339 531 430 564 vitam
450 529 498 565 seu
511 530 634 579 scripta,
654 533 685 567 in
703 544 813 568 neutro
832 535 928 567 ullum
943 530 1033 566 vesti-

278 580 375 627 gium,
390 580 448 613 ulla
461 581 531 615 vola
543 591 606 615 tam
621 594 715 628 pravae
732 581 930 616 simulationis
944 593 1034 628 appa-

278 628 374 662 rebit:
389 630 462 677 quin
472 630 562 664 etiam
576 631 609 664 ezi
622 632 699 678 apud
712 629 893 664 adversarios
905 641 1034 678 uterque

279 678 416 724 pietatis,
442 680 640 718 innocentiae,
660 679 898 727 sinceritatisque
913 677 1033 726 prorsus

280 726 434 761 dwwcejw
448 726 525 761 famei
540 727 642 767 floret,
651 738 683 761 ut
696 729 796 762 omnis
809 728 871 762 hoc
879 741 974 776 genus
987 727 1034 762 su-

280 775 374 822 spicio
388 776 478 821 quam
489 776 660 824 longissime
673 775 769 811 abesse
784 777 903 812 debeat.
929 780 1032 811 Serve-

278 835 326 857 ιω
343 824 438 857 nostri
457 824 544 858 seculi
564 823 810 872 blasphemorum
824 826 1032 874 Coryphaeus‚

278 872 508 919 desperatissima
521 875 612 908 etiam
625 876 661 909 ad
673 873 848 922 sanguinem
858 900 867 916 ‚
893 877 985 910 etiam
998 876 1034 910 ad

277 933 449 962 tormenta,
463 927 494 958 &
508 924 547 957 ad·
559 925 700 958 ultimum
713 924 892 972 supplicium
905 926 1034 972 pertina-

278 970 325 1005 cia
339 995 348 1010 ,
372 971 512 1006 testatum
534 971 606 1007 fecit
624 974 716 1021 quam
728 974 870 1008 animitus
887 973 1033 1010 sceleratis

278 1020 336 1054 suis
349 1021 464 1066 placitis
479 1021 641 1057 adhaeserit.

328 1072 447 1118 Qarta
460 1072 547 1107 ratio.
583 1073 613 1105 Si
627 1085 780 1108 venenum
793 1086 906 1111 omne,
925 1086 1034 1109 omne-

281 1131 342 1165 que
354 1121 461 1154 vxtium
481 1119 629 1155 haereseos
649 1123 681 1155 in
702 1135 742 1157 eo
763 1123 898 1158 consistit
915 1148 924 1163 ‚
949 1122 1036 1171 quod

281 1168 441 1203 haereticus
453 1181 559 1204 contra
571 1172 682 1205 mentis
692 1169 749 1206 suae
761 1172 881 1212 lumen,
896 1171 952 1207 suae
962 1185 1034 1207 con⁴

282 1214 412 1252 scientiae
427 1219 592 1259 didiamen,
607 1233 725 1255 errores
740 1222 959 1268 ampletfitatum
974 1233 1037 1255 tam

282 1266 368 1301 nudo
380 1280 414 1301 ac
427 1281 519 1302 mero
529 1270 640 1308 errori,
657 1282 728 1304 cum
738 1283 803 1316 quo
816 1270 1039 1304 istavoluntatis

283 1316 570 1362 malitiaconjuneta
578 1331 642 1351 non
650 1318 702 1355 est,
715 1319 831 1353 nullum
841 1320 959 1360 vitium,
972 1321 1037 1353 nul-

283 1365 348 1399 lum
359 1379 509 1401 venenum
518 1366 608 1402 inest:
624 1370 665 1401 At
673 1368 822 1414 posterius
830 1368 873 1402 est
886 1369 1038 1402 dww'ffwv-

283 1417 442 1459 Majorem
455 1415 610 1451 adversarii
626 1417 764 1452 lubentes
776 1418 952 1465 largiuntur.
976 1419 1040 1451 Mi-
1056 1419 1057 1428 ¹

284 1466 369 1498 noris
383 1465 595 1500 absurditatem
607 1477 734 1514 negant,
748 1466 930 1501 affirmantes
940 1469 969 1501 in
978 1481 1041 1501 me-

285 1526 324 1546 ro
338 1525 442 1548 errore
457 1516 584 1552 mentis,
603 1526 669 1550 utut
682 1514 829 1550 summam
843 1518 1040 1563 pertinaciam

287 1561 454 1610 supponas,
479 1564 595 1598 nullum
610 1563 666 1598 effe
680 1566 806 1606 vitium3
823 1567 888 1600 imo
903 1567 977 1600 vero
994 1580 1037 1601 er-

286 1624 371 1646 rores
382 1636 392 1651 ,
412 1614 465 1661 qui
480 1614 558 1661 apud
576 1626 634 1648 nos
648 1619 678 1649 &
692 1626 834 1651 caeterum
848 1616 1037 1651 Christiano-

283 1674 353 1696 rum
363 1663 471 1711 vulgus
484 1664 646 1698 teterrimae
659 1663 783 1699 haereses
796 1666 937 1707 audiunt,
963 1667 1039 1714 apud

286 1710 366 1759 ipsos
381 1712 514 1747 omnino
528 1725 592 1748 non
604 1711 670 1748 sunt
684 1726 816 1761 peccata.
853 1717 936 1751 Nam
958 1716 1038 1764 ipso—

284 1785 308 1801 „
333 1762 473 1796 rumhaec
487 1761 552 1797 sunt
565 1763 834 1813 apophthegmata:
852 1768 1040 1799 Crimencul-

285 1834 308 1850 „
331 1821 370 1859 pa
383 1810 418 1856 est
431 1814 603 1846 voluntaria
617 1838 626 1853 ,
658 1813 759 1859 haeresis
769 1813 856 1864 plane
867 1817 1040 1849 involunta-

284 1883 308 1899 ‚,
337 1863 384 1892 ria
392 1884 399 1896 ,
422 1866 458 1901 0²⁴
468 1861 585 1910 proprie
597 1863 675 1897 dzfla
687 1867 852 1897 innocentia
864 1865 911 1909 est.
948 1870 1042 1900 Error

284 1932 308 1948 „
334 1908 371 1953 est
383 1912 514 1943 innocens
527 1935 535 1947 ,
561 1924 597 1950 (y
611 1914 694 1960 culpae
707 1925 824 1962 expers,
848 1915 932 1948 haud
942 1916 978 1960 est
990 1928 1040 1948 no-

284 1981 308 1997 „
333 1971 398 1992 cens
409 1983 417 1995 ,
441 1963 609 2007 quicunque
620 1974 676 1994 mm
687 1962 826 2010 estsponte
837 1977 938 1998 nocens
946 1989 954 2000 ‚
976 1966 1042 2011 quia

285 2031 308 2047 „
333 2020 437 2041 nomen
448 2022 581 2056 unquam
590 2010 702 2051 sceleris
714 2017 808 2045 errori
820 2013 897 2047 dedit
905 2019 921 2046 ,Ρ
938 2015 1040 2064 Jpfift’-

286 2080 308 2095 „
332 2056 462 2091 dacio-res
477 2058 583 2105 absque
595 2058 655 2103 fisa*
667 2060 928 2108 cullvdseducmzn.
969 2068 1041 2098 Per-

287 2106 390 2139 multis
413 2107 589 2151 hujusmodi
609 2110 747 2144 maximis
765 2109 855 2146 scatet
874 2115 1040 2161 Apologia?

287 2167 351 2194 cap.
367 2167 418 2200 24.
453 2160 640 2205 Qanquam
660 2159 751 2205 igitur
769 2160 845 2194 boni
867 2162 914 2196 isti
934 2164 987 2197 viri
1008 2163 1039 2196 in

287 2204 409 2236 Minori
429 2206 543 2238 nullutn
558 2207 775 2241 inconveniens
787 2210 925 2250 videant,
943 2212 1039 2244 nostri

288 2262 390 2285 tamen
398 2252 493 2286 officii
503 2253 546 2287 cst
559 2267 624 2287 eam
633 2255 803 2289 abominari
818 2268 849 2289 ut
857 2258 1039 2291 monstrum.

287 2301 369 2334 Nam
385 2299 404 2333 fi
417 2302 447 2334 in
461 2315 564 2335 errore
576 2304 693 2336 nullum
706 2303 749 2337 est
762 2317 939 2350 peccatum,
958 2307 1040 2341 certe

286 2362 350 2384 non
364 2349 481 2385 tantum
495 2352 579 2398 quod
589 2352 842 2387 Remonstrantes
856 2355 1039 2402 ubiqueple-

285 2411 329 2432 no
344 2411 400 2432 ore
413 2400 574 2446 praedicant
588 2405 602 2440 ,¹
624 2412 783 2448 quotquot
802 2402 896 2437 hodie
909 2406 939 2437 in
952 2405 1040 2438 terris

285 2448 417 2482 haeretici
431 2450 589 2489 dicuntur,
604 2449 736 2485 habendi
750 2449 814 2485 sunt
827 2466 885 2499 pro
899 2451 1039 2487 fratribus

284 2498 440 2545 genuinis,
466 2512 524 2546 pro
536 2499 653 2534 Christi
666 2500 864 2536 sincerissimis
878 2504 1038 2543 membris;

283 2559 386 2581 verum
401 2549 492 2583 etiam
501 2548 615 2596 Judaeis
628 2554 659 2584 &
673 2551 786 2584 Turcis
801 2552 957 2598 pandenda
974 2549 1039 2586 sunt

283 2595 424 2630 Ecclesiae
438 2599 540 2644 adyta:
561 2599 635 2645 quin
652 2603 684 2633 δε
696 2598 758 2645 ipse
770 2601 961 2648 paganismus
974 2602 1038 2636 adi-

283 2656 349 2679 tum
368 2646 422 2680 hac
442 2648 560 2681 ratione
581 2646 748 2693 postulabit
767 2650 799 2683 in
813 2651 947 2691 coelum;
968 2664 1037 2686 nam

280 2694 466 2740 Judaismus,
487 2695 683 2737 Turcismus,
699 2696 889 2744 paganismus
899 2723 907 2738 ,
921 2701 995 2746 quid
1009 2713 1038 2733 a·

284 2744 346 2777 liud
367 2742 430 2778 sunt
444 2745 536 2793 quam
554 2746 664 2780 mentis
682 2758 810 2781 errores.
853 2747 1003 2783 Profec‘io
1017 2749 1038 2783 s1

284 2793 453 2827 Socinianis
465 2793 577 2842 absque
590 2796 677 2829 omni
692 2796 810 2842 piaculo
824 2822 833 2836 ,
856 2797 967 2845 absque
980 2798 1039 2833 ulle'i

283 2839 379 2875 salutis
395 2844 510 2887 jafiurfi
524 2856 633 2891 negare
647 2845 734 2878 liceat
748 2844 908 2881 Christum
917 2849 1035 2888 Deum,

285 2890 489 2936 blasphemare
502 2895 553 2939 Sp.
569 2894 714 2928 Sanctum
730 2917 741 2933 ‚
766 2898 798 2929 ὃ(
812 2898 927 2940 ejurare
938 2894 1038 2931 sacro-

285 2939 492 2976 sanffiffimam
511 2943 698 2977 Trinitatem
714 2956 723 2983 ;
753 2943 774 2977 fi
795 2946 928 2978 Wrfl‘ius
949 2946 1040 2979 inno—

285 3000 357 3021 cens
371 2989 415 3023 est
429 3014 438 3029 ,
463 2991 535 3025 dum
550 2992 658 3025 Deum
672 2993 702 3025 in
716 2991 874 3028 finitorum
887 3018 898 3032 ,
923 2998 956 3028 &
967 3007 1039 3028 cor-

287 3048 454 3082 poreorum
462 3052 621 3074 numerum
630 3041 901 3088 redigitdiServeta¹
912 3056 984 3090 pura
998 3042 1041 3077 est

288 3085 327 3118 ab
340 3087 427 3119 omni
442 3085 549 3123 scelere
561 3090 658 3123 anima
667 3114 676 3129 ,
701 3103 875 3138 quanquam
889 3094 920 3127 in
933 3094 1040 3128 Deum

289 3135 376 3168 omni
389 3134 637 3182 blasphemiarum
650 3137 789 3186 spurcitie
798 3142 835 3176 ad
844 3142 985 3178 ultimum
994 3142 1040 3178 us-

670 65 1081 107 DlATRIBA

1152 68 1422 109 PR1MA.

1063 153 1124 188 que
1137 139 1273 189 spiritum
1289 141 1493 177 debacchatus
1511 141 1547 178 fit
1559 167 1570 183 ,
1591 144 1666 180 istos
1680 157 1791 182 omnes
1805 147 1827 181 si

1064 191 1176 225 liberes
1192 192 1309 239 peccati
1323 202 1407 227 reatu
1420 191 1483 226 hoc
1498 193 1626 227 nomine
1637 217 1647 233 ‚
1659 197 1746 242 quod
1760 210 1828 244 quae

1066 239 1165 274 miseri
1176 241 1353 276 eruetfirunt
1365 254 1401 275 ex
1414 240 1481 289 ipsis
1496 243 1603 277 animae
1611 245 1825 289 penetralibus,

1067 302 1106 324 ex
1121 291 1186 337 ipsa
1204 291 1315 326 mentis
1331 289 1387 325 suae
1401 290 1534 326 medulla
1548 292 1749 338 protulerint,
1773 294 1832 328 ini-

1067 352 1165 386 quum
1179 339 1261 374 certe
1275 337 1365 375 fuerit
1376 340 1489 375 artiore
1500 341 1637 376 carbone
1652 340 1834 390 notfisseJu-

1068 390 1149 422 daeos
1163 390 1212 423 vel
1225 390 1356 429 Turcas,
1369 390 1418 424 vcl
1431 392 1589 437 Paganos3
1604 403 1738 438 quorum
1752 392 1833 426 mul-

1068 438 1089 470 ti
1103 436 1224 483 fingulis
1237 434 1356 486 semper
1364 437 1468 472 seculis
1478 438 1755 486 para'tifueruntvel
1768 440 1834 476 san-

1069 486 1171 533 guine,
1182 489 1213 520 &
1225 486 1289 522 vita
1297 514 1308 532 ,
1327 486 1548 523 testatiffimum
1561 486 1660 525 facere
1673 503 1741 537 quae
1754 503 1833 525 con-

1068 546 1112 568 tra
1127 534 1322 569 Christianos
1341 534 1583 583 blasphemarent
1596 562 1607 578 ,
1632 551 1667 573 ea
1679 538 1707 574 se
1719 538 1832 588 absque

1069 584 1156 618 omni
1171 582 1342 632 hypocrisi,
1368 598 1405 620 ex
1417 586 1484 620 imo
1498 587 1601 622 cordis
1614 612 1626 629 ‚
1650 588 1831 637 qualequale

1068 633 1232 673 haberent,
1253 632 1351 668 fundo
1364 633 1515 681 proferre,
1530 635 1584 670 nisi
1597 637 1635 672 ad
1647 636 1716 672 istas
1728 636 1831 674 absur-

1069 684 1196 717 ditatum
1205 684 1376 732 Gorgonas
1386 684 1642 722 Remonstrant'es
1649 687 1829 735 expasseanr,

1069 732 1161 766 nobis
1176 732 1309 780 ipsorum
1322 734 1430 769 durior
1441 734 1599 771 adamante
1611 733 1710 778 frons,
1725 736 1830 786 stupo-

1069 782 1109 815 ris
1122 781 1287 828 plurimum
1302 783 1438 819 incutiet.

1129 831 1176 864 Ex
1189 832 1282 866 tertio
1295 842 1547 880 argumentorum
1562 832 1668 876 fonte,
1687 837 1829 877 Parrum,
1846 842 1992 879 nstimom'ae

1069 892 1148 925 quos
1162 891 1282 920 vocant,
1297 882 1495 922 testimoniis,
1506 883 1587 918 bene
1599 886 1694 920 multa
1707 885 1829 921 haurire
1845 886 1962 912 Parrum.

1070 930 1206 975 proclive
1219 929 1273 964 est.
1307 931 1440 966 Animus
1454 929 1513 967 fuit
1525 945 1561 967 ex
1574 932 1704 969 historia
1716 935 1831 982 prima-

1070 991 1137 1012 rum
1158 991 1290 1026 quatuor
1303 981 1597 1016 OEcumenicarum
1611 983 1829 1030 Synodorum,

1069 1039 1160 1075 prout
1178 1029 1216 1063 ab
1231 1028 1367 1064 Eusebio
1379 1055 1388 1070 ‚
1415 1030 1628 1067 Theodoreto
1639 1056 1649 1070 ‚
1678 1036 1807 1068 Socrate
1818 1059 1830 1076 ,

1071 1078 1262 1124 Epiphanio,
1279 1083 1310 1114 δε
1323 1080 1387 1114 aliis
1400 1080 1577 1118 traditaest‚
1595 1081 1831 1125 demonstrasse,

1071 1128 1147 1173 quid
1160 1129 1280 1162 tandem
1295 1129 1367 1163 illud
1381 1127 1472 1164 fuerit
1483 1130 1570 1179 quod
1583 1130 1615 1165 in
1630 1134 1709 1166 Ario
1725 1136 1834 1183 Qec-

1073 1180 1106 1211 ml
1114 1202 1124 1217 ‚
1140 1177 1226 1222 quod
1242 1178 1272 1210 in
1285 1178 1496 1213 macedonio
1509 1181 1833 1232 Constantinopolitani‚

1074 1228 1105 1259 in
1126 1227 1282 1274 cht‘ort'o
1300 1228 1433 1276 Ephefim'
1450 1232 1553 1264 Patres
1565 1253 1575 1269 ,
1601 1234 1633 1265 δε
1651 1231 1682 1265 in
1702 1232 1835 1281 Eutyche

1079 1274 1314 1319 Chalcedonenses
1329 1300 1337 1314 ‚
1364 1290 1395 1311 ut
1410 1278 1588 1314 haereticum
1603 1280 1830 1318 damnaverunt.

1055 1350 1056 1354 ,
1074 1323 1197 1371 Hospes
1209 1325 1252 1359 est
1266 1326 1297 1359 in
1309 1327 1403 1360 veteri
1418 1327 1546 1362 historia
1559 1330 1613 1375 qui
1630 1328 1724 1366 nescit
1750 1344 1834 1379 quo-

1075 1376 1130 1408 ties
1144 1374 1281 1423 plerique
1293 1388 1401 1410 omnes
1416 1375 1616 1413 haeresiarchae
1629 1404 1641 1420 ‚
1666 1381 1703 1415 ad
1716 1381 1831 1416 evitan-

1076 1424 1126 1458 das
1138 1448 1146 1461 ‚
1167 1437 1240 1471 quas
1254 1436 1320 1458 tum
1333 1424 1475 1459 Ecclefiae
1488 1439 1636 1465 canones,
1650 1439 1716 1463 tum
1731 1431 1834 1477 Impe-

1078 1484 1213 1507 ratorum
1228 1474 1327 1507 caieta
1339 1498 1349 1513 ‚
1377 1475 1409 1507 in
1431 1473 1555 1509 haeresin
1570 1475 1751 1520 statuebant,
1761 1492 1832 1526 poe-

1077 1535 1144 1563 nas;
1158 1522 1352 1569 perditissima&
1365 1522 1558 1559 simulatione
1570 1523 1694 1571 professi
1708 1526 1766 1562 sint
1780 1540 1834 1562 or-

1075 1572 1256 1606 thodoxiam
1268 1597 1276 1609 ‚
1305 1583 1412 1607 contra
1432 1572 1624 1611 conscientiae
1644 1577 1770 1611 errantis
1787 1578 1834 1612 di-

1076 1622 1217 1656 Gramina.
1257 1623 1357 1670 Qod
1386 1624 1462 1660 vero
1482 1636 1617 1672 unquam
1639 1623 1831 1662 famosorum

1077 1669 1234 1719 quisquam
1250 1670 1466 1708 haereticorum
1479 1686 1598 1710 errores
1606 1675 1725 1711 tantum
1738 1675 1834 1712 fimu-

1076 1722 1195 1757 laverit,
1215 1722 1302 1769 quod
1314 1732 1453 1758 veterum
1470 1722 1630 1772 quisquam
1643 1724 1773 1762 affirmet
1786 1726 1836 1761 ul-

1076 1771 1134 1805 lam
1149 1771 1366 1806 haereticorum
1380 1770 1494 1808 se&am
1506 1773 1613 1811 dedita
1624 1775 1719 1823 oper&
1739 1774 1836 1811 scien-

1078 1832 1141 1860 tes,
1164 1821 1328 1867 prudentes
1340 1846 1349 1859 ,
1377 1820 1446 1857 falsa
1461 1823 1679 1871 dogmatizasse
1692 1850 1703 1865 ‚
1727 1835 1836 1860 contra

1079 1869 1242 1917 expressam
1260 1872 1410 1906 mentium
1424 1869 1542 1907 suarum
1562 1874 1836 1910 obtenebratarum

1076 1919 1267 1958 sententiam,
1288 1921 1389 1956 nullus
1403 1920 1550 1969 ριόῑεᾶὶὸ
1563 1924 1701 1959 memini.
1736 1924 1836 1961 Certe

1076 1971 1105 2003 in
1119 1980 1265 2016 promptu
1274 1995 1284 2010 ,
1298 1975 1329 2006 &
1342 1971 1379 2006 ad
1393 1984 1518 2007 manum
1534 1985 1599 2009 erat
1613 1973 1783 2008 errantibus
1796 1986 1836 2008 o-

1076 2020 1198 2053 mnibus
1214 2020 1501 2057 Remonstrantium
1511 2022 1575 2058 haec
1582 2023 1757 2071 Apologia,
1773 2024 1835 2058 ini-

1076 2069 1136 2117 que
1158 2066 1260 2103 stcum
1284 2071 1333 2118 agi
1346 2071 1586 2107 occlamantibus
1598 2098 1609 2113 ‚
1634 2073 1721 2120 quod
1734 2084 1831 2118 quan-

1076 2120 1185 2152 tumvis
1198 2122 1265 2155 tota
1278 2131 1412 2155 errarent
1423 2123 1519 2161 terra,
1535 2123 1625 2161 mari,
1638 2121 1736 2159 coelo,
1752 2132 1831 2167 pro-

1078 2169 1124 2201 cul
1140 2178 1241 2202 tamen
1261 2169 1299 2202 ab
1312 2170 1400 2202 omni
1413 2168 1561 2203 haereseos
1577 2169 1710 2203 abessent
1727 2182 1833 2204 macu-

1076 2217 1121 2249 la:
1143 2217 1394 2262 quandoquidem
1406 2218 1498 2262 parati
1512 2218 1604 2252 essent
1617 2220 1708 2253 Deos
1720 2231 1830 2253 omnes

1074 2265 1188 2305 jurare,
1208 2263 1259 2297 etsi
1272 2265 1375 2307 juratis
1388 2266 1467 2298 nulla
1481 2265 1555 2300 fides
1569 2267 1775 2307 adhiberetur,
1783 2279 1829 2302 et-

1076 2313 1135 2343 iam
1149 2310 1298 2357 sanguinis
1317 2314 1464 2360 martyrio
1476 2312 1578 2349 testari
1593 2340 1604 2355 ‚
1629 2314 1679 2351 sua
1696 2315 1753 2351 sibi
1770 2317 1830 2351 do-

1076 2370 1175 2405 gmata
1188 2359 1346 2400 sanissima,
1367 2361 1516 2397 verissima
1528 2364 1630 2398 videri.
1656 2364 1832 2410 Hujusmo-

1076 2408 1104 2441 di
1119 2419 1220 2443 tamen
1236 2422 1375 2444 errorum
1389 2410 1541 2447 excusatio
1554 2413 1770 2450 haereticorum
1782 2417 1831 2450 in-

1076 2458 1285 2505 geniofiffimis
1298 2460 1329 2494 in
1338 2471 1474 2496 mentem
1487 2474 1644 2510 nunquam
1657 2465 1748 2500 venit.

1124 2509 1175 2542 Ad
1189 2508 1251 2543 hoc
1265 2510 1461 2556 probandum
1471 2536 1482 2552 ‚
1494 2513 1622 2559 nilopus
1635 2514 1679 2549 est
1687 2515 1831 2550 testimo-

1077 2557 1135 2590 niis
1148 2559 1271 2593 Patrum
1280 2572 1290 2599 ;
1305 2561 1549 2604 Qmonstrantes
1556 2562 1772 2599 nudiustertius
1779 2578 1831 2600 na-

1076 2606 1115 2645 ti,
1136 2619 1196 2653 prae
1209 2605 1236 2642 se
1252 2606 1353 2642 ferunt
1364 2609 1466 2656 aperte
1479 2612 1640 2646 cornicum
1654 2613 1704 2648 hic
1717 2615 1827 2649 oculos

1075 2654 1232 2702 configere
1245 2671 1253 2690 :
1279 2655 1476 2703 superciliose
1500 2658 1567 2694 satis
1586 2660 1642 2695 sibi
1663 2663 1729 2697 unis
1742 2677 1830 2699 acce-

1076 2714 1158 2750 ptam
1178 2702 1250 2739 ferri
1268 2706 1378 2741 volunt
1401 2706 1525 2753 hujusce
1547 2711 1662 2745 inventi
1683 2713 1825 2759 gloriam.

1076 2753 1126 2787 Ad
1135 2754 1255 2788 noviter
1262 2767 1457 2802 repertorum
1466 2771 1637 2800 numerum,
1644 2774 1755 2808 nupera
1763 2761 1827 2795 haec

1074 2800 1211 2849 ipsorum
1222 2803 1260 2838 de
1271 2804 1374 2840 haerefi
1389 2810 1613 2843 commentatio
1634 2811 1826 2857 adjungenda

1073 2851 1128 2886 est.
1160 2853 1244 2901 Qia
1257 2865 1358 2889 tamen
1372 2869 1411 2890 ex
1428 2857 1605 2904 Augustino
1627 2858 1764 2905 quaedam
1783 2856 1827 2893 af-

1073 2900 1152 2934 ferre
1162 2902 1255 2935 videri
1268 2903 1391 2940 volunt,
1406 2905 1518 2952 quibus
1524 2905 1571 2941 sua
1582 2906 1826 2949 statuminentur,

1074 2961 1137 2982 non
1152 2949 1302 2996 gravabor
1315 2963 1351 2985 ex
1364 2965 1404 2986 eo
1418 2966 1510 2999 pauca
1523 2955 1615 2990 citare
1626 2981 1637 2996 ,
1664 2969 1765 3004 eoque
1778 2959 1826 2992 lu-

1074 2998 1215 3038 bentius,
1228 3000 1315 3045 quod
1327 3002 1502 3047 Augustino
1515 3016 1614 3039 nemo
1626 3005 1784 3054 quisquam
1794 3008 1826 3041 in

1073 3046 1136 3081 hoc
1148 3060 1330 3095 argumento
1341 3051 1424 3085 testis
1438 3053 1533 3099 magis
1550 3055 1680 3090 idoneus
1696 3057 1827 3103 produci

1073 3096 1169 3144 possit.
1197 3099 1280 3131 Nam
1293 3111 1388 3134 nemo
1401 3103 1523 3137 Patrum
1537 3103 1649 3139 diutius
1661 3103 1826 3142 infoediffi-

1074 3157 1191 3181 marum
1200 3145 1355 3184 haereseon
1366 3162 1461 3186 coeno
1471 3153 1626 3195 volutavit,
1635 3166 1730 3191 nemo
1737 3166 1824 3204 aper-

1761 3215 1821 3238 ΗΠΒ
