2048 3343
487 103 1456 170 EarsTOLchCo‘LLAa-xo.
1556 129 1559 132 ·
1687 117 1734 158 ¹31

185 206 393 246 meritorum?
407 216 443 238 an
456 200 616 250 quisquam
633 197 868 233 nominatorum
881 191 941 226 do-

187 271 258 308 gma
270 257 334 292 boc
347 255 409 289 vult
422 251 606 288 catholicam
618 247 794 283 doetrinam
806 243 941 277 ullorum

187 309 337 345 Parrum?
353 302 496 350 Calvinus
509 311 622 348 paucos
634 297 693 331 hos
707 306 787 342 quos
805 292 877 326 citat
890 300 944 334 pa-

188 370 251 393 tres
264 369 323 403 pro
335 353 489 388 electione
502 362 538 383 ex
546 344 733 395 praescientia
740 340 849 385 rejicit.
868 338 944 371 Me-

191 406 326 442 Iansthon
344 403 458 436 librum
478 397 601 432 Calvini
618 394 656 428 de
680 387 945 440 praedestinatione

191 453 388 504 approbavit,
399 454 482 484 Beza
493 442 591 493 teipso
604 441 680 477 teste
690 466 700 481 ‚
713 448 803 476 vocat
813 436 876 472 hoc
888 435 947 470 do-

193 518 264 555 gma
276 513 429 537 errorem,
443 507 576 544 eumque
585 490 787 540 turpissimum
797 511 805 524 ‚
818 486 948 534 quicun-

194 567 255 603 que
262 552 385 587 tandem
399 553 523 584 Parrum
531 543 605 579 illud
617 550 756 576 teneant:
770 549 877 572 verum
885 545 950 569 non

195 606 228 640 hi
237 615 298 638 tres
311 599 447 637 tantum,
467 595 517 630 sed
533 605 644 628 omnes
658 590 703 625 tui
715 587 806 622 amici
822 584 952 620 asserunt

196 665 295 689 errare
304 651 480 699 quicunque
493 645 608 680 docent
620 641 715 675 ullum
723 638 785 672 dari
796 635 952 672 meritum,

197 704 290 739 ullam
302 697 418 735 causam
432 721 442 736 ,
469 695 561 729 ullam
581 689 796 733 conditionem
818 684 880 719 sine
893 683 955 730 qua

199 765 265 788 non
276 764 310 785 ex
325 760 407 798 parte
421 743 559 780 hominis
571 751 687 775 aeternae
700 735 874 771 electionis‚
890 743 956 765 non

200 801 320 838 tantum
335 799 496 831 Arminius
509 797 539 828 δι
548 790 703 827 molina
716 784 790 832 saepe
802 809 811 825 ‚
835 781 884 817 sed
897 777 957 828 ipse

202 849 371 901 Spalatenfis
394 847 467 880 loco
480 843 542 877 hoc
555 842 571 875 a
585 852 615 875 te
629 839 725 873 citato
740 835 804 869 hoc
817 833 933 867 docent
950 853 958 865 ‚

204 901 279 949 quin
293 903 323 933 &
342 897 415 930 ultra
428 906 458 928 te
474 891 601 927 docebit
613 888 733 931 Voffius‚
748 882 836 932 quod
849 879 958 915 summi

204 949 302 986 nostri
314 944 496 991 Theologi‚
523 940 575 975 etsi
587 938 642 973 viri
653 946 759 971 caetera
771 930 906 980 egregii,
928 929 960 961 in

205 998 348 1035 Patribus
366 1006 468 1029 tamen
488 990 624 1037 hospites
642 984 765 1020 fuerint.
792 982 843 1016 ille
857 991 887 1013 te
902 977 959 1011 do-

208 1049 290 1084 cebit
303 1045 391 1094 quod
403 1043 459 1078 five
473 1039 615 1086 Calvinus
624 1062 634 1077 ‚
645 1035 817 1070 sive‘Beza‚
832 1027 881 1063 seu
893 1027 962 1075 quis

209 1100 283 1134 alius
296 1097 408 1130 docere
422 1092 484 1127 vult
495 1090 541 1126 vel
560 1089 692 1122 Graecos
706 1082 756 1116 vel
768 1080 897 1116 Latinos
907 1080 963 1111 Pa-

211 1160 271 1183 tres
281 1172 290 1187 ‚
306 1144 355 1179 seu
368 1154 436 1178 ante
449 1141 499 1175 seu
515 1137 585 1187 post
602 1131 804 1183 Augustinum
817 1127 893 1162 stare
906 1137 964 1172 pro

212 1197 366 1232 electione
374 1206 408 1226 ex
416 1186 601 1239 praescienti&
607 1211 617 1226 ‚
631 1180 743 1230 absque
755 1176 915 1223 multiplici
922 1174 964 1207 di-

213 1247 381 1281 stinffione
394 1243 463 1276 illos
478 1243 601 1274 Patrum
615 1242 752 1268 mentem
763 1239 829 1262 non
840 1235 966 1271 capere,

214 1295 344 1331 affirmat
351 1293 433 1327 enim
442 1288 545 1334 Wffim
553 1290 654 1320 Patres
661 1289 770 1315 omnes
776 1277 888 1310 docere
897 1285 967 1320 pro-

214 1345 345 1380 fundum
358 1347 388 1377 ὃ(
404 1339 550 1374 secretum
563 1334 630 1369 Dei
642 1331 799 1365 decretum
813 1325 850 1359 de
864 1322 970 1356 homi-

216 1407 291 1429 num
300 1392 388 1426 salute
396 1386 579 1423 antecedens
593 1391 722 1415 omnem
735 1372 972 1411 administratio-

215 1456 288 1479 nem
300 1440 476 1476 mediorum
491 1434 593 1482 gratiae
602 1455 611 1471 ‚
630 1429 744 1464 nedum
758 1425 845 1459 aetus
861 1431 973 1457 omnes

215 1493 318 1542 gratiae
331 1491 362 1524 in
375 1486 505 1521 homine
513 1494 594 1530 quos
607 1479 657 1512 illa
669 1472 890 1511 administratio
899 1484 975 1518 ope-

216 1554 279 1578 rata
293 1539 337 1574 est
350 1536 473 1571 Histor.
489 1533 590 1578 Pclag.
603 1540 672 1576 pag.
680 1527 752 1573 548.
766 1523 857 1570 &qui
864 1522 978 1556 docent

218 1591 406 1627 electionem
413 1583 576 1619 secundum
583 1575 799 1627 praeicieutiam
807 1572 978 1620 intelligen-

217 1637 403 1677 dostantiim
413 1634 450 1668 de
459 1631 762 1683 gratiaeiucremento
780 1635 845 1658 non
859 1622 897 1657 de
910 1633 979 1669 gra-

218 1693 263 1726 tia
277 1687 374 1736 primfi
388 1697 456 1732 pag.
473 1687 549 1730 546.
562 1680 603 1714 Et
613 1677 701 1726 quod
712 1674 827 1710 habent
834 1676 936 1708 Patres
944 1671 981 1706 de

220 1737 307 1776 causa
326 1735 489 1772 eleftionis
504 1745 541 1766 ex
555 1739 638 1778 parte
651 1726 790 1761 hominis
809 1723 981 1770 intelligen-

221 1791 297 1825 dum
310 1787 354 1822 est
367 1786 404 1820 de
421 1782 603 1818 executione
617 1775 736 1811 tanturn
746 1800 757 1815 ,
779 1773 829 1810 seu
841 1774 873 1806 iu
886 1774 956 1806 actu
968 1795 979 1811 ,

222 1839 274 1875 {eu
282 1840 312 1872 in
323 1846 426 1871 mente
438 1831 537 1868 divinfi
545 1854 553 1866 ‚
568 1840 633 1863 non
641 1836 743 1861 autem
751 1825 790 1859 de
802 1821 868 1871 ipso
879 1822 984 1857 decre-

223 1900 260 1924 to
274 1900 343 1935 pag.
358 1889 438 1920 606.
452 1878 603 1917 Profecto
616 1888 649 1911 ut
662 1875 777 1922 probes
786 1872 985 1909 intuamente

225 1936 313 1973 fuisse
331 1940 451 1973 Patres,
470 1932 534 1966 aliis
549 1929 606 1963 tibi
622 1925 809 1961 testimoniis
826 1935 906 1971 opus
918 1920 962 1956 est
973 1945 983 1961 ‚

225 1999 299 2022 nam
309 1986 346 2020 de
359 1995 468 2031 magna
482 1993 573 2029 quam
589 1976 759 2027 Spalatensts
772 1978 803 2010 &
817 1974 922 2018 Vossius
930 1970 988 2006 tibi

228 2035 420 2084 suppeditant
434 2030 581 2078 farragine
595 2053 604 2068 ,
637 2026 710 2060 cum
724 2025 747 2059 si
764 2023 864 2072 legisti
879 2033 989 2057 rotun-

229 2087 304 2121 dum
317 2082 540 2118 duodenarium
554 2078 592 2112 de
605 2076 739 2112 maxim'e
750 2099 760 2115 ,
787 2085 821 2108 ut
840 2072 984 2120 putaba8‚

229 2132 440 2183 pungentibus
455 2155 463 2167 ,
495 2127 617 2164 ostendi
634 2138 674 2160 ne
695 2137 792 2159 unum
810 2122 937 2171 quidem
954 2133 991 2154 0-

231 2185 353 2219 mnium
365 2192 450 2215 tuam
464 2178 562 2213 thesin
575 2176 786 2214 statuminare‚
800 2172 938 2208 mirabor
945 2182 994 2204 er-

232 2246 277 2281 go
291 2232 311 2266 si
324 2230 372 2265 isti
385 2230 447 2264 loci
468 2237 605 2261 mentem
618 2237 702 2259 tuam
718 2224 734 2258 a
747 2222 997 2258 communiPro-

234 2281 411 2318 testantium
423 2277 566 2313 doctrina
579 2274 770 2307 abduxerint.
796 2273 894 2306 Certe
901 2266 998 2316 prius-

235 2343 331 2380 quam
351 2327 448 2362 thesin
466 2336 551 2359 tuam
570 2322 790 2367 amplectamur
810 2330 844 2353 ut
862 2318 999 2352 divinam

238 2381 396 2417 veritatem
409 2401 418 2415 ‚
444 2371 604 2409 necessaria
621 2378 710 2403 erunt
730 2368 786 2400 alia
804 2365 1002 2399 fundamenta

242 2429 336 2477 quam
345 2424 520 2461 testimonia
529 2425 650 2457 Parrum
667 2417 684 2452 ὲ
697 2413 925 2450 recentioribus
936 2422 1002 2446 tan-

974 189 1091 238 pistolae
1103 200 1169 223 non
1182 185 1248 221 sunt
1260 184 1374 232 scripta:
1386 191 1493 218 contra
1505 176 1711 226 Augustinum
1719 201 1730 217 ,

978 243 1009 274 &
1024 239 1157 272 rationes
1176 235 1238 270 istae
1252 245 1310 269 tuae
1325 245 1390 267 non
1408 227 1573 270 afferuntur
1586 241 1623 262 ex
1643 239 1733 261 men-

979 299 1009 321 te
1021 287 1068 323 vel
1079 286 1222 335 ‘Prospera'
1234 283 1280 319 vel
1293 283 1414 317 Hilarii
1426 305 1436 321 ,
1452 278 1534 327 quasi
1547 279 1579 312 in
1591 277 1655 311 ullo
1667 274 1733 320 jotc'i

981 336 1019 370 ab
1032 335 1195 384 Augustino
1209 332 1409 379 discreparent
1424 331 1455 363 iu
1468 328 1612 362 doffih‘ina
1623 327 1688 370 ejus
1696 325 1735 358 de

982 385 1138 418 electione
1153 407 1162 420 ‚
1186 382 1235 417 sed
1258 380 1387 416 nomine
1411 376 1537 412 suorum
1561 376 1736 418 vicinorum

983 433 1239 476 Maffilicnfium
1269 429 1568 478 Semipelagianorum
1597 423 1736 458 aiddu&ae

985 482 1065 522 sunt,
1084 493 1158 530 quas
1167 479 1220 527 ipsi
1227 478 1359 513 omnino
1369 477 1565 522 rejiciebant,
1579 470 1738 509 &tantum

985 547 1023 568 ex
1049 530 1218 580 Augustini
1235 528 1383 562 eminenti
1400 525 1524 560 scientia
1547 522 1739 570 postularunt

987 595 1080 630 opem
1091 605 1100 621 ,
1119 580 1181 627 qua
1195 576 1285 627 plen'e
1296 576 1333 610 ad
1345 574 1399 609 ista
1414 575 1541 618 objecta
1556 569 1740 618 respondere

987 631 1217 667 instruerentur.
1240 627 1289 662 Sic
1302 623 1330 660 se
1342 637 1408 658 rem
1419 623 1534 657 habere
1545 618 1741 655 manifestum

990 681 1051 721 est,
1065 692 1136 715 nam
1147 676 1312 726 profitetur
1325 672 1459 720 Prosper
1472 683 1541 706 non
1553 669 1674 703 tanturn
1689 666 1744 702 of-

992 728 1076 765 fendi
1089 728 1117 763 se
1130 725 1378 763 contradictione
1395 720 1620 765 ltdaffilienfium
1637 719 1652 763 <
1661 730 1744 765 quo-

992 793 1078 820 rum,
1092 778 1208 825 inquit,
1223 773 1474 810 contradiffione
1487 768 1698 812 offendimur)
1713 770 1745 800 &

994 829 1079 864 suum
1095 828 1134 862 ab
1154 825 1222 874 ipsis
1241 821 1401 859 dissensum
1422 822 1438 867 (
1456 817 1612 867 possumus
1631 817 1668 850 ad
1681 827 1747 849 non

995 878 1182 914 credendum
1195 873 1253 909 esse
1267 872 1464 918 constantes)
1489 868 1537 903 sed
1558 868 1650 902 etiam
1665 864 1749 899 affir-

996 939 1058 962 mat
1075 924 1213 973 ipsorum
1231 923 1407 958 doctrinam
1426 918 1484 954 esse
1497 916 1750 965 perversissimam

998 978 1102 1025 (quod
1110 975 1182 1010 cum
1194 971 1445 1020 perversissimum
1457 967 1513 1003 esse
1521 967 1687 1002 instruente
1699 963 1752 998 tua

999 1025 1187 1061 beatitudine
1200 1022 1404 1065 noverimus)
1427 1019 1536 1054 vulnus
1552 1015 1609 1051 esse
1623 1026 1754 1062 perven-

999 1088 1101 1111 turum
1116 1075 1152 1109 ad
1163 1073 1334 1107 stelionem
1342 1069 1386 1104 ob
1396 1066 1633 1116 perseverantem
1646 1075 1755 1099 tumo-

1001 1138 1066 1160 rem
1076 1150 1087 1169 2
1098 1123 1185 1171 quod
1198 1123 1229 1156 in
1240 1122 1275 1156 exi
1289 1120 1458 1167 periculum
1475 1115 1546 1150 essct
1559 1127 1624 1149 non
1636 1112 1757 1148 tantum

1002 1175 1125 1223 pauxilli
1143 1172 1253 1207 veneni
1275 1171 1329 1215 (in
1344 1168 1406 1202 istis
1426 1167 1592 1213 Pelagianae
1606 1162 1759 1210 pravitatis

1005 1223 1139 1271 reliquiis
1153 1233 1218 1255 non
1227 1219 1393 1254 mediocris
1402 1212 1653 1251 virulentiaefibra
1663 1210 1762 1245 nutri-

1005 1275 1078 1319 tur)
1094 1271 1144 1306 sed
1159 1271 1252 1305 etiam
1264 1268 1376 1315 integri
1394 1262 1602 1313 Pelagianismi
1623 1263 1685 1307 (ne
1699 1272 1763 1294 tam

1008 1323 1094 1358 claris
1102 1320 1171 1356 viris
1181 1319 1299 1367 spiritus
1311 1317 1476 1364 Pelagianae
1485 1313 1634 1359 pravitatis
1642 1310 1746 1344 illudat
1754 1333 1764 1348 ‚

1009 1383 1120 1407 notum
1133 1369 1176 1404 est
1188 1370 1228 1403 ita
1240 1365 1372 1401 falsitatis
1385 1364 1470 1399 istius
1482 1362 1595 1397 habere
1606 1359 1764 1397 versutiaS,

1012 1433 1045 1456 ut
1056 1421 1122 1456 fiiis
1131 1420 1236 1454 liceret
1249 1427 1401 1464 praetentae
1414 1411 1620 1448 correctionis
1633 1409 1767 1456 imagine

1012 1470 1138 1520 aliquod
1151 1469 1206 1503 fibi
1220 1466 1386 1502 faventium
1398 1464 1506 1498 radicis
1519 1459 1573 1495 suae
1580 1470 1707 1508 germen
1715 1470 1769 1491 ex-

1013 1524 1115 1570 cipere
1128 1530 1227 1554 totam
1244 1516 1270 1551 se
1284 1514 1368 1564 posse
1384 1515 1416 1547 in
1434 1513 1543 1560 exigua
1555 1508 1596 1544 sui
1615 1519 1699 1556 parte
1720 1519 1770 1540 re-

1015 1584 1127 1621 parare.
1141 1572 1155 1616 )
1636 1562 1642 1565 “

1063 1621 1182 1656 Eadem
1195 1617 1313 1651 Hilarii
1323 1627 1409 1649 mens
1417 1612 1471 1647 est.
1489 1607 1684 1646 Adversarios
1692 1618 1774 1654 quo-

1017 1684 1087 1706 rum
1100 1671 1236 1704 rationes
1250 1665 1329 1700 misit
1346 1663 1382 1698 ad
1402 1662 1611 1711 Augustinum
1624 1655 1701 1691 ferre
1708 1667 1775 1689 non

1018 1722 1120 1770 potuit
1132 1745 1141 1760 ,
1163 1720 1227 1763 ejus
1241 1726 1347 1750 contra
1361 1713 1429 1748 istas
1442 1709 1631 1758 impatientia
1643 1704 1700 1740 fuit
1716 1717 1777 1739 no-

1019 1772 1099 1806 toria
1115 1772 1204 1816 (non
1217 1767 1304 1814 quod
1316 1765 1354 1799 de
1367 1765 1406 1797 iis
1419 1774 1486 1810 quae
1496 1772 1577 1794 nunc
1589 1755 1778 1802 edidistiego

1021 1821 1178 1859 dubitem,
1199 1817 1256 1851 hac
1273 1813 1440 1862 suspicione
1453 1812 1485 1845 in
1497 1808 1617 1844 tantum
1629 1817 1733 1845 careo,
1746 1815 1780 1837 ut

1023 1869 1128 1919 potius
1141 1866 1351 1902 infirmitatem
1372 1874 1492 1900 meam,
1512 1859 1577 1907 qua
1587 1857 1660 1891 tales
1673 1866 1782 1902 parurn

1023 1921 1173 1969 patienter
1181 1915 1263 1956 fero,
1270 1913 1441 1949 notabilem
1449 1910 1572 1957 putem)
1582 1907 1611 1941 ei
1623 1915 1707 1940 erant
1719 1903 1785 1950 [in-

1025 1966 1263 2017 defatigabiliter
1269 1958 1461 1999 contentiosa
1469 1958 1562 1994 corda
1570 1967 1704 2004 quorum
1714 1965 1784 2000 per-

1027 2019 1144 2056 vicacia
1161 2016 1315 2060 crucior.)
1338 2016 1455 2048 Praeter
1474 2009 1552 2042 duos
1564 2006 1624 2040 hos
1638 2005 1655 2038 a
1666 2015 1696 2038 te
1710 2003 1786 2036 cita-

1029 2081 1098 2108 tos,
1118 2066 1221 2110 Voffius
1240 2076 1310 2099 tuus
1325 2062 1378 2109 qui
1394 2060 1510 2106 ubique
1523 2066 1671 2103 quantum
1684 2049 1787 2099 potest

1031 2118 1331 2167 Semipelagianorum
1353 2107 1483 2145 excessus
1504 2107 1624 2152 mitigat
1638 2128 1648 2143 ‚
1677 2113 1708 2136 te
1728 2100 1788 2134 do-

1032 2168 1117 2204 cebit
1133 2175 1326 2214 quantopere
1338 2161 1398 2196 toti
1417 2155 1549 2192 ecclesiae
1564 2152 1722 2188 catholicae
1742 2149 1792 2183 di-

1034 2216 1207 2265 splicuerint
1221 2215 1357 2247 rationes
1369 2208 1431 2243 istae
1445 2219 1518 2254 quas
1531 2204 1581 2238 hic
1590 2203 1628 2236 de
1640 2201 1793 2249 Spalatcn-

1027 2269 1066 2312 fis
1079 2277 1171 2300 manu
1188 2264 1246 2297 tibi
1259 2262 1335 2296 libet
1348 2259 1503 2304 accipere,
1522 2263 1678 2298 utcunque
1692 2259 1795 2283 earum

1029 2315 1153 2355 ‘nullam
1166 2311 1334 2355 rejicivolo
1349 2321 1385 2341 ex
1399 2304 1462 2340 solzi
1470 2300 1675 2348 cujuscunque
1688 2298 1796 2332 aucto-

1039 2363 1143 2399 ritate,
1156 2360 1178 2392 fi
1191 2359 1290 2392 modo
1304 2358 1364 2391 ulla
1372 2354 1504 2391 veritatis
1513 2350 1638 2385 scintilla
1654 2351 1684 2382 in
1694 2348 1729 2381 iis
1739 2359 1798 2394 po-

1041 2408 1099 2443 test
1113 2407 1239 2454 percipi.

244 2480 314 2514 tum
327 2478 416 2512 citata
423 2484 531 2508 contra
543 2468 677 2517 ipsorum
685 2466 1004 2501 au&orum1nentem.
1091 2456 1264 2491 Rationum
1275 2464 1394 2487 tuarum
1407 2451 1504 2499 prima
1511 2447 1565 2484 cst.
1592 2448 1622 2481 Si
1634 2445 1735 2480 homo
1744 2443 1799 2478 ab·
1813 2454 1949 2491 Augustini

86 2544 204 2573 Rationes
296 2528 366 2563 Alia
375 2537 441 2573 quae
453 2520 603 2571 proponis
612 2516 831 2553 sententiaetuae
840 2511 934 2547 fulcra
942 2509 1007 2544 sunt
1045 2507 1140 2542 solute
1154 2503 1380 2553 praedestinatus
1395 2501 1440 2540 fit,
1455 2501 1535 2533 vivat
1546 2508 1580 2535 ut
1592 2497 1694 2531 volet,
1711 2499 1741 2529 &
1755 2492 1798 2527 fa-
1812 2493 1924 2533 responsto
1931 2493 1966 2521 ad

83 2586 129 2624 fix
145 2582 164 2609 ἃ
182 2585 238 2617 spa.
250 2577 298 2613 sex
311 2576 445 2611 rationes
454 2585 524 2607 cum
537 2570 594 2604 hac
607 2565 785 2615 praefatione
793 2589 803 2604 ,
818 2563 951 2597 rationes
962 2559 1008 2593 hae
1046 2558 1105 2592 ciat
1117 2556 1209 2603 quarn
1222 2552 1325 2600 potest
1338 2551 1475 2598 pessima,
1485 2560 1549 2582 non
1564 2544 1664 2593 potest
1678 2545 1775 2591 perire
1790 2567 1799 2582 ‚
1813 2536 1897 2580 51⁷⁶&
1900 2533 1958 2570 ‘nst‘

88 2621 238 2670 latenfipm-
253 2639 326 2675 quas
341 2626 401 2673 legi
416 2648 425 2661 ,
451 2632 561 2657 contra
576 2614 721 2653 diversam
737 2613 915 2649 sententiam
928 2621 1009 2644 non·
1048 2611 1078 2642 δι
1101 2605 1122 2639 si
1143 2602 1282 2638 absolute
1302 2600 1485 2648 reprobetur
1497 2622 1506 2637 ‚
1535 2594 1623 2629 faciat
1638 2595 1733 2641 quarn
1746 2605 1802 2640 po·
1815 2584 1939 2644 {zwffm

90 2663 242 2733 'gx‘ffliej
255 2679 328 2712 dum
336 2675 372 2709 ad
381 2681 624 2708 meammentem
635 2666 737 2701 solutae
745 2663 822 2698 sunt.
842 2663 902 2697 Eas
915 2656 1011 2694 affero
1048 2654 1106 2691 test
1119 2655 1237 2702 optima
1247 2677 1257 2692 ,
1270 2664 1334 2685 non
1349 2649 1514 2684 salvabitur.
1527 2644 1620 2692 Resp.
1641 2641 1802 2692 eAugusti-
1816 2626 1887 2684 nima?
1897 2626 1950 2692 gr}-

94 2712 244 2772 ηρςρηῇξῑε-
258 2739 294 2761 ex
307 2724 422 2759 duabus
435 2721 571 2769 epistolis
586 2743 595 2758 ‚
618 2727 748 2765 quarum
759 2714 884 2748 alteram
902 2707 1014 2756 scripsit
1051 2718 1105 2739 nus
1124 2705 1156 2738 in
1171 2701 1219 2737 sust
1231 2702 1266 2735 ad
1278 2701 1356 2734 hanc
1373 2698 1589 2743 objeffionem
1610 2691 1805 2740 responsione
1818 2706 1895 2724 mam.

69 2795 76 2803 ·
96 2776 190 2812 hamar
215 2778 247 2806 ab
260 2777 400 2811 Hilarius
415 2770 609 2813 Arelatenfis,
631 2767 754 2800 alteram
766 2765 895 2811 ‘Prosper
908 2769 1016 2794 contra
1053 2754 1188 2789 ostendit
1200 2752 1279 2786 illius
1296 2750 1439 2784 auctores
1454 2745 1539 2780 fuiss'e
1552 2743 1696 2777 inimicos
1705 2741 1807 2789 gratiae

98 2823 199 2853 Hilario
215 2818 249 2852 ό·
262 2823 475 2875 Augustulum.
501 2817 592 2864 Resp.
618 2813 788 2864 Spalatenfis
807 2811 953 2858 equidem
964 2808 1017 2855 qui
1054 2804 1144 2843 Dei,
1162 2802 1215 2849 qui
1228 2801 1309 2835 hunc
1323 2799 1377 2833 fibi
1390 2797 1483 2831 finem
1496 2792 1725 2842 proponebant,
1733 2802 1809 2837 prae-

101 2862 216 2901 Prospero.
264 2886 374 2911 omnes
386 2884 451 2906 tuas
467 2868 514 2903 sex
528 2868 663 2902 rationes
676 2862 782 2901 affert,
808 2860 921 2895 eodem
934 2858 1019 2891 ordi·
1056 2852 1292 2887 destinationem
1307 2847 1460 2883 destruere
1479 2849 1510 2879 &
1532 2841 1812 2877 immutabilitatem

264 2939 316 2964 ne,
331 2922 437 2957 iisdem
449 2919 566 2957 verbis,
592 2914 641 2949 sed
654 2912 746 2960 paulo
759 2908 867 2949 fufius,
891 2906 1021 2955 profite-
1058 2903 1215 2937 donorum
1234 2900 1299 2934 Dei
1318 2896 1440 2932 homini
1461 2894 1634 2938 cuicunque
1648 2892 1680 2924 in
1695 2889 1782 2924 terris
1796 2888 1812 2921 a

266 2986 315 3009 tur
323 2970 524 3020 Augustinnm
537 2978 601 3001 non
614 2962 798 2997 sufficienter
811 2956 924 2994 solvisse
932 2956 1022 3000 obje-
1060 2952 1199 2987 mutabili
1210 2949 1347 2984 hominis
1361 2945 1488 2981 arbitrio
1512 2940 1688 2989 suspendere
1707 2938 1814 2972 omnia

269 3024 391 3058 &iones
403 3031 467 3054 tuas
482 3043 491 3055 ‚
515 3016 564 3052 sed
582 3012 694 3062 quanta
706 3010 835 3056 injuria,
852 3006 1024 3043 videbimus
1063 3002 1170 3037 divinae
1184 3000 1284 3048 gratiae
1293 2998 1391 3037 dona;
1406 2998 1437 3029 δε
1449 3005 1552 3027 tamen
1564 2992 1633 3024 licet
1640 2986 1815 3023 omniahaec

271 3084 347 3107 mox
363 3071 393 3103 in
410 3068 543 3115 singulis.
574 3066 605 3100 Si
618 3073 703 3111 putas
718 3060 857 3094 rationes
880 3056 943 3090 illas
961 3065 1026 3088 tuas
1064 3048 1264 3096 absurdaipsis
1272 3046 1524 3082 concederentur,
1534 3036 1817 3074 reciderethaecob-

274 3119 400 3156 creditas
419 3115 503 3151 fuisse
521 3115 560 3149 ab
579 3111 757 3148 auctoribus
775 3108 795 3147 ,a
812 3118 843 3141 te
862 3104 1027 3140 nominatis
1044 3134 1047 3155 1
1064 3100 1160 3145 ᾗεξὶίο
1174 3110 1267 3146 quam
1286 3106 1393 3130 contra
1409 3093 1437 3126 se
1451 3090 1625 3125 formarunt
1639 3089 1669 3121 in
1682 3084 1817 3134 ipsorum

276 3171 396 3205 Hzlario
405 3171 436 3202 δι
448 3164 609 3213 Prospero,
621 3166 653 3197 δε
666 3161 704 3196 ab
718 3160 753 3193 iis
765 3168 872 3192 contra
886 3151 1027 3202 Augusti·
1066 3149 1165 3195 capita
1174 3172 1183 3186 ‚
1196 3142 1446 3181 tuebanturenim
1455 3139 1505 3174 etsi
1514 3139 1625 3173 nullam
1633 3138 1737 3172 revera
1746 3146 1819 3180 prae-

278 3231 352 3254 num
366 3217 464 3252 allatas
477 3212 609 3250 multum
621 3210 746 3247 falleris:
759 3207 824 3244 duze
837 3203 988 3240 enimistae
1000 3214 1031 3236 e-
1069 3197 1306 3234 destinationem
1315 3219 1325 3236 ‚
1345 3191 1537 3227 infallibilem
1549 3200 1650 3222 tamen
1663 3183 1821 3232 praescien-

1420 3242 1490 3283 Rr
1514 3251 1531 3272 2
1731 3233 1805 3266 tiam
1812 3254 1823 3269 ‚2
