2048 3343
465 65 532 94 ET
588 56 1278 94 CHRONOL0<3101

212 137 251 172 dc
262 130 474 169 habitatione
491 128 638 163 filiorum
650 128 758 174 Israilia
771 152 780 168 ‚
801 126 823 161 fi
839 127 958 162 distin-

213 195 290 234 guas
301 181 430 228 lftab'lem
442 178 458 213 ὲ
468 177 529 213 suis
544 178 618 212 filiis
629 203 637 213 ,
652 182 685 212 &
699 180 766 220 ejus
775 176 958 211 habitatio-

211 244 289 268 nem
298 233 478 278 inAEgypto
487 240 558 275 quae
570 227 632 263 fuir
641 237 806 260 annorum
818 225 962 272 septem-

212 282 322 317 decim
335 305 344 320 ,
362 273 517 313 ex'cludus
529 278 570 312 ab
583 276 789 310 habitatione
803 272 961 312 filiorum,

210 329 313 366 verba
331 327 454 377 rigide,
476 337 578 375 prout
590 326 672 358 stant
685 351 693 363 ‚
710 336 786 359 vera
795 335 865 357 non
879 323 962 363 sunt,

212 381 354 416 deerunt
371 379 461 413 enim
491 387 530 410 ex
555 374 800 422 quadringentis
824 371 946 421 septem

212 430 326 465 decim
337 448 346 458 .

261 476 415 513 Tertium
431 473 764 522 Vossii'argumentum
776 472 820 507 est
836 470 852 506 31
877 470 960 505 mul—

211 528 419 575 tiplicatione
431 524 576 559 filiorum
589 524 680 571 israel
692 523 771 558 dum
784 524 962 569 inAEgypto

212 587 408 616 manerent,
427 574 460 608 hi
479 576 512 607 in
532 573 680 609 sexcenta
699 575 847 608 virorum
862 570 963 604 millia

212 626 394 662 excrescere
412 635 483 658 non
496 633 680 670 potuerunt
698 649 708 664 ,
729 621 787 656 nisi
800 622 891 656 annis
903 621 963 653 mi—

214 678 344 711 nimum
364 674 616 722 quadringentis
634 671 680 706 ibi
711 668 964 719 pefinaiisissent.

213 724 314 774 Resp.
340 724 514 759 Genebrarda'
533 722 598 755 hoc
610 730 843 770 argumentum
856 730 963 765 agno-

213 775 270 810 scit
298 775 399 820 Vossius
415 770 538 808 nullius
557 769 618 806 eise
641 771 803 818 ponderis
822 793 832 811 ‚
858 771 893 803 δε
917 780 962 803 re-

213 826 296 872 jicit.

264 875 439 920 Qartum
463 869 508 905 est
528 869 757 905 testimonium
778 864 882 914 lofiphi
897 869 963 899 An-

215 923 380 972 tiq.1ib.2.
401 933 476 968 cap.
489 934 521 964 9.
544 920 602 954 ubi
613 919 767 954 israelitas
778 918 872 951 annis
883 928 965 962 qua-

215 973 398 1017 dringentis
424 973 457 1005 in
478 973 623 1017 AEgypto
654 978 786 1002 vexatos
812 963 965 999 affirmat.

214 1022 287 1058 Res
282 1010 316 1070 ρ’.
341 1023 442 1066 Vnssius
453 1020 601 1066 agiioicit
612 1015 825 1051 Genebrardum
835 1011 885 1048 hic
897 1013 966 1047 fru-

213 1073 276 1108 stra
288 1070 452 1109 laborare,
464 1079 537 1100 nam
551 1065 718 1101 hocloco,
731 1074 766 1098 ut
777 1063 856 1099 aliis
870 1059 966 1110 saepe,

215 1131 393 1166 corruptus
404 1117 449 1151 est
459 1128 500 1149 ex
514 1114 729 1148 librariorum
750 1112 877 1147 incuriz'i
892 1114 966 1161 lose}—

210 1174 262 1220 pln'
273 1178 438 1207 numerus,
449 1175 485 1199 ut
495 1176 532 1198 ex
547 1176 683 1211 cap-13·
695 1172 783 1209 patet
795 1189 803 1201 ,
817 1160 876 1196 ubi
886 1173 966 1209 qua-

216 1219 412 1265 dringentos
433 1216 569 1263 triginta
593 1225 698 1247 annos
719 1210 821 1246 habet
836 1210 854 1245 zi
874 1223 967 1258 pere-

58 492 170 522 Tertium.

57 880 189 918 ‚Quanam-

1340 56 1526 96 L113.I.
1711 77 1761 116 37

1012 124 1087 160 curn
1107 127 1273 174 Augustinus
1292 139 1415 164 textum
1439 132 1528 167 Gen.
1542 141 1593 166 12-
1610 144 1639 167 v.
1653 144 1679 168 ι.
1704 145 1761 181 per

1011 175 1157 210 hesteron
1166 187 1325 224 proteron
1340 180 1635 228 interpretetur‚dc
1648 183 1763 228 primis

1011 224 1281 270 promissionibus
1307 224 1402 261 fastis
1428 231 1545 265 Abrahae
1578 243 1762 280 antequam

1011 277 1136 309 veniret
1155 277 1292 310 charran
1310 299 1320 312 ‚
1343 276 1474 312 videtur
1492 279 1702 316 necessarium
1722 294 1760 317 ut

1010 321 1102 357 faeta:
1112 322 1234 358 fuerint
1246 325 1365 359 Abrahae
1377 323 1434 358 suo
1448 325 1699 377 septuagesimo,
1711 333 1762 366 ni-

1012 375 1129 406 mirum
1142 376 1292 420 quinque
1311 386 1404 408 annis
1422 385 1599 424 antequam
1614 382 1762 416 Charrane

1010 421 1374 470 di·‘cederet,utcunque
1383 435 1458 457 cum
1471 436 1545 459 viris
1556 432 1684 473 magnis
1697 442 1764 463 no-

1011 471 1067 504 lim
1080 472 1284 507 contendere
1296 473 1337 507 de
1348 474 1495 508 minutiis
1505 500 1512 513 ‚
1533 475 1666 521 praescns
1677 491 1765 525 quae-

1014 519 1074 553 stio
1087 520 1131 554 est
1143 521 1185 556 de
1196 522 1289 555 annis
1301 521 1451 557 ducentis
1462 527 1496 557 δε
1506 523 1608 571 supra,
1619 526 1650 559 in
1663 525 1710 560 his
1721 527 1763 561 li-

1015 580 1062 604 tes
1074 569 1116 604 de
1127 571 1221 605 annis
1232 572 1381 618 quinque
1391 570 1484 606 facile
1496 572 1726 609 absorbentur.

1064 622 1100 653 In
1113 619 1242 655 Minore
1253 644 1262 658 ,
1275 621 1371 668 quod
1382 622 1560 670 Apostolus
1572 625 1769 673 principium

1015 679 1178 703 annorum
1206 671 1525 719 quadringentorum
1553 675 1689 720 triginta
1711 686 1771 720 po-

1017 717 1112 752 suerit
1134 719 1167 751 in
1192 730 1346 767 tempore
1372 723 1551 768 primarum
1579 723 1773 768 promislio..

1018 778 1098 801 num
1118 765 1280 804 factarum
1303 771 1442 811 Abrahae,
1473 769 1581 806 minus
1594 772 1692 807 debet
1708 769 1770 807 effe

1019 816 1252 852 controversiae
1269 843 1277 858 ‚
1302 831 1380 853 nam
1400 821 1552 867 Apostoli
1579 820 1680 856 verba
1701 822 1769 858 hoc

1018 866 1159 914 expresse
1169 865 1290 902 ferunt.

1068 916 1267 961 Respondet*
1285 919 1389 962 Vossim
1407 918 1561 965 negando
1587 921 1751 955 minorem
1763 945 1775 955 .

1020 963 1110 997 Nam
1137 966 1278 1010 (inquit)
1300 966 1527 1011 promissiones
1549 967 1590 1003 ab
1605 972 1628 1002 A
1638 970 1772 1016 postolo

1019 1023 1214 1047 memoratae
1237 1025 1307 1046 non
1327 1012 1401 1047 sunt
1422 1015 1642 1062 intelligenda:
1656 1021 1695 1053 dc
1707 1021 1776 1066 pri-

1020 1063 1081 1096 mis
1093 1063 1244 1099 Gen-12.
1256 1061 1426 1110 descriptis
1442 1087 1453 1103 ‚
1476 1062 1530 1098 sed
1545 1063 1668 1100 ultimis
1681 1068 1775 1103 fietis

997 1144 999 1147 .
1020 1112 1117 1146 Iacobo
1130 1111 1319 1146 Beershebae
1331 1136 1339 1148 ‚
1357 1115 1389 1146 in
1401 1113 1514 1146 itinere
1523 1113 1581 1146 suo
1593 1118 1772 1162 AEgyprum

1021 1160 1131 1196 versus
1145 1159 1432 1207 Genefi46.v.30.
1452 1160 1469 1196 εἴ
1488 1161 1610 1209 quibus
1631 1165 1672 1198 ad
1690 1177 1772 1199 exo-

1021 1209 1101 1246 dum
1115 1211 1281 1245 numerari
1296 1211 1364 1244 vult
1377 1211 1642 1260 quadringentos
1660 1217 1775 1261 trigin-

213 1267 400 1315 grinatione
411 1263 571 1298 abrahami
580 1263 622 1298 ad
632 1261 794 1299 exodum,
804 1259 822 1296 ὲ
832 1260 966 1295 descen-

213 1318 249 1351 {u
266 1313 346 1350 veto
364 1315 459 1350 iacobi
476 1314 509 1346 in
531 1317 712 1361 AEgyptum
732 1321 881 1346 numerat
892 1321 967 1344 tan‘-

215 1364 288 1400 tum
298 1366 464 1400 ducentos
474 1367 505 1397 δι
515 1360 822 1409 quindecim,quod
834 1360 875 1395 ad
887 1361 968 1394 alios

1019 1270 1061 1296 ta.
1090 1259 1227 1308 Replica
1241 1273 1266 1295 1.
1289 1261 1368 1295 Hoc
1385 1261 1483 1295 solius
1497 1264 1578 1308 Vossiz‘
1595 1276 1773 1297 commen·
1796 1269 1927 1307 l'assiifin-

1019 1320 1091 1343 turn
1111 1309 1156 1343 ‹st
1175 1319 1294 1343 contra
1320 1322 1438 1344 omnes
1466 1311 1623 1347 mortales
1641 1338 1650 1350 ‚
1684 1314 1772 1349 certe
1788 1313 1891 1348 gumfa

1019 1370 1136 1393 contra
1154 1371 1272 1394 omnes
1293 1359 1405 1394 Patres
1422 1360 1642 1408 &scriptores
1654 1366 1773 1398 Prote·
1791 1358 1930 1380 “mmm''
1958 1388 1959 1391 =

213 1417 366 1450 auctores
374 1413 522 1461 Judaeos,
533 1422 640 1459 neque
653 1412 969 1459 Genebrardus‚neque

216 1467 321 1511 Vossius
334 1489 344 1504 ‚
359 1476 396 1498 ex
408 1464 547 1510 plurima
557 1459 610 1495 sua
619 1462 810 1497 Rabbinorum
823 1458 969 1494 leffione

215 1514 269 1549 vel
279 1525 383 1548 unum
396 1513 580 1561 producere
590 1511 723 1560 possunt
732 1523 796 1558 pro
809 1509 852 1552 se,
866 1508 970 1544 nobis

217 1574 328 1600 autem
339 1564 466 1599 multos
479 1562 676 1612 largiuntur.

396 1669 464 1702 Pro
477 1660 791 1716 noffrdftntentid'.

65 1758 201 1793 Vindican-
271 1759 555 1806 Argumentamur
571 1766 596 1791 π.
617 1769 656 1791 ex
666 1757 753 1805 epist.
764 1756 807 1791 ad
820 1758 927 1791 Galat.
942 1767 973 1802 3.

62 1812 184 1841 ‘'ff‘'g‘·
223 1813 304 1843 v.16
316 1832 326 1847 ,
340 1819 396 1853 17.
429 1807 546 1841 Ababa
565 1806 639 1841 ama
650 1807 719 1852 fimt
735 1808 920 1854 promissiones
937 1807 974 1844 ά

63 1851 195 1873 ’'mmm’‘
215 1857 322 1904 semini
338 1859 394 1901 ejus
409 1880 420 1897 ‚
447 1856 647 1902 testamentum
659 1866 757 1891 autem
770 1857 973 1902 confirmatum

56 1888 123 1923 stra.
131 1937 154 1954 Ι.
221 1905 242 1942 ἆ
252 1912 312 1940 Deo
324 1917 382 1950 qua
394 1905 454 1953 p⁰st
472 1906 693 1952 quadringentos
705 1908 742 1944 (y
753 1906 874 1952 triginta
888 1916 974 1940 annos

213 1957 295 2004 fasta
307 1958 346 1990 eft
365 1957 413 1988 lex
429 1978 439 1991 ,
463 1966 518 1988 non
527 1957 641 1989 irritum
648 1957 734 2003 facit.
750 1991 753 1996 ¹
771 1956 971 2002 Principium

220 2016 385 2039 annorum
397 2003 491 2050 quod
504 2004 688 2051 Apostolus
710 2006 806 2052 ponit
819 2006 849 2038 in
863 2006 976 2052 primis

219 2052 493 2102 promistionibus
514 2049 611 2087 saetis
627 2054 744 2088 Abrahae
752 2053 793 2088 de
807 2055 917 2101 Christo
929 2053 975 2088 se-

219 2107 309 2139 mine
326 2102 509 2138 benedicto
529 2113 600 2136 non
623 2103 729 2151 potest
753 2104 915 2138 collocari
942 2105 974 2137 in

217 2151 432 2188 Isra'e‘litarum
451 2151 647 2187 descensuin
657 2154 838 2200 AEgyptum
860 2167 870 2194 ;
896 2165 974 2187 nam

219 2205 324 2252 prima
334 2200 503 2250 promiffio
511 2199 596 2236 fasta
604 2203 718 2237 Abrahae
728 2203 770 2236 de
781 2202 903 2237 semine
918 2201 975 2236 be-

220 2253 358 2288 nedieto
386 2252 496 2286 multis
517 2252 611 2285 an'nis
635 2250 802 2286 anteceffit
821 2249 975 2287 Isra'e'lita-

222 2313 294 2336 rum
306 2300 494 2336 descensum
506 2302 539 2335 in
551 2302 744 2350 AEgyptnrn.
771 2302 886 2337 Primae
898 2313 975 2349 pro-

224 2350 393 2386 miffiones
417 2354 501 2385 Gen.
517 2363 571 2385 12.
597 2353 764 2386 abrahamo
784 2351 880 2386 dietae
892 2350 976 2392 sunt,

226 2411 300 2433 cum
318 2400 358 2434 de
374 2405 418 2434 Ur
436 2399 671 2435 Chaldaeorum
698 2412 805 2435 annos
822 2412 916 2434 natus
931 2399 976 2434 se-

224 2449 398 2496 ptuaginta
425 2451 525 2482 exiret
545 2450 579 2482 in
599 2449 749 2484 Charran
778 2447 975 2498 Mesopota-

225 2498 300 2531 miae
313 2521 321 2533 ‚
339 2495 396 2529 ubi
413 2497 561 2542 quinque
573 2510 678 2532 annos
690 2498 871 2540 habitavit,
898 2499 976 2534 inde

225 2543 364 2582 disceffit
383 2557 473 2579 anno
491 2548 565 2579 vita:
588 2545 828 2594 septuagesimo
840 2550 976 2593 quinto,

228 2608 267 2630 ex
277 2606 346 2642 quo
357 2593 397 2627 ad
407 2592 522 2628 natum
533 2594 662 2642 Isaacum
672 2607 760 2629 anno
771 2595 830 2630 suo
840 2595 976 2630 centesi—

231 2657 289 2679 mo
309 2646 395 2678 Gen.
412 2655 507 2679 21.v.
522 2654 555 2686 ς.
581 2645 654 2678 sunt
669 2647 744 2678 anni
760 2656 816 2691 25.
844 2645 919 2678 hinc
939 2645 979 2679 ad

229 2704 347 2728 natum
360 2694 489 2728 iacobmn
499 2694 589 2740 lfizaci
600 2693 798 2741 sexagesimo
812 2693 884 2727 sum
896 2694 981 2728 sexa-

232 2745 324 2791 ginta
342 2766 350 2778 ,
375 2742 453 2776 inde
473 2743 724 2778 aci-descensum
737 2745 831 2778 iacobi
842 2746 874 2778 in
886 2745 982 2790 AEgy-

232 2804 332 2842 ptum
349 2804 423 2825 cum
442 2790 528 2825 stetit
545 2804 618 2827 ante
642 2796 822 2827 Pharaonem
850 2804 984 2827 centum

234 2842 368 2889 triginta
383 2844 533 2884 Gen.47.
544 2853 608 2885 V.9.
629 2841 661 2874 hi
672 2843 776 2886 juncti
786 2840 910 2875 faciunt
922 2842 987 2875 du-

236 2903 354 2926 centos
365 2891 482 2937 viginti
499 2916 508 2932 ‚
536 2892 592 2937 qui
606 2890 761 2925 subtracti
780 2903 816 2925 ex
836 2891 989 2937 quadrin-

202 2937 345 2987 >'gentis
362 2942 540 2988 nonaginta
553 2942 745 2988 relinquunt
763 2940 926 2974 ducentos
954 2943 989 2975 δε

240 2988 355 3024 decem
373 3015 383 3032 ,
412 2992 532 3036 quibus
556 2992 588 3023 in
613 2994 759 3039 Angpto
787 2991 989 3025 commorati

241 3037 313 3071 sunt
324 3040 447 3079 lacobus,
463 3044 496 3074 &
507 3038 576 3073 filii.

290 3088 344 3120 De
356 3090 488 3135 Majore
497 3089 658 3134 nihiljurc
669 3090 798 3125 moveri
809 3089 915 3138 potest
928 3088 991 3124 du-

244 3133 314 3178 bii,
331 3136 389 3170 nisi
407 3140 446 3172 de
466 3140 614 3187 quinque
627 3142 720 3174 annis
731 3141 848 3189 primis
864 3162 876 3178 ‚
901 3138 990 3175 certe

1019 1409 1138 1443 stantes
1159 1408 1230 1457 ipso
1256 1421 1324 1442 non
1345 1407 1529 1452 diffitente,
1559 1421 1643 1459 puto
1671 1414 1773 1448 etiam

1019 1470 1133 1493 contra
1152 1463 1268 1494 omnes
1288 1458 1508 1501 Pontifici0s‚
1525 1471 1602 1494 nam
1616 1463 1704 1496 varia
1721 1461 1772 1497 hic

1020 1520 1058 1543 ex
1070 1507 1131 1542 suo
1143 1507 1280 1543 cerebro
1294 1511 1398 1555 Vossim
1408 1510 1586 1556 procudit,
1599 1510 1640 1544 de
1651 1511 1773 1557 quibus

1023 1559 1214 1594 cenebrardus
1224 1583 1235 1600 ‚
1248 1561 1292 1592 ’δε
1303 1561 1357 1592 alii
1368 1561 1462 1595 valde
1473 1562 1569 1607 pauci
1579 1573 1616 1595 ex
1633 1561 1775 1596 Pontifi-

1023 1609 1081 1643 ciis
1116 1611 1185 1651 eJ‘us
1217 1607 1318 1642 duces
1345 1620 1514 1654 nunquam
1543 1610 1697 1645 videntur
1721 1611 1776 1646 so-

963 1673 974 1680 ·
1024 1655 1170 1693 ιῃῐιὶὂίΐε.
1187 1659 1474 1692 2.C0rnmentum
1487 1659 1554 1693 hoc
1569 1659 1774 1706 Vossiiaperte.

1024 1707 1219 1742 contradicit
1241 1706 1409 1755 Apostolo
1429 1735 1437 1748 ,
1459 1711 1516 1753 qui
1541 1709 1694 1755 loquitur
1717 1722 1777 1743 ex-

1024 1756 1131 1806 presse
1153 1756 1195 1791 de
1224 1755 1496 1805 promistionibus
1518 1757 1613 1792 dietis
1638 1759 1775 1800 Abrahae,

1026 1809 1128 1857 Vossnu
1138 1806 1215 1840 vero
1227 1817 1325 1853 negat
1336 1804 1427 1854 posse
1438 1810 1508 1851 ejus
1524 1808 1622 1841 verba
1636 1808 1778 1855 intelligi

1023 1857 1062 1891 de
1072 1856 1187 1891 diebus
1197 1858 1249 1890 vel
1262 1857 1380 1891 Abrahae
1393 1880 1402 1895 ‚
1417 1855 1468 1890 vel
1480 1857 1592 1902 isaaci,
1605 1856 1655 1890 vcl
1667 1855 1774 1897 iacobi,

1024 1917 1100 1940 ante
1118 1907 1178 1940 iter
1197 1903 1289 1940 suum
1302 1905 1454 1939 ultimum
1466 1907 1689 1954 inAEgyptum
1704 1908 1777 1941 vitae

1024 1953 1205 1990 centesimo
1228 1953 1407 2001 trigesimo.
1443 1968 1473 2002 3.
1494 1953 1661 2002 Loquitur
1683 1960 1781 2004 Apo-

1025 2006 1124 2040 stolus
1151 2003 1295 2052 expresse
1321 2004 1364 2039 de
1394 2003 1668 2051 promistionibus
1699 2006 1779 2039 novi

1024 2053 1159 2089 foederis
1170 2077 1177 2089 ‚
1187 2066 1269 2101 quas
1281 2065 1346 2086 non
1359 2055 1472 2101 potuit
1484 2055 1533 2088 lex
1546 2065 1698 2089 evacuare
1711 2079 1721 2095 ‚
1742 2058 1778 2089 δε

1025 2106 1065 2140 de
1084 2102 1206 2137 semine
1225 2115 1292 2137 uno
1310 2102 1405 2150 quod
1425 2102 1488 2136 fuit
1508 2105 1637 2149 christus
1651 2129 1661 2144 ‚
1685 2107 1778 2151 atqui

1025 2152 1262 2201 proiniffiones
1282 2150 1374 2187 faclae
1394 2154 1493 2188 Iacobo
1507 2151 1700 2187 Beers'hebae
1709 2165 1780 2188 non

1024 2202 1158 2237 fuerunt
1170 2200 1250 2237 tales
1270 2227 1279 2242 ,
1305 2203 1435 2237 nullum
1452 2202 1515 2237 istae
1533 2202 1572 2235 de
1587 2200 1712 2237 foedere
1723 2213 1780 2237 aut

1025 2253 1146 2289 Christo
1155 2250 1308 2292 verbum,
1322 2249 1454 2285 tantum
1467 2263 1558 2285 erant
1568 2252 1779 2299 particulares

1026 2303 1127 2338 Iacobo
1137 2301 1387 2336 consolationes
1395 2301 1436 2335 de
1447 2299 1554 2335 divinit
1564 2312 1638 2336 cum
1650 2314 1691 2335 eo
1700 2314 1783 2349 pra:-

1028 2351 1170 2388 senrifiin
1184 2351 1341 2399 AEgypto,
1354 2351 1394 2385 de
1407 2352 1510 2398 Ioft’phi
1521 2351 1598 2384 cur-a
1612 2350 1781 2399 sepulturae

1028 2405 1109 2447 ejus,
1120 2405 1155 2436 ὃ(
1167 2402 1209 2435 de
1219 2401 1324 2435 reditu
1337 2401 1543 2445 posterorum
1555 2402 1624 2444 ejus
1633 2413 1669 2434 ex
1684 2402 1784 2447 AEgy-

1031 2462 1092 2499 pto
1112 2452 1146 2484 in
1165 2461 1284 2485 terram
1310 2449 1481 2484 Chanaan.
1522 2465 1555 2494 4.
1582 2450 1653 2494 lpse
1681 2452 1784 2494 Vosst'us

1031 2500 1187 2536 concedit
1210 2498 1229 2533 ἐ
1254 2498 1524 2548 promistionibus
1558 2501 1658 2532 Iacobo
1691 2496 1784 2532 fadis

1033 2550 1187 2585 Beersheba
1207 2561 1277 2582 non
1296 2547 1419 2582 fluxisse
1436 2559 1543 2581 annos
1557 2546 1784 2595 quadringen-

1035 2609 1089 2631 tos
1109 2599 1265 2644 triginta,
1291 2595 1342 2629 sed
1362 2595 1465 2630 solum
1477 2607 1553 2639 407.
1582 2607 1679 2640 quare
1692 2598 1787 2645 cogi-

1035 2657 1087 2681 tur
1097 2646 1135 2680 ad
1146 2645 1231 2678 aliud
1244 2645 1442 2692 principium
1459 2642 1639 2692 confugere
1657 2671 1665 2684 ‚
1692 2644 1787 2691 quod.

1036 2694 1314 2742 profitetursuum
1329 2694 1390 2727 effe
1401 2695 1570 2728 inventum
1583 2692 1598 2726 ’.ἶ
1611 2694 1699 2729 nullo
1712 2706 1788 2729 ante

1039 2745 1162 2779 taetum
1177 2768 1187 2783 ,
1203 2740 1325 2776 scilicet
1344 2755 1441 2791 caput
1457 2755 1620 2777 annorum
1633 2744 1790 2789 quadrin-

1038 2804 1216 2842 gentorum
1240 2794 1371 2839 triginta
1393 2795 1408 2827 ἐι
1427 2793 1503 2838 Mose
1524 2797 1557 2827 &
1576 2794 1698 2840 Apostolo
1718 2806 1790 2827 me·

1039 2853 1251 2877 moratorum
1264 2841 1489 2876 arcessendum
1500 2841 1559 2874 effe
1573 2867 1579 2881 ‚
1591 2853 1656 2876 non
1670 2841 1686 2876 ὲ
1698 2844 1792 2877 Iacobi

1040 2891 1193 2928 descensu
1207 2893 1240 2924 in
1256 2893 1432 2941 AEgyptum
1443 2917 1452 2931 ‚
1464 2890 1515 2926 sed
1529 2889 1659 2938 dlofipln'
1670 2895 1727 2938 qni
1740 2894 1791 2925 vi*

1040 2943 1123 2991 ginti
1135 2940 1239 2975 tribus
1250 2943 1345 2976 annis
1358 2940 1447 2974 illum
1460 2939 1639 2979 antemium
1652 2953 1726 2975 cum
1739 2940 1792 2976 fe-

1040 2991 1168 3027 racibus
1185 2994 1219 3025 &
1239 2990 1348 3025 fluidis
1363 2991 1499 3038 ingeniis
1518 2989 1612 3023 semel
1632 2991 1790 3036 panditur

1040 3041 1268 3076 inventionum
1282 3052 1374 3088 porra
1386 3065 1396 3079 ,
1419 3038 1527 3074 nullus
1538 3038 1611 3073 finis
1623 3040 1667 3073 est
1682 3052 1791 3075 novo-

1040 3103 1112 3127 rum
1127 3101 1406 3125 commentorum.

1088 3139 1234 3188 Qarto.
1268 3137 1542 3175 Recentiffimum
1558 3138 1622 3175 hoc
1643 3137 1724 3183 Vossii
1739 3139 1792 3172 in-

1416 3189 1443 3223 E
1466 3203 1483 3236 3
1651 3199 1792 3232 yentum
