2048 3343
565 119 945 158 Canonoi

193 194 399 230 thlchemum‚
420 190 657 238 colloquutique
670 187 737 224 sunt
749 200 820 222 cum
834 185 951 221 Herode

193 256 259 278 non
272 241 325 278 nisi
339 241 461 276 duobus
479 240 565 274 annis
579 238 649 286 post
661 249 767 272 natum
780 234 949 270 Christum.

194 291 350 328 Sententia
356 291 420 325 haec
426 300 489 324 tam
496 289 512 322 a
520 286 761 323 Protestantibus
768 295 860 331 quam
868 285 953 317 Pon-

194 341 299 378 tificiis
317 339 528 374 communiter
551 336 700 380 rejicitur,
728 345 785 368 nec
806 333 871 377 ejus
884 328 954 364 fun-

196 393 373 426 damentum
388 386 518 421 solidum
540 383 584 419 est
598 397 606 418 τ
642 396 713 417 nam
733 383 797 417 duo
822 381 865 415 illi
884 380 954 414 anni

196 453 277 488 quos
289 440 306 473 a
319 437 421 485 Magis
434 432 632 482 exquisiverat
644 433 794 468 Herodes,
818 428 953 465 referen—

197 492 227 525 di
240 488 306 523 sunt
318 499 383 521 non
397 486 434 520 ad
446 495 550 518 natum
566 482 747 524 Christum;
768 493 824 515 nec
833 480 870 514 ad
883 482 954 514 Ma-

196 550 309 587 gorum
322 536 486 571 adventum
494 558 503 573 ,
517 531 567 567 sed
579 532 616 566 ad
627 543 748 579 tempus
761 528 952 565 infanticidii,

196 587 284 637 quod
297 586 348 621 diu
361 584 431 633 post
443 586 612 631 Magorum
620 579 775 616 discessum
783 579 924 626 contigit.

246 634 349 671 Recte
362 635 488 683 quidem
501 630 686 681 Epiphanius
694 631 724 664 in
737 630 788 664 illa
799 627 902 663 haeresi
911 639 952 673 51.

199 687 379 734 Alogorum
392 696 466 718 num
481 685 510 717 8.
528 679 638 714 refutat
650 679 830 727 Porphyrii,
858 675 952 712 Celsi,

197 736 391 782 aliorumque
403 730 571 766 Christiani
578 730 716 763 nominis
730 726 866 762 hostium
876 737 952 760 con-

198 796 243 819 tra
254 780 463 831 Euangelistas
475 779 691 824 objeffiones,
717 776 859 826 quodisti
870 775 954 809 simul

423 133 500 158 ET

1254 115 1285 152 L
1315 127 1327 151 1
1361 127 1393 152 B.
1439 114 1490 152 11.
1699 120 1743 160 69

986 199 1100 234 gnum,
1119 189 1151 221 &
1165 185 1244 220 male
1256 186 1394 231 torqueri
1406 196 1491 233 putat
1504 198 1581 221 vers·
1599 198 1646 220 10.
1670 183 1744 221 Psal.

986 247 1036 280 72.
1057 236 1095 270 de
1108 234 1252 283 Regibus
1264 233 1367 268 Tarsis
1380 239 1411 269 &
1420 233 1583 269 Insularum
1597 235 1746 282 Sebaeque

989 288 1020 319 &
1033 285 1142 319 Shebae
1150 286 1186 318 ad
1200 286 1314 332 Magos
1327 282 1601 329 Euangelistarum.
1625 285 1746 318 Fatetur

989 332 1189 366 Maldonatus
1201 335 1369 380 Scripturas
1390 332 1422 365 in
1434 332 1603 368 Missalibus
1617 338 1648 368 &
1663 333 1747 367 litur-

989 381 1045 429 giis
1056 381 1209 416 Romanis
1219 380 1385 429 aliquando
1397 381 1538 428 applicari
1552 383 1586 416 ad
1595 381 1746 428 personas,

990 431 1028 466 de
1045 430 1159 478 quibus
1180 427 1345 464 secundum
1364 430 1482 465 literam
1495 443 1559 464 non
1573 430 1638 465 sunt
1651 444 1746 468 verae,

991 479 1133 528 Exempli
1145 480 1240 527 gratia
1251 480 1344 513 Lucae
1352 490 1396 512 10.
1406 492 1458 524 42.
1483 479 1582 514 Maria
1589 480 1680 526 elegit
1688 480 1747 514 bo-

990 543 1060 564 nam
1073 540 1189 577 partem
1202 541 1270 576 quae
1282 541 1347 563 non
1361 525 1511 562 auferetur
1519 529 1558 567 ei,
1574 540 1673 563 cantat
1685 529 1747 563 hoc

991 579 1124 614 Ecclesia
1143 579 1180 614 de
1193 578 1296 614 Maria
1312 589 1408 613 matre
1421 578 1573 617 Domini,
1593 579 1691 624 palam
1703 588 1748 612 ta-

991 642 1063 663 men
1082 628 1126 663 est
1145 627 1223 675 apud
1242 629 1360 662 Lucam
1379 628 1559 662 Dominum
1581 628 1646 661 haec
1665 626 1749 661 effari

990 691 1054 712 non
1067 678 1105 712 de
1117 688 1214 712 matre
1226 675 1275 710 suci
1288 674 1336 711 sed
1347 677 1385 711 de
1397 678 1499 712 Maria
1510 675 1615 711 sorore
1631 680 1750 725 Lazezri

990 732 1022 763 &
1031 727 1163 762 Marthae
1169 741 1178 759 :
1186 726 1330 761 concedit
1343 727 1433 760 etiam
1441 726 1641 760 Maldonatus
1649 729 1750 758 Man-

990 789 1117 811 tuanum
1129 780 1160 811 &
1173 777 1248 810 alios
1261 776 1342 810 viros
1355 775 1484 816 doctos,
1499 776 1578 810 inter
1589 788 1670 822 quos
1682 779 1750 809 Ian-

974 127 1195 153 OGICI

199 844 321 868 narrent
333 830 452 867 Christi
460 829 649 864 nativitatem
656 851 664 864 ‚
679 825 955 864 circumcisionem,

198 886 368 931 Magorum
382 880 608 917 adorationem,
622 875 781 925 pueriJesu
794 876 825 908 in
838 874 956 921 templo

200 931 459 979 comparentiam,
478 925 713 973 descensumque
726 927 757 960 in
770 927 954 972 AEgypmm,

986 827 1102 871 senium
1119 830 1151 861 &
1170 825 1286 870 Estinm
1300 825 1421 872 reperio
1434 850 1444 865 ‚
1469 824 1572 860 solidis
1586 826 1689 860 multis
1701 838 1750 859 ra-
1764 834 1834 868 Magi
1841 843 1890 860 non

992 877 1131 910 tionibus
1143 886 1251 909 contra
1259 877 1426 921 Magorum
1434 876 1579 922 Regnum
1587 887 1749 923 argumen-
1764 882 1835 900 erant
1850 877 1898 900 Re-

992 927 1047 960 tari
1060 949 1071 965 ,
1098 937 1163 959 non
1180 924 1246 957 vult
1263 934 1364 958 tamen
1383 924 1462 957 hanc
1475 927 1558 958 Bezae
1577 924 1749 958 libertatern
1762 922 1809 949 ges.

35 1788 105 1817 Mal)
120 1796 161 1815 ta-

35 1838 92 1856 men
101 1829 168 1855 Mal-

35 1869 142 1897 donatus
154 1873 188 1895 E-

36 1908 185 1946 ptphanium

37 1956 124 1976 taxat.

45 2572 183 2599 Maldonatt

46 2614 73 2639 in
80 2609 164 2640 Praxe-

40 2652 133 2687 stames
153 2653 197 2679 vi-

47 2692 154 2718 mlemia

47 2733 178 2759 immertta.

201 981 284 1031 quasi
298 980 352 1014 ista
364 978 470 1013 omnia
477 989 544 1010 uno
552 974 747 1023 contigissent
759 975 808 1009 die
815 975 957 1019 adeoque

203 1029 394 1078 impossibilis
408 1025 479 1061 esset
500 1030 532 1061 &
550 1024 618 1059 falsa
636 1024 714 1058 sacra
730 1023 866 1058 historia.
892 1023 958 1056 Re-

201 1080 331 1128 spondet
342 1076 532 1126 Epiphanius
545 1073 728 1121 palpabilem
740 1071 959 1119 Apostatarum

201 1129 445 1164 obcaecationem
452 1126 514 1172 qua
525 1135 590 1157 non
597 1122 762 1156 cernebant
769 1121 851 1155 istius
859 1118 959 1152 histo-

202 1181 253 1213 ria:
265 1177 407 1213 distincta
419 1185 574 1221 tempora:
601 1172 689 1220 quod
701 1167 892 1205 circumcisio
905 1180 959 1201 na-

202 1229 302 1262 tivitas
314 1252 323 1264 ‚
341 1230 374 1261 &
390 1223 564 1272 purificatio
576 1245 585 1258 ,
609 1222 681 1255 licet
699 1220 730 1253 in
742 1217 872 1252 historia
883 1229 963 1251 con-

202 1281 385 1325 jungantur,
410 1284 514 1308 tamen
531 1272 563 1305 in
582 1268 702 1305 diversis
721 1278 900 1315 temporum
913 1267 959 1299 in-

202 1326 332 1360 tervallis
343 1322 482 1359 accidisse
493 1318 792 1356 demonstrarentur,
813 1317 959 1351 Circum·-

202 1374 278 1410 cisio
290 1375 339 1408 die
352 1374 468 1407 octavo
481 1368 553 1418 post
566 1367 771 1406 nativitatem,
790 1370 822 1401 &
834 1365 959 1412 praesen-

202 1424 280 1459 tatio
293 1424 396 1458 omnis
409 1419 532 1455 masculi
548 1418 580 1451 in
592 1417 713 1463 templo
725 1415 775 1450 die
788 1414 960 1463 quadrage-

204 1473 294 1508 simo.
337 1472 499 1506 Haerenus
513 1465 598 1501 recte
614 1464 806 1499 doetiffimus
823 1467 912 1499 Pater
930 1463 961 1497 δι

203 1523 242 1557 ad
253 1520 392 1556 hostium
415 1517 549 1555 veritatis
572 1515 738 1549 calumnias
758 1512 960 1547 retundendas

202 1571 288 1606 satis:
308 1568 358 1605 sed
365 1567 542 1618 quodaddit
551 1567 720 1612 Magorum
733 1562 896 1598 adventum
908 1573 962 1595 an-

201 1634 245 1655 no
258 1619 329 1668 post
341 1619 531 1654 nativitatem
550 1613 700 1653 secundo,
727 1625 760 1646 ac
779 1612 912 1646 reditum
925 1623 961 1645 ex

201 1673 339 1718 AEgypto
352 1681 435 1704 anno
448 1676 558 1715 quarto
571 1661 864 1711 contigiffe,nullum
871 1673 907 1695 ex
914 1672 962 1695 re-

202 1720 394 1755 centioribus
407 1717 568 1765 sequacem
580 1713 682 1747 habet.

251 1763 567 1814 MaldonatusJesuita
575 1765 606 1798 in
619 1765 710 1810 Matt-
721 1773 748 1795 2.
758 1772 824 1794 non
831 1769 962 1795 conten-

203 1830 252 1854 tus
270 1818 435 1866 Epiphanii
454 1814 632 1850 sententiam
647 1809 780 1857 rejecisse
792 1814 824 1846 &
836 1806 963 1844 refutas-

204 1869 250 1911 se;
266 1869 348 1903 addit
357 1865 568 1914 Epiphanium
577 1862 701 1897 asserere
713 1859 862 1910 Ioftphum
870 1869 962 1906 quot-

203 1921 288 1953 annis
301 1932 337 1952 ex
352 1920 489 1965 AEgypto
502 1914 635 1949 Mariam
649 1915 680 1946 &
693 1909 853 1945 Christum
866 1909 962 1943 Beth-

203 1968 360 2003 lehemum
374 1963 520 2000 reduxisse
534 1978 543 2004 ;
571 1967 602 1998 &
616 1962 688 1995 hinc
701 1958 818 1995 fastum
831 1970 864 1994 ut
875 1959 963 2007 Magi

204 2016 365 2052 Christum
385 2016 416 2049 in
430 2014 484 2049 suo
498 2014 616 2048 bimatu
634 2009 830 2045 Bethlehemi
843 2021 962 2057 repere-

202 2068 274 2101 rint.
315 2064 503 2109 Gmsabonus
524 2061 630 2096 noster
649 2060 900 2097 maldonatum
919 2068 960 2092 ta-

202 2128 251 2150 xat
266 2140 274 2152 ‚
301 2114 389 2163 quod
407 2114 490 2147 hunc
509 2124 647 2147 errorem
666 2111 775 2155 injuria
794 2108 960 2159 Epiphanio

203 2164 400 2212 imputaverit
410 2177 417 2197 :
432 2161 565 2210 ingenue
571 2159 681 2195 fatetur
689 2163 844 2193 ‘Petamus
851 2158 960 2193 Colle-

205 2228 250 2263 gae
268 2212 310 2248 sui
329 2213 507 2247 Maldonati
526 2209 657 2258 sphalma
668 2209 783 2242 merito
797 2218 937 2241 notatum
952 2221 960 2241 :

205 2277 275 2297 nam
288 2261 421 2309 quisquis
442 2259 604 2307 Epiphanii
622 2268 740 2292 textum
761 2255 840 2291 serio
856 2256 937 2302 leget
950 2278 960 2294 ,

206 2324 277 2347 eum
290 2311 329 2345 ab
342 2310 405 2343 hoc
417 2307 546 2342 absurdo
559 2306 715 2338 liberabit:
728 2306 822 2338 habet
835 2305 962 2350 quidem

207 2360 320 2407 aliquid
332 2355 596 2404 simile,Jofiphum
603 2351 714 2387 scilicet
721 2351 885 2400 quotannis
892 2352 963 2385 Na-

207 2407 337 2445 zarethd
355 2406 532 2455 profeffimm
545 2402 789 2438 Bethlehemum
801 2426 811 2440 ‚
837 2411 870 2434 ut
890 2399 962 2434 inde

207 2457 462 2503 Hierosolymam
475 2464 602 2503 peteret.
633 2452 740 2486 Gratis
758 2451 886 2498 quidem
899 2448 962 2483 hoc

209 2514 240 2544 &
254 2506 327 2541 falso
342 2505 510 2541 affirmatur
523 2504 562 2537 ab
579 2501 760 2549 Epiphanio
771 2525 781 2540 ,
804 2510 962 2546 utcunque

210 2557 383 2593 Maldonati
403 2553 499 2603 lapsus
521 2552 587 2592 est,
611 2551 698 2600 quod
715 2553 883 2598 AEgyptum
904 2560 962 2595 pro

212 2605 395 2642 Mam-ethi
407 2602 595 2652 supposuerit
604 2626 612 2638 ,
635 2605 667 2636 ὅ(
680 2602 711 2634 in
720 2599 783 2634 hoc
799 2597 963 2643 Causizboni

213 2655 333 2691 censura
344 2654 498 2700 justissima
510 2652 554 2687 est
567 2677 577 2692 ,
601 2652 650 2686 cui
662 2653 818 2683 ‘Petamus
831 2661 896 2682 non
910 2660 961 2681 au-

213 2707 264 2741 det
276 2703 428 2753 refragari.
449 2703 509 2737 Sed
521 2715 560 2736 ne
575 2698 760 2747 causabonm
770 2695 962 2746 impunefer-

212 2767 258 2790 ret
271 2755 361 2789 ullam
379 2755 409 2788 in
423 2750 553 2800 Jesuitas
571 2750 681 2786 utlibet
700 2749 841 2782 meritam
858 2744 963 2781 censu-

211 2818 291 2843 ram,
307 2805 338 2838 in
352 2817 422 2838 eum
435 2804 579 2836 petavius
592 2798 708 2832 involat
722 2808 756 2831 ut
766 2797 944 2830 haereticum
953 2819 963 2834 ,

212 2859 243 2889 &
262 2853 413 2887 librorum
435 2864 470 2885 ex
484 2849 654 2886 maledietis
672 2851 703 2882 &
717 2845 875 2880 calumniis
889 2856 965 2878 con-

993 975 1171 1022 permittere
1184 973 1222 1007 ab
1242 971 1296 1006 suo
1309 971 1442 1019 plaustro
1463 974 1670 1008 convitiorum
1679 998 1688 1013 ,
1715 986 1751 1008 ex

995 1024 1107 1072 quibus
1125 1022 1289 1057 leviculum
1302 1021 1363 1061 est,
1377 1022 1464 1069 quod
1476 1034 1546 1056 eum
1559 1023 1651 1057 toties
1665 1024 1753 1070 inge-

996 1075 1093 1107 minet
1105 1070 1259 1107 irrisorem
1273 1081 1408 1107 veterum
1416 1074 1551 1106 Patrum.
1575 1072 1670 1107 Certe
1682 1075 1753 1104 lan-

989 1123 1088 1166 sem‘us
1098 1127 1129 1157 &
1137 1122 1242 1156 Effius
1255 1121 1370 1167 aliique
1382 1119 1538 1154 Pontificii
1549 1131 1662 1168 negant
1674 1121 1753 1154 as'a-

996 1171 1093 1205 tribus
1109 1172 1140 1204 in
1159 1171 1224 1204 ullo
1237 1168 1319 1205 sensu
1338 1170 1466 1215 proprio
1479 1169 1603 1203 habitos
1616 1182 1674 1217 pro
1687 1169 1755 1204 Re-

997 1220 1099 1267 gibus,
1113 1224 1143 1254 &
1157 1220 1188 1253 in
1201 1219 1279 1253 hanc
1292 1217 1469 1253 sententiam
1485 1221 1575 1254 Ἕκα
1586 1220 1685 1255 varios
1697 1222 1754 1253 Pa-

996 1282 1057 1304 tres
1069 1270 1157 1307 citat,
1183 1281 1263 1315 quos
1276 1269 1384 1315 procul
1397 1267 1480 1302 abest
1494 1279 1526 1302 ut
1538 1281 1672 1316 unquam
1685 1269 1755 1303 irri-

997 1319 1065 1354 deat
1075 1343 1085 1358 ,
1117 1316 1169 1352 etsi
1186 1320 1253 1362 jure
1266 1317 1457 1351 meritissimo
1470 1317 1593 1352 ridenda
1607 1318 1755 1365 propine-

997 1378 1045 1402 tur
1059 1379 1168 1401 recens
1182 1364 1365 1413 Jesuitarum
1380 1365 1552 1413 superstitio
1571 1371 1602 1402 &
1621 1367 1755 1414 palpabi-

996 1419 1030 1452 lis
1044 1417 1237 1455 Idololatria,
1251 1428 1310 1463 qua
1325 1417 1440 1449 Colonia
1453 1418 1619 1466 Agrippinae
1629 1417 1755 1464 Regum

996 1468 1091 1501 trium
1105 1465 1314 1514 proculdubio
1330 1462 1519 1511 supposititia
1534 1478 1666 1512 corpora
1683 1466 1756 1500 reli-

997 1517 1084 1565 giose
1096 1517 1233 1553 adorant,
1245 1524 1280 1548 ut
1292 1514 1309 1548 a
1321 1513 1350 1548 se
1361 1512 1594 1562 fa&umJesuita
1607 1516 1756 1549 Cornelius

997 1569 1029 1601 iu
1041 1567 1146 1600 locum
1157 1562 1279 1599 fatetur.

1044 1615 1105 1650 Sed
1117 1626 1182 1648 non
1196 1613 1240 1648 est
1255 1613 1342 1661 quod
1355 1614 1392 1648 de
1401 1613 1592 1654 Maldonati,
1611 1615 1754 1654 Petavii,
1769 1616 1906 1659 Montacu-

1767 1653 1906 1730 iffi?

997 1676 1048 1700 aut
1060 1662 1360 1712 cujusquamJesuitae
1366 1663 1577 1698 maledicentia
1585 1675 1756 1710 conquera-

997 1728 1078 1755 mur,
1091 1727 1162 1749 cum
1175 1713 1348 1749 Richardus
1356 1714 1568 1749 Montacutius
1581 1713 1612 1746 in
1620 1712 1754 1759 partibus

999 1824 1107 1849 mento
1114 1811 1243 1861 Jesuitas
1256 1825 1367 1848 omnes
1385 1812 1620 1848 virulentissimis
1632 1813 1665 1846 in
1676 1815 1756 1846 Pro-

997 1863 1171 1899 testantium
1184 1862 1347 1910 primarios
1365 1862 1511 1896 convitiis
1529 1861 1625 1908 longe
1638 1859 1757 1909 superet

998 1914 1155 1960 originum
1167 1923 1233 1960 par.
1243 1913 1348 1958 priore
1359 1912 1523 1955 Num.7o.

1040 1961 1155 2010 Jesuita
1171 1965 1280 1998 Canus
1298 1961 1341 1994 illi
1358 1960 1404 1994 est
1427 1959 1617 1994 doetiffimus
1636 1963 1668 1995 &
1684 1971 1756 1993 mo-

998 2012 1195 2047 deratiffimus
1208 2010 1397 2057 Theologus
1410 2033 1419 2046 ‚
1449 2006 1499 2043 sed
1513 2007 1756 2044 Protcstantibus

997 2063 1051 2111 qui
1065 2065 1236 2110 Magorum
1245 2058 1356 2094 festum
1369 2071 1434 2092 non
1446 2068 1551 2104 putant
1558 2056 1758 2092 solemnicul-

996 2123 1030 2146 tu
1042 2110 1277 2149 celebrandum,
1298 2106 1556 2143 reformationem
1568 2105 1757 2142 furiosorum

998 2166 1029 2196 &
1045 2161 1255 2197 Catharorum
1272 2155 1512 2194 Puritanisinum
1536 2156 1667 2203 impetit.
1710 2156 1757 2190 Hi

998 2209 1064 2245 sunt
1087 2206 1286 2245 Genevenses
1306 2205 1445 2242 censores
1457 2206 1655 2253 Macrologi,
1682 2208 1757 2251 My-

997 2259 1081 2293 conii
1096 2268 1279 2295 novatoreS,
1303 2256 1448 2295 nasutuli,
1479 2258 1628 2295 ὴκησ-ίπφω
1644 2280 1654 2295 ,
1686 2255 1757 2303 qui-

997 2308 1055 2341 bus
1068 2308 1145 2341 nihil
1159 2305 1231 2353 sapit
1239 2318 1303 2340 non
1316 2305 1399 2352 prius
1407 2307 1560 2352 prolatum
1570 2318 1613 2340 ex
1622 2307 1756 2338 Leman-

997 2357 1030 2390 ni
1044 2357 1126 2392 lacu,
1151 2359 1183 2390 &
1195 2354 1281 2402 quod
1299 2353 1413 2388 furoris
1430 2365 1521 2400 caput
1533 2354 1594 2393 est,
1620 2363 1711 2398 atque
1724 2365 1756 2386 a·

998 2406 1119 2440 mentiae
1134 2415 1268 2439 extrema
1291 2404 1389 2443 linea,
1424 2402 1627 2437 horridissima
1640 2401 1755 2436 estim-

998 2455 1135 2503 precatio
1142 2479 1152 2495 ,
1160 2466 1220 2502 qua
1227 2463 1325 2487 totam
1334 2452 1415 2486 illam
1423 2451 1663 2487 reformatorum
1673 2449 1755 2497 quasi

998 2505 1214 2541 Puritanorum
1234 2514 1384 2537 catervam
1398 2502 1509 2537 ultimae
1521 2501 1690 2549 perditioni
1703 2500 1755 2535 dc-

1000 2564 1091 2590 vovet
1102 2554 1200 2587 Num.
1215 2557 1266 2585 62.

1046 2604 1100 2632 Ζόΰ
1112 2603 1178 2631 πυίπ
1208 2603 1236 2632 ὦς
1250 2603 1356 2640 wilare&
1369 2603 1419 2628 ‘niv
1435 2598 1550 2628 imizam-o
1557 2599 1640 2635 yiv&.
1673 2599 1754 2628 Hinc

999 2643 1149 2692 pellucide
1182 2642 1235 2676 atis
1259 2651 1381 2688 apparet
1395 2640 1468 2688 quid
1482 2641 1520 2673 ab
1544 2639 1606 2673 istis
1623 2638 1753 2673 Bacchis

1000 2692 1220 2728 bacchantibus
1239 2690 1462 2739 expediandum
1481 2687 1594 2728 fuisset,
1625 2687 1680 2722 nisi
1693 2690 1755 2722 La-

1001 2742 1136 2779 densium
1151 2741 1274 2776 §eetam
1285 2738 1456 2775 misericors
1470 2740 1559 2772 Deus
1571 2735 1756 2773 confudisset

1002 2798 1033 2828 &
1046 2789 1248 2838 confregisset.

1050 2842 1189 2876 Secunda
1208 2837 1352 2874 sententia
1365 2837 1408 2872 est
1421 2836 1522 2871 Straba·
1534 2835 1565 2870 in
1580 2834 1693 2871 Glossa'i
1706 2833 1755 2871 sua

1447 1763 1454 1770 ,
1585 1762 1592 1768 ·
1762 1733 1922 1770 ficitisviru-

999 1763 1182 1800 Ladensium
1205 1762 1419 1811 antesignanus
1445 1775 1478 1798 in
1502 1763 1565 1796 hoc
1583 1761 1649 1810 ipso
1669 1774 1755 1811 argu·
1768 1774 1888 1801 lentiores.

1767 2871 1863 2895 Contra
1874 2870 1922 2895 Ro.

1002 2889 1168 2926 ordinari&
1189 2902 1281 2938 quam
1294 2888 1428 2936 sequitur
1440 2890 1592 2933 Lyranus,
1606 2888 1754 2932 Aquinas.
1767 2916 1843 2934 mama
1851 2911 1896 2933 Ec-

1005 2941 1191 2985 eAbulenfis‚
1224 2943 1255 2974 &
1275 2950 1385 2972 omnes
1405 2935 1469 2972 fer'e
1489 2934 1648 2970 Pontificii
1667 2934 1756 2970 adve-
1768 2947 1802 2974 cle
1812 2946 1895 2981 aasen-

1004 2989 1076 3025 nisse
1089 2992 1203 3037 Magos
1210 2987 1449 3023 Bethlehemum
1456 3009 1466 3025 ‚
1484 2984 1590 3032 ibique
1598 2982 1756 3019 Christum
1771 2994 1877 3014 temuzm

1004 3037 1139 3075 adorasse
1152 3039 1201 3073 die
1214 3038 1338 3073 decimo
1351 3036 1443 3071 tertio
1456 3034 1526 3081 post
1538 3034 1683 3073 natalem,
1697 3032 1758 3068 sex·
1798 3035 1851 3061 arg.
1863 3036 1883 3052 ¹¹

1004 3101 1038 3123 to
1051 3089 1162 3123 scilicet
1175 3088 1322 3135 Januarii.
1369 3086 1440 3118 Hac
1457 3084 1495 3118 de
1506 3096 1538 3118 re
1550 3096 1615 3117 non
1627 3082 1760 3117 multum

1005 3139 1228 3177 laboraremus,
1247 3135 1301 3170 nisi
1314 3133 1555 3171 pontificiorum
1563 3146 1651 3180 prava
1659 3130 1760 3179 super-

1006 3188 1090 3224 stitio
1103 3187 1143 3223 eo
1155 3199 1214 3222 nos
1226 3186 1376 3234 adigeret,
1390 3194 1423 3218 ut
1437 3183 1556 3220 Divina
1566 3182 1627 3218 fide
1639 3181 1760 3217 senten-

1405 3233 1437 3267 Ii
1462 3245 1475 3277 3
1686 3228 1759 3262 tiam

212 2904 348 2938 sutorum
360 2899 521 2936 effusorem
530 2914 537 2934 z
546 2900 637 2947 nigrae
650 2896 740 2941 hujus
751 2895 887 2943 loliginis
895 2892 966 2927 fons

213 2952 257 2986 est
277 2952 318 2984 ira
332 2974 340 2986 ‚
361 2950 448 2998 quod
463 2948 647 2994 Caufizbonm
660 2946 879 2980 Maldonasum
901 2956 965 2977 ma-

213 3001 344 3035 ledicum
353 3003 384 3034 &
397 2998 578 3034 virulentum
590 2996 769 3045 scriptorem
784 2992 966 3042 appellasset,

214 3050 296 3086 certe
310 3048 441 3095 epitheta
448 3047 511 3082 haec
525 3051 588 3092 jure
621 3047 623 3049 ’
646 3045 793 3081 mmeruit
800 3043 966 3078 Maldona-

214 3111 262 3134 tus
276 3098 319 3132 ob
335 3096 426 3131 suain
438 3096 605 3132 venerabile
653 3099 775 3132 Bezam
787 3093 872 3129 valde
884 3092 965 3126 viru-

213 3150 292 3183 lenta
305 3146 476 3181 maledieta.
517 3146 581 3179 Hic
601 3146 633 3179 in
646 3143 703 3180 suis
716 3141 966 3179 annotationibus

214 3199 251 3234 ad
268 3196 382 3233 Matth.
395 3208 422 3231 2.
448 3192 576 3243 disputat
589 3204 697 3230 contra
714 3198 884 3242 Magorum
901 3193 967 3228 Re-
