2048 3343
422 105 488 135 ET
545 98 1227 137 CHRONoLoGiCI
1290 99 1473 139 Lin.1.
1653 110 1724 147 105

987 186 1059 208 men
1079 172 1200 207 bonam
1222 174 1381 207 moenium
1413 184 1535 221 partem
1562 171 1736 208 subruerit.

984 222 1060 256 Hoc
1073 224 1197 256 nuncio
1209 221 1413 265 Sardanapalo,
1423 224 1459 257 ad
1471 224 1619 258 ultimam
1630 222 1737 268 despe-

984 272 1141 305 rationem
1162 271 1308 306 redactus
1331 269 1484 318 confugit
1499 285 1567 307 non
1578 273 1616 307 ad
1629 271 1734 306 restim

983 318 1032 354 sed
1045 333 1172 367 rogum.

1031 370 1114 413 Qoe
1126 367 1305 415 sequuntur
1317 366 1549 415 perplexissima
1560 368 1660 404 fecere
1670 369 1732 403 Hi·
1751 381 1893 411 Her-adorsi,-

983 416 1172 452 storicorum
1186 419 1368 464 principum
1381 415 1590 451 diversisiimae
1602 418 1732 452 senten·
1751 423 1827 457 Ctesi}
1842 425 1892 458 fide

982 469 1032 502 tia:
1052 483 1063 509 ς
1088 466 1255 502 Herodotm
1275 471 1305 501 δι
1327 469 1434 514 Ctefias
1445 468 1539 513 primi
1553 465 1660 501 fontes
1674 467 1732 500 ad·
1753 466 1853 505 dignior.

186 173 302 208 <libant
313 197 321 212 ,
345 172 395 208 scd
407 171 516 208 seclusi
530 172 616 209 velut
629 173 645 208 ἷι
657 173 752 209 rebus
765 172 914 207 humanis
928 194 936 208 ‚

186 232 221 256 ut
233 221 369 256 totidem
384 223 555 258 invisibiles
565 221 620 258 Dii
633 222 864 257 diffundebant
874 218 935 255 sure

185 271 359 316 majestatis
385 274 598 321 Religionem
626 269 724 320 longe
750 272 875 316 lateque
903 270 936 301 in

183 318 385 355 subditorum
399 324 548 368 peetora3
569 320 626 368 ipsi
639 321 766 354 interim
780 321 812 353 iri
826 316 934 352 altissi-

184 371 247 404 mis
260 372 413 405 omnium
425 371 630 417 voluptatum
640 367 825 418 gurgitibus
836 368 934 402 obru-

183 421 223 456 ti.
248 420 425 454 Habebunt
446 418 567 465 semper
585 421 619 453 in
640 420 740 452 armis
764 421 934 465 ingentem

186 469 326 503 militum
339 469 404 503 vim
417 491 426 507 ,
441 468 535 503 castra
548 479 637 502 erant
659 469 791 502 Nmi‘ves
801 479 934 514 pomoe-

29 1325 150 1360 ,Arbae-es

29 1379 64 1399 ω’
72 1369 138 1396 Belo-

27 1409 86 1438 cbus
91 1418 149 1436 ton-

34 1452 143 1489 pii-antes

27 1492 153 1528 „dssyrivs

186 519 245 556 tia,
256 515 376 552 milites
390 528 478 552 certo
491 530 626 551 numero
637 519 814 563 quotannis
823 530 860 550 ex
873 513 935 548 sin-

187 567 270 614 gulis
284 568 357 602 lec‘ti
370 569 544 614 provinciis
555 592 564 608 ‚
577 570 685 602 Duces
696 566 712 600 a
722 568 813 614 Rege
823 578 879 611 per
889 566 935 597 in·

186 619 372 650 ternuncios
382 618 544 651 nominati
557 643 567 657 ‚
597 629 671 651 cum
684 616 865 650 excurrisset
883 626 936 647 an·

185 665 405 704 nus‚redibant
416 666 537 713 semper
545 667 664 712 priores
676 666 814 699 domum
826 668 854 697 ἃ
867 661 936 696 suc·

185 713 344 749 cedebant
363 717 459 755 novi;
488 716 665 762 prudentiae
691 713 858 762 singularis
883 713 934 745 in-

184 774 328 800 ventum.
370 767 401 798 Si
421 765 499 813 quid
522 763 537 798 a
558 776 726 813 quoquam
755 772 938 796 moveretur

183 813 316 860 praesens
328 813 432 847 statim
444 813 680 861 comprimebat
691 813 845 847 exereitus
858 834 867 846 ‚
879 822 936 844 nec

182 863 267 896 ullus
285 874 392 898 tamen
411 862 427 897 31
444 865 549 897 milite
570 874 726 910 perpetuo
748 873 851 895 metus
866 883 875 898 ,
902 868 937 893 ut

182 913 272 946 enim
284 911 496 947 diversissimae
509 924 623 958 gentes
640 913 671 944 in
685 921 830 944 mutuam
844 909 934 942 noti-

184 963 263 996 tiam
292 962 413 996 nedum
446 961 704 1007 conspirationes
730 958 914 992 devenirent
925 980 933 992 ,

183 1024 267 1045 unus
284 1023 386 1045 annus
415 1023 482 1044 non
507 1010 570 1044 fuit
596 1008 664 1042 fiitis
687 1021 696 1041 ε
723 1017 934 1053 praeterquam

184 1060 276 1108 quod
288 1061 321 1094 in
333 1059 468 1107 lingulas
479 1059 651 1104 quotannis
665 1054 783 1090 dimissi
796 1056 932 1101 provin-

185 1111 248 1144 cias
263 1134 272 1146 ,
300 1111 470 1156 populares
480 1108 599 1153 quique
612 1106 701 1143 suos,
722 1116 795 1139 utut
809 1105 840 1137 in
853 1101 932 1137 sedi-

183 1161 309 1193 tionem
322 1169 440 1203 pronos
451 1180 460 1196 ‚
473 1154 672 1189 cohibebant
683 1165 801 1198 terrore
820 1155 934 1199 ingen-

183 1210 267 1241 tium
276 1205 314 1238 ad
325 1205 462 1240 Niniven
473 1202 650 1238 castrorum
659 1229 669 1246 ,
685 1215 754 1251 quae
767 1202 824 1250 ipsi
832 1214 934 1249 nuper

182 1252 368 1303 speetziffent
379 1252 438 1288 suis
449 1254 564 1287 oculis.

233 1304 341 1337 Valuit
359 1302 423 1338 lioc
448 1302 520 1337 satis
544 1313 658 1338 contra
670 1303 752 1336 vires
778 1300 934 1334 humanas

181 1363 410 1388 commentum
422 1378 431 1392 ‚
447 1351 499 1386 sed
514 1364 625 1387 contra
635 1353 744 1386 Deum
755 1351 842 1384 nulla
854 1361 933 1382 con·

183 1402 267 1442 filia,
285 1402 410 1436 nullum
427 1403 509 1436 valet
521 1402 637 1441 robur,
665 1402 817 1434 oninium
830 1411 934 1433 terum

184 1451 267 1486 statae
287 1451 359 1485 sunt
379 1452 514 1499 periodi.
542 1450 632 1485 Cum
653 1450 692 1486 ad
714 1448 937 1496 Sardanapalum

184 1498 377 1536 devenissent
387 1500 542 1549 regnandi
553 1503 635 1535 vices
644 1524 653 1537 ‚
672 1499 789 1534 accidit
801 1499 878 1532 utin
888 1510 937 1531 ca-

984 517 1076 551 versis
1098 526 1298 551 concurrunt
1323 514 1490 550 frontibus
1508 540 1518 555 ,
1545 515 1735 563 posteriores

984 579 1097 600 omnes
1106 566 1226 600 horum
1237 567 1314 600 alter
1323 565 1394 611 post
1405 565 1433 599 se
1442 564 1561 599 traliit:
1588 566 1663 599 licet
1675 576 1733 597 an-

984 617 1141 663 tiquiores
1152 626 1218 649 tarn
1236 612 1392 663 Xenophon
1404 614 1502 662 quam
1520 613 1632 648 Siculus
1643 615 1735 656 Ctefiae

985 665 1086 712 magis
1099 663 1247 702 faveant3
1264 664 1404 712 quisquis
1417 676 1525 699 tamen
1537 663 1666 708 hujusce
1678 663 1735 695 viri

985 711 1163 760 fragmenta
1174 726 1247 748 cuni
1260 713 1405 747 Herodoto
1417 715 1601 749 contulerit,
1614 714 1665 746 vix
1676 724 1737 757 pu-

986 764 1067 797 tabit
1083 764 1204 808 Ctefiam
1217 764 1378 809 praelatum
1390 767 1482 808 jure:
1513 761 1683 797 difficulter
1695 773 1735 794 ex

986 823 1122 859 utroque
1133 812 1255 856 liquida
1272 810 1436 859 colligitur
1446 813 1560 847 veritas
1574 836 1583 852 ,
1595 811 1676 846 milii
1690 821 1736 844 ta·

987 874 1060 895 men
1079 873 1149 907 quat
1166 861 1264 894 habet
1284 861 1449 895 Herodotus
1464 860 1560 908 quam
1573 874 1641 908 qtiae
1659 864 1736 893 Cte-

977 913 1034 951 fias
1045 933 1055 949 ,
1082 908 1304 942 verisimiliora
1333 910 1493 943 videntur.
1526 910 1591 944 Etsi
1608 911 1641 943 in
1668 910 1737 952 Cyri

985 967 1090 992 morte
1115 955 1332 1004 Xenophontem
1366 958 1508 991 maxime
1536 958 1735 1006 sequendum

985 1017 1108 1053 putem,
1116 1005 1251 1040 referam
1265 1016 1373 1040 tamen
1384 1018 1601 1041 communem
1614 1006 1649 1041 esi
1658 1007 1695 1041 de
1705 1019 1738 1040 re

984 1068 1021 1089 ex
1037 1056 1187 1089 Herodoto
1200 1055 1403 1090 sententiam.

1030 1104 1205 1139 Destrueto
1222 1103 1423 1149 Assyriorum
1442 1104 1580 1149 imperio
1593 1129 1601 1142 ,
1631 1115 1698 1136 non
1709 1101 1739 1135 se

983 1154 1064 1187 dixit
1078 1153 1222 1188 eArbaces
1233 1155 1361 1201 Regem
1373 1177 1382 1193 ‚
1403 1153 1455 1187 sed
1466 1153 1595 1191 Medos,
1615 1152 1719 1185 Persas
1730 1173 1740 1186 ‚

987 1207 1147 1237 Armenos
1161 1230 1168 1243 ‚
1188 1201 1388 1251 reliquosque
1415 1201 1454 1236 ad
1479 1202 1738 1248 Septentrionem

986 1254 1142 1298 populos,
1159 1253 1302 1287 libertate
1313 1250 1457 1299 permisit
1470 1249 1549 1284 frui:
1575 1252 1665 1284 aliter
1678 1253 1740 1282 Be-

981 1300 1078 1336 lochos
1088 1302 1318 1349 quiBabylone
1331 1304 1364 1335 in
1376 1299 1496 1347 Assyria
1508 1299 1738 1334 Monarchiani

985 1353 1203 1391 continuavit,
1214 1350 1364 1398 cogendo
1379 1362 1462 1396 quos
1473 1351 1582 1397 potuit
1596 1349 1632 1383 ad
1645 1349 1742 1382 meri-

985 1402 1070 1434 diem
1093 1405 1126 1435 &
1146 1400 1292 1436 occasum
1314 1399 1516 1449 potissimum
1539 1399 1614 1434 sitos
1635 1396 1742 1432 subire

983 1463 1115 1498 jugum.

1036 1499 1128 1534 Medi
1140 1512 1195 1546 per
1203 1499 1330 1547 aliquot
1338 1510 1438 1533 annos
1448 1497 1486 1533 de
1496 1495 1582 1532 novz'i
1592 1496 1738 1530 libertate
1763 1502 1899 1542 Medipcr..

987 1550 1184 1598 gratulantes
1197 1550 1350 1589 invicem,
1361 1546 1549 1595 competere
1561 1546 1689 1580 tandem
1702 1544 1740 1577 li-
1758 1545 1886 1580 taefiltlaer-

988 1602 1129 1634 centiam
1150 1599 1338 1644 popularem
1359 1610 1428 1631 non
1446 1599 1555 1631 minus
1573 1593 1741 1640 tyrannide
1758 1588 1881 1636 ratisDe-

990 1650 1112 1684 malum
1124 1646 1195 1682 effe.
1221 1648 1313 1681 Dum
1333 1648 1365 1681 in
1378 1660 1446 1681 uno
1458 1645 1602 1689 majestas
1616 1643 1742 1690 imperii
1756 1639 1881 1664 yocemco-

39 1528 138 1569 ubjugd.

27 1580 97 1601 rum.
185 1550 246 1585 stra
257 1551 403 1584 venirent
413 1564 486 1585 cum
502 1550 607 1585 Medis
618 1548 750 1585 Arbaces
759 1575 768 1590 ‚
786 1560 862 1583 cum
874 1549 935 1582 Ba-

186 1598 330 1646 byloniis
349 1597 485 1633 Belochus
496 1600 610 1635 duces:
637 1599 688 1634 hic
702 1597 937 1634 Chaldaeorum

186 1651 330 1695 princeps
351 1660 386 1682 ex
403 1649 521 1696 Magiae
542 1662 639 1697 quam
652 1647 937 1685 habebatnotitifi,

37 2041 144 2072 Semi-ni·-

33 2083 153 2114 Sardanae
159 2098 169 2105 -

29 2126 103 2164 palm
115 2126 142 2152 in

28 2167 137 2204 foi-ufli-

35 2217 99 2235 mum
105 2216 164 2233 eva-

32 2247 69 2284 fit
75 2249 166 2276 virum.

186 1695 396 1734 Arhaciclam
413 1697 578 1746 significat,
604 1699 779 1745 Imperium
794 1695 940 1743 Assyrio-

185 1759 258 1781 rum
266 1747 323 1794 ipsi
333 1746 411 1781 astra
421 1747 629 1794 portendere.
646 1747 849 1794 aggrediatur
860 1759 938 1794 ergo

186 1794 316 1830 fortiter
331 1809 400 1844 quae
415 1796 471 1831 sibi
483 1796 543 1831 sint
554 1795 680 1831 fatalia:
697 1795 735 1830 fit
747 1798 941 1840 conjuratio,

187 1847 364 1893 conjungit
375 1844 505 1879 Arbaces
515 1846 622 1879 Medis
635 1844 750 1885 Persas,
762 1849 793 1880 &
802 1843 941 1879 Belochus

189 1893 314 1928 Arabes
329 1893 534 1941 ssabyloniis3
551 1893 673 1929 interea
683 1905 792 1929 tacent
803 1919 813 1935 ,
827 1895 942 1929 sedan-

191 1955 237 1976 no
249 1940 397 1991 sequenti
409 1944 544 1979 redeunt
555 1943 640 1991 quasi
651 1944 842 1979 succedanei
856 1945 944 1978 mili-

192 2001 242 2025 tes
259 1994 294 2026 in
311 1992 429 2029 castra,
455 2006 529 2028 curn
551 1995 711 2028 comitatu
729 1992 945 2041 quadraginta

193 2041 387 2088 myriadum.
414 2044 563 2078 Pervolat
581 2045 614 2077 in
634 2044 770 2091 Regiam
788 2043 827 2077 ad
839 2042 944 2076 Sarda-

191 2089 325 2135 napalum
343 2089 449 2131 faina‚·
476 2092 587 2137 abjicit
605 2091 733 2127 semivir
753 2092 945 2126 muliebrem

192 2139 353 2174 mundum
365 2164 374 2177 ‚
383 2141 493 2187 prodit
504 2143 538 2175 in
551 2154 703 2189 campum
712 2166 722 2181 ‚
733 2142 839 2175 induit
848 2153 947 2178 arma,

193 2192 237 2228 &,
247 2188 335 2237 quod
347 2192 475 2230 mirere,
487 2194 673 2235 conjuratos
685 2189 852 2237 profligat,
865 2191 946 2236 quin

193 2241 224 2272 &
236 2249 322 2273 arma
330 2237 522 2274 resumentes
536 2239 677 2275 secundo
689 2239 841 2274 debellat.
866 2241 945 2273 Non

196 2288 317 2333 patitur
329 2289 399 2323 suos
411 2287 553 2323 Belochus
564 2291 710 2324 animum
723 2287 925 2336 despondere
935 2312 946 2328 ,

197 2335 403 2372 certissimam
422 2352 460 2373 ex
479 2339 566 2373 astris
590 2339 757 2373 vietoriam
777 2338 926 2385 praedicat
937 2362 946 2378 ‚

196 2382 416 2419 nihilominus
426 2398 535 2421 tamen
548 2387 646 2422 tertio
658 2387 813 2435 fugantur
827 2391 861 2421 ὅ(
872 2385 945 2420 fun-

195 2431 318 2466 duntur
331 2435 479 2479 penitus:
509 2435 716 2482 desperassent
736 2435 788 2469 hic
800 2435 948 2481 prorsus,

193 2483 228 2515 ni
239 2482 391 2528 quintum
406 2481 585 2529 praefixisset
596 2484 681 2517 diem
696 2482 853 2524 Belochus,
865 2487 948 2518 intra

990 1712 1058 1734 non
1071 1698 1183 1733 residet
1195 1719 1202 1731 ‚
1214 1693 1384 1730 facinorosi
1398 1697 1516 1743 quique
1529 1707 1586 1741 pro
1601 1694 1697 1727 libitu
1711 1693 1744 1726 in
1758 1693 1777 1708 ὁ

991 1750 1119 1783 vicinos
1136 1744 1259 1796 grassari
1279 1758 1286 1778 :
1313 1744 1422 1779 afflieti
1434 1756 1540 1792 regern
1551 1743 1745 1790 quitueatur

992 1798 1138 1833 imbelles
1148 1820 1157 1831 ,
1183 1798 1240 1841 qui
1259 1794 1392 1841 castiget
1403 1793 1516 1829 sontes
1528 1817 1537 1829 ,
1553 1790 1726 1838 efflagitate
1737 1802 1747 1821 ε

992 1849 1140 1883 oninium
1152 1844 1255 1878 oculis
1271 1848 1395 1889 DeJoces
1409 1857 1446 1877 ex
1459 1840 1593 1878 eArbace
1604 1852 1751 1888 progna-

992 1908 1053 1932 tus,
1065 1894 1237 1930 Medorum
1252 1892 1491 1941 potentissimus
1501 1891 1594 1926 simul
1606 1895 1636 1924 δι’
1645 1888 1752 1935 justis-

994 1946 1091 1981 simus
1103 1944 1281 1992 expetitur:
1309 1942 1369 1977 suis
1380 1944 1431 1976 ille
1451 1941 1586 1975 demum
1607 1939 1750 1973 humeris

994 1995 1123 2042 imperii
1144 2005 1228 2027 onus
1249 1993 1380 2038 imponi
1401 1993 1540 2038 patitur,
1570 1987 1606 2022 ea
1622 1990 1693 2035 lege
1712 1998 1750 2020 ut

996 2042 1279 2092 populusRegiam
1292 2040 1350 2075 fibi
1370 2040 1484 2074 urbem
1503 2038 1685 2072 &domum
1694 2049 1751 2070 ex-

996 2103 1140 2132 trueret,
1165 2089 1290 2138 suisque
1310 2090 1467 2124 mandatis
1494 2083 1688 2136 obsequium
1715 2087 1751 2119 in

995 2155 1094 2178 omne
1106 2152 1236 2187 teinpus
1245 2140 1345 2174 alacre
1361 2139 1581 2186 polliceretur.
1608 2137 1706 2170 Nulla
1717 2136 1752 2168 in

996 2192 1120 2240 populo
1132 2202 1225 2224 mora
1239 2214 1249 2229 ,
1268 2199 1465 2223 extruuntur
1481 2184 1588 2220 multo
1600 2182 1756 2233 magnifi-

997 2238 1172 2276 centiffima
1186 2237 1353 2278 Ecbatana,
1381 2236 1478 2270 hodie
1489 2237 1591 2268 Tauris
1606 2257 1614 2270 ι
1634 2237 1667 2269 in
1680 2233 1750 2281 ipso

996 2290 1112 2325 Mediae
1128 2288 1335 2322 meditullio:
1362 2284 1415 2320 liic
1436 2288 1563 2328 Dejoces
1585 2286 1618 2317 δε
1635 2284 1753 2331 posteri

996 2351 1142 2374 exercere
1161 2347 1332 2384 coeperunt
1358 2337 1531 2382 imperium
1557 2336 1592 2367 in
1623 2335 1750 2368 vicinos

997 2401 1114 2422 omnes
1127 2411 1136 2424 ,
1157 2386 1220 2434 qua
1238 2387 1382 2420 volentes
1395 2384 1456 2432 qua
1477 2384 1597 2417 invitos
1609 2409 1619 2423 ,
1644 2382 1751 2415 donec

997 2437 1129 2472 tandem
1147 2434 1292 2469 latissimi
1307 2436 1416 2481 Regni
1430 2432 1647 2480 gubernacula
1656 2430 1757 2464 deve-

997 2486 1110 2521 nissent
1123 2485 1161 2519 ad
1175 2484 1361 2532 eAstyagem.

1764 1680 1822 1700 “uns
1834 1682 1873 1698 re·

1760 1721 1850 1750 gnare.

195 2542 296 2578 quem
308 2542 433 2565 certum
452 2531 685 2579 pollicerentur
696 2533 849 2566 auxilium
860 2532 948 2577 syde-

197 2591 252 2620 ra,
271 2582 304 2613 ni
317 2577 368 2614 sua
378 2580 612 2615 vanaarsess‘et.
638 2580 761 2615 Interea
772 2581 949 2615 adventan-

197 2638 247 2662 tes
267 2631 461 2664 nunciantur
482 2631 644 2672 Bactriani
666 2631 748 2677 Regi
769 2641 887 2663 eontra
898 2642 949 2663 re—

196 2678 300 2712 belles
316 2679 347 2711 in
367 2691 466 2725 opem
480 2704 489 2716 ,
508 2680 641 2714 obviam
660 2679 807 2726 procedit
819 2677 950 2713 Aybaces

195 2726 262 2773 qua
276 2728 371 2761 minis
389 2728 451 2774 qua
462 2728 620 2776 promissis
638 2731 761 2775 pellicit
775 2730 807 2763 in
826 2727 951 2762 foedus.

1041 2535 1142 2568 Nulla
1155 2532 1230 2566 liuic
1241 2531 1377 2565 mascula
1390 2525 1664 2574 proles(H0rodoti
1674 2537 1749 2572 pro·
1768 2546 1900 2581 Astyaois

997 2581 1123 2616 sitemur
1135 2579 1272 2614 insistere
1284 2578 1478 2623 vestigiis)ex
1492 2575 1681 2622 filiae(quam
1693 2574 1747 2608 ha·
1768 2596 1799 2612 ex
1809 2568 1890 2613 Maii.

998 2632 1069 2665 buit
1081 2631 1226 2670 unicam)
1245 2626 1416 2662 Mandanes
1430 2637 1525 2659 utero
1548 2625 1631 2659 videt
1649 2626 1682 2658 in
1695 2623 1748 2658 so·
1768 2625 1830 2654 dane
1839 2638 1908 2666 nepos

999 2680 1080 2713 mnis
1089 2678 1192 2712 enasci
1205 2679 1391 2722 vitem‚quae
1401 2685 1505 2709 totam
1519 2673 1624 2708 Asiam
1636 2671 1749 2707 umbra
1768 2669 1878 2719 (sm-‘¹⁴¹1

997 2738 1199 2775 contegeret.
1225 2727 1276 2759 De
1297 2723 1462 2759 insomnio
1484 2721 1620 2757 consulti
1643 2734 1747 2762 vates,
1767 2710 1880 2746 ¹⁶f⁶³”''“

998 2776 1194 2824 respondent
1229 2777 1318 2808 suum
1346 2787 1383 2808 ex
1413 2773 1567 2808 fidandane
1592 2783 1747 2819 nepmem
1767 2750 1879 2787 egreser-

1767 2798 1840 2817 vatus
1847 2789 1864 2817 ὦ

198 2826 294 2860 ηοᾶε
312 2826 442 2873 Regem
461 2828 495 2860 in
513 2826 618 2860 castris
641 2826 788 2860 securum
809 2826 947 2864 invadit,
997 2839 1065 2860 non
1084 2828 1116 2859 in
1141 2825 1286 2858 Mediam
1309 2823 1436 2857 tanturn
1459 2821 1487 2855 se
1506 2823 1582 2856 vivo
1601 2823 1747 2856 vidente-
1762 2832 1878 2868 pernitie.

199 2875 371 2909 maximam
387 2876 451 2910 edit
467 2875 602 2923 stragem
618 2901 628 2913 .
646 2874 826 2922 superstites
846 2876 880 2907 in
893 2886 947 2907 ur-

19 2772 23 2843 }
194 2776 272 2810 Hoc
293 2775 521 2823 supplemento
559 2789 714 2811 recreatus
743 2800 752 2814 ,
786 2776 947 2811 concubia

20 2873 22 2886 l

201 2920 276 2954 bein
286 2927 452 2972 compellit
462 2950 470 2962 ‚
483 2924 650 2959 conclusos
661 2924 828 2959 obsidione
838 2924 949 2970 cingit.

199 2969 292 3004 Nihil
303 2971 380 3007 dum
389 2974 444 3009 sibi
457 2975 625 3010 metuebat
636 2974 844 3019 Sardanapalm
853 3000 860 3012 ,
875 2985 948 3007 nani

200 3020 333 3054 oraculo
347 3022 434 3058 scivit
445 3025 517 3058 urbi
530 3036 661 3059 cautum
675 3023 830 3070 quamdiu
841 3035 951 3056 manc·

203 3079 253 3103 ret
270 3070 394 3104 amicus
412 3073 540 3120 Tigris3
568 3075 654 3108 nulla
665 3074 702 3107 de
723 3072 867 3106 fluminis
887 3073 951 3106 ini-

203 3116 328 3161 micitia
344 3115 509 3160 formid0;
528 3121 648 3156 fufium
662 3123 705 3157 est
717 3133 825 3156 tamen
840 3133 873 3155 ut
884 3120 953 3167 post

206 3167 377 3204 biennium
391 3169 507 3220 magnii
522 3171 678 3208 imbrium
696 3174 726 3211 vi
743 3173 873 3207 auctum
890 3170 952 3206 flu-

997 2887 1071 2922 que,
1088 2874 1136 2908 sed
1147 2875 1224 2907 &in
1237 2872 1343 2907 Asiam
1355 2884 1460 2906 totam
1474 2882 1672 2917 arrepturum
1684 2872 1749 2904 im-

998 2925 1131 2971 perium.
1160 2923 1322 2973 eAssyages
1341 2925 1391 2964 (ut
1407 2923 1491 2955 irrita
1504 2921 1649 2954 redderet
1660 2919 1745 2967 fata)

998 2976 1066 3007 viro
1087 2975 1172 3006 inter
1195 2972 1298 3006 Persas
1321 2972 1423 3019 quieti
1437 2971 1560 3014 ingenii
1577 2975 1607 3004 δε
1623 2970 1751 3003 medio-

998 3024 1057 3057 cris
1071 3020 1209 3056 fortuna:
1223 3019 1351 3066 Cambysl
1367 3031 1495 3068 gnatam
1519 3019 1573 3053 dat
1589 3029 1747 3066 nuptum;

998 3076 1028 3106 δε
1049 3083 1083 3104 ut
1102 3071 1242 3118 primurn
1260 3081 1406 3116 apparuit
1421 3080 1544 3102 uterum
1562 3067 1642 3102 ferre
1662 3066 1749 3103 ad'se

1000 3132 1145 3154 vocatam
1155 3120 1278 3153 detinet
1292 3122 1322 3152 in
1334 3116 1432 3163 ipsum
1445 3116 1549 3163 parisis
1563 3118 1748 3157 articulum

999 3168 1156 3206 infantem
1181 3166 1303 3218 prorsus
1325 3170 1450 3216 regium
1477 3179 1573 3214 quani
1601 3166 1746 3216 prinnini

1677 3216 1747 3249 cdi-
