2048 3343
309 123 388 157 106
678 118 993 157 OPER1s

304 194 428 228 editum
456 194 595 245 Harpago
620 192 850 229 Praefeetorum
870 191 1057 227 fideliffimo

301 242 410 283 tradit,
425 244 537 290 primo
559 255 694 291 quoque
706 254 854 290 tempore
866 241 1058 276 necandum.

300 292 385 327 Non
396 292 473 327 tulit
482 290 568 326 hunc
579 293 705 327 animus
715 294 861 327 innocuo
875 292 973 339 Regii
985 290 1056 325 san-

300 342 410 389 guinis
422 353 537 377 cruore
546 355 659 376 manus
672 339 925 382 commaculare,
941 339 995 375 sed
1010 339 1055 374 fa·

300 392 393 425 cinus
425 391 676 439 perpetrandum
709 388 906 425 severissimis
950 390 1054 425 verbis

299 440 435 475 mandat
446 439 573 476 cuidam
591 439 768 475 Mtthudasi
777 441 916 490 Assyffgia
933 438 1055 474 bubul-

300 502 369 530 co;
393 488 579 537 susceptum
600 491 655 525 ille
678 502 815 537 puerum
841 490 970 524 deducit
996 487 1054 521 do-

301 551 394 574 mum
403 566 412 578 ‚
427 553 506 574 mox
517 540 556 575 ad
567 541 729 574 lanienam
739 539 877 574 ferarum
888 548 1056 583 exponen-

302 589 400 623 dum:
424 589 480 624 sed
497 601 565 624 rem
584 601 620 623 ur
640 601 704 624 erat
717 613 726 628 ‚
743 588 815 622 ante
837 597 944 620 narrar
967 584 1055 619 uxori

300 638 443 686 Spar-oni,
467 638 638 673 abliorrere
657 639 771 680 mulier
787 634 911 669 facinus
925 660 932 673 ‚
961 636 1057 669 mari·

299 698 374 722 tum
386 700 426 722 ne
436 686 525 722 fieret
536 687 688 722 obtestari
702 709 712 724 ‚
736 685 853 718 docere
874 697 942 731 quo
960 681 1053 719 facile

299 734 426 771 falleret
439 737 594 775 modum;
614 733 717 769 edidit
728 734 782 767 illa
792 733 1053 780 nuperinfantu-

298 787 370 821 lum
382 811 391 825 ,
410 786 464 821 sed
484 786 534 819 cui
551 785 584 818 in
602 781 673 830 ipso
691 794 782 830 partu
800 784 901 816 viram
917 780 984 817 fata
993 785 1053 818 eri-

299 833 457 880 puiffent,
477 834 585 873 hunc,
606 835 734 879 inquit,
753 830 975 878 supponamus
992 845 1052 878 pro

297 885 421 931 Regio,
434 884 577 930 Regium
586 884 706 917 alamus
715 894 773 928 pro
783 880 908 916 nostro,
918 879 1052 915 Mithri-

295 932 358 966 dati
374 943 602 967 commentum
620 933 724 979 placet
738 955 748 971 ,
769 930 980 964 demortuum
1000 933 1054 966 in·

294 982 404 1017 volvit
413 982 527 1029 Regiis
547 993 626 1028 quas
637 980 677 1015 ab
690 982 831 1030 Harpago
841 978 945 1014 fasciis
958 993 1053 1015 acce-

294 1032 343 1077 pit
354 1055 364 1070 ,
386 1032 575 1066 involutum
587 1029 658 1077 post
670 1030 815 1063 triduum
827 1029 865 1063 ad
874 1032 1048 1080 'Harpagum

293 1080 445 1119 reduxit,
473 1079 561 1128 quasi
582 1081 735 1114 enectum
756 1080 790 1112 in
804 1078 896 1125 sylvis
906 1075 990 1113 fame
1002 1078 1048 1114 se-

250 1121 261 1130 ’
292 1129 438 1164 cundum
458 1127 511 1163 sua
537 1129 685 1164 mandata
707 1143 715 1163 :
742 1126 920 1164 verisimilis
940 1127 1049 1164 fabula

291 1191 361 1213 non
373 1176 543 1213 difficulter
559 1179 708 1213 creditur.

338 1227 463 1263 Intered
482 1227 636 1262 adolescit
653 1232 745 1272 Cyrus
764 1228 796 1262 in
816 1227 937 1263 rustico
949 1241 1048 1276 pag0›

293 1275 373 1312 facie
385 1282 417 1312 &
431 1277 580 1312 moribus
596 1279 681 1312 inter
694 1278 845 1324 parvulos
862 1276 983 1312 sodales
999 1291 1047 1311 re·

291 1329 381 1375 gium
392 1327 517 1372 aliquid
530 1325 648 1373 spirans
659 1351 668 1365 ‚
686 1327 886 1361 colludentes
897 1328 1045 1374 aliquan-

290 1377 335 1411 do
356 1377 480 1423 pueruli
501 1377 630 1424 eligunt
644 1375 701 1410 fibi
718 1377 751 1409 in
775 1377 905 1423 Regem
919 1380 1045 1416 Cynam,

289 1438 358 1473 quo
370 1437 500 1459 munere
511 1425 706 1460 demandato
717 1424 842 1460 strenue
853 1424 1047 1473 defungens,

289 1476 370 1510 alios
384 1487 471 1510 creat
484 1473 736 1512 satellites,alios
747 1473 958 1509 confiliarios:
968 1475 1046 1509 huic

133 1238 209 1274 Cyrus
211 1245 272 1276 puer

133 1280 260 1317 innotescit

129 1328 188 1350 aro.

292 1536 410 1565 unum,
422 1525 715 1572 illialiudimperat
727 1549 736 1564 ‚
757 1525 859 1559 caeteri
876 1536 987 1571 parent
996 1525 1044 1559 di-
1065 1545 1067 1548 -

286 1574 364 1612 ἂίες
379 1574 500 1608 nobilis
509 1574 642 1622 quidam
657 1585 737 1621 puer
749 1571 873 1620 spernit
888 1575 1042 1621 imperia:

285 1621 373 1658 hunc
384 1623 491 1658 statim
509 1623 660 1657 rebellem
681 1622 818 1658 Ιεᾶοῑεε
831 1622 925 1666 jubet
942 1625 1043 1658 corri-

283 1685 356 1718 pere
374 1676 407 1707 &
424 1673 548 1707 duriter
566 1673 685 1708 caedere
705 1673 799 1712 loris;
825 1671 932 1721 flagris
950 1684 1042 1707 totus

282 1722 368 1756 lacer
392 1723 492 1757 currit
520 1721 561 1756 ad
596 1733 720 1770 patrem
746 1722 1041 1769 lachrymabundus

282 1783 360 1818 puer
370 1797 379 1810 ,
392 1775 423 1806 &
437 1771 475 1806 ad
486 1772 615 1819 Regem
626 1784 698 1806 cum
712 1770 782 1805 filio
795 1783 902 1818 pater,
923 1774 1039 1807 irarum

282 1820 398 1866 plenus
419 1821 621 1856 demonstrat
640 1819 735 1868 quam
756 1820 796 1854 ab
817 1820 929 1855 infima
946 1821 1040 1869 plebe

280 1867 437 1904 serviliter
449 1870 606 1906 habeatur
616 1870 791 1909 nobilitas,·
817 1870 993 1905 advocatur
1005 1873 1038 1906 in

281 1919 404 1965 regiam
418 1932 491 1953 cum
507 1931 594 1967 patre
607 1918 809 1966 supposititio
823 1924 912 1959 Cyrus
923 1944 932 1959 ,
961 1933 1039 1968 pue-

278 1979 352 2002 rum
373 1970 554 2017 interrogat
581 1972 743 2020 QAffyages
760 1993 768 2005 ‚
794 1968 849 2015 qui
873 1971 957 2003 tanti
980 1971 1039 2004 viri

277 2015 385 2050 filium
404 2015 498 2051 ausus
511 2018 546 2052 iit
558 2029 622 2052 tam
635 2020 780 2065 indignis
793 2019 899 2053 modis
913 2021 1036 2066 accipe-

275 2079 321 2106 re,
334 2066 492 2114 intrepide
507 2065 667 2114 responsat
681 2070 840 2115 puer‚mei
854 2081 906 2102 me
916 2068 1036 2104 sodales

276 2118 447 2149 communi
468 2113 622 2164 suffragio
649 2116 754 2151 dixere
778 2118 925 2165 R2gem,
953 2131 1035 2153 unus

274 2163 329 2197 hic
347 2163 426 2208 juss'a
456 2165 575 2211 respuit
592 2190 602 2205 ,
629 2165 800 2213 propterea
825 2168 1035 2213 plefiendum

275 2211 376 2251 duxi,
405 2213 425 2246 si
444 2215 522 2260 quid
536 2226 705 2260 peccatum
720 2238 729 2251 ‚
755 2214 863 2249 adsum
882 2218 937 2259 qui
950 2216 1034 2257 feci,

274 2261 362 2294 luam
376 2272 410 2295 ut
422 2263 510 2296 voles
524 2276 530 2295 :
544 2265 634 2309 pueri
645 2263 835 2301 sermonem,
846 2266 987 2301 vultum,
1001 2270 1034 2298 ἃ»

272 2310 422 2344 indolem
435 2320 538 2344 totam
550 2311 725 2345 admiratus
739 2312 922 2363 eAHyffges,
942 2315 1032 2347 venit

271 2360 307 2393 in
322 2361 516 2394 memoriam
533 2359 634 2395 amiffi
655 2362 799 2407 nepotis,
830 2360 1031 2395 &leviuscu-

270 2409 341 2442 lum
366 2407 537 2456 suspicatus
558 2411 590 2443 in
605 2412 758 2445 interiora
778 2410 894 2444 domus
906 2410 1028 2445 bubul-

271 2470 347 2492 cum
361 2457 496 2499 seducit,
510 2460 707 2506 tandemque
727 2473 765 2494 cx
778 2472 820 2494 eo
837 2461 932 2493 minis
944 2462 1028 2494 veri-

268 2518 370 2541 tatem
390 2519 565 2555 extorquet
581 2534 590 2547 ,
619 2512 772 2557 agnitum
790 2520 945 2556 nepotem
959 2522 1027 2544 am-

268 2558 383 2604 plexus
395 2556 596 2592 deosculatur
606 2582 616 2598 ,
629 2560 668 2592 de
680 2558 799 2592 semine
812 2558 940 2592 securus
953 2582 961 2594 ‚
975 2561 1025 2593 cui

269 2618 325 2652 per
336 2607 455 2651 puerile
470 2605 533 2640 hoc
545 2608 771 2655 imaginarium
783 2620 922 2657 regnum
935 2606 1024 2642 satis-

268 2654 394 2690 factum
406 2654 632 2690 arbitrabatur.

111 2717 247 2754 Harpag„
316 2706 488 2756 Harpagum
520 2714 630 2739 tamen
662 2704 768 2738 noluit
794 2703 1022 2739 mandatorum

109 2757 252 2795 abAstya-
271 2750 401 2787 suorum
429 2754 616 2801 neglectum
640 2754 770 2798 impune
787 2751 867 2787 ferre
887 2779 896 2792 ‚
920 2753 1021 2788 adcil'e

105 2800 225 2847 geatrzti
269 2800 361 2846 jubet
383 2815 456 2836 cum
479 2801 569 2839 filio,
588 2803 642 2850 qui
655 2804 687 2836 in
703 2804 772 2836 aula
788 2813 932 2836 maneret
945 2815 1018 2837 cum

111 2841 249 2907 mgrmcafi
269 2852 406 2885 invento
418 2850 597 2886 collusurus
606 2852 792 2898 nepote.Ad
804 2863 925 2886 certum
933 2852 1017 2886 diem

103 2880 136 2946 {2
145 2891 243 2948 ἦρά
269 2912 342 2934 cum
356 2902 542 2948 proceribus
555 2903 710 2949 Harpagus
722 2902 759 2934 ad
779 2902 919 2948 Regium
932 2903 1017 2936 invi-

108 2959 185 2988 „adit
193 2971 232 2988 re-
268 2959 353 2984 tatur
365 2952 553 2985 convivium
566 2975 575 2991 ,
587 2950 771 2986 conciditur
782 2949 867 2984 filius
888 2953 967 2997 patri
984 2953 1017 2985 in

265 2997 357 3044 dapes
370 3024 379 3038 ,
391 3012 485 3047 caput
497 3005 526 3035 ἃ
538 3011 625 3035 artus
641 3011 844 3046 reponuntur
855 3002 886 3034 in
900 2998 1018 3047 spond,

265 3045 339 3087 cum
360 3047 419 3082 suis
440 3050 469 3083 se
488 3050 635 3084 carnibus
657 3047 728 3083 satis
742 3048 882 3094 replefl'et
902 3053 1016 3098 Harpa-

258 3106 316 3142 gus
328 3117 335 3128 ‚
348 3096 564 3143 interpellatur
576 3098 591 3134 a
602 3101 692 3147 Rege
703 3099 853 3143 nunquid
864 3100 1015 3133 conviva-

264 3152 350 3175 retur
360 3143 457 3185 belle,
471 3147 637 3182 bclliffime*
648 3147 809 3195 respondit
821 3172 830 3187 ,
843 3149 928 3194 Regi
941 3161 1013 3195 gra-

263 3191 307 3226 tia
324 3203 331 3224 :
370 3204 449 3228 mox
477 3199 616 3244 proponi
638 3197 777 3243 jubetur
803 3197 1012 3232 bellariorum

106 3010 191 3038 gnum.

1051 118 1518 160 H1sToirrc1

1104 189 1224 239 sporta,
1239 203 1428 241 reteguntur
1436 192 1496 228 filii
1509 194 1658 244 reliquiae,
1672 197 1781 241 &jam
1793 196 1863 240 <in-

1105 242 1200 287 quit)
1213 245 1356 289 agnolcis
1368 244 1506 290 Harpage
1521 257 1592 292 quae
1605 255 1636 280 te
1647 243 1750 280 ferina
1762 248 1864 293 reple-

1105 293 1187 325 verit
1199 305 1210 325 ·.
1235 292 1378 339 agnosco
1390 316 1400 332 ‚
1420 293 1558 341 regerit,
1569 296 1602 328 ὃ(
1613 295 1696 329 mihi
1708 308 1864 342 quaecun-

1104 351 1170 385 que
1180 339 1281 389 Regis
1292 343 1441 377 voluntas
1454 344 1627 389 perplacet.
1652 345 1733 378 Non
1745 344 1797 378 diu
1812 346 1864 379 vi.

1103 400 1141 421 ro
1155 389 1259 424 defuit
1276 391 1411 439 insignis
1422 392 1621 427 vindicandae
1631 393 1752 437 injuria:
1763 406 1863 428 occa-

1103 436 1147 470 fio
1156 464 1164 476 ,
1176 441 1317 475 mittitur
1327 441 1365 475 acl
1377 441 1505 475 Patrem
1516 443 1549 476 in
1562 439 1666 476 Persas
1676 447 1766 485 Cyrus
1780 466 1790 482 ‚
1813 443 1860 477 ibi

1103 488 1221 520 omnis>
1231 490 1358 524 virtutis
1368 500 1487 537 genere
1499 491 1635 526 armenos
1646 493 1679 525 in
1691 491 1861 531 suiadmi-

1103 537 1263 571 rationem
1285 541 1377 586 rapit.
1405 539 1480 573 Post
1508 541 1641 586 aliquod
1666 552 1795 588 tempus
1820 542 1859 576 ad

1103 583 1204 632 ipsum
1217 587 1258 620 ab
1280 591 1414 639 Harpago
1432 590 1522 622 venit
1549 590 1688 623 nuncius
1705 589 1771 623 fine
1787 592 1857 625 aliis

1103 635 1262 670 mandatis
1275 662 1285 678 ,
1303 640 1399 685 quam
1413 647 1448 669 ut
1463 636 1524 671 suis
1536 638 1685 672 manibus
1697 638 1826 674 allatum
1840 639 1857 674 ὲ

1102 687 1227 719 nuncio
1237 688 1381 733 leporem
1393 686 1525 721 semotis
1534 687 1661 722 arbitris
1673 687 1855 730 dissecaret3

1100 734 1134 766 in
1153 734 1274 770 dissecti
1287 737 1397 771 medio
1409 736 1556 770 libellum
1567 738 1704 784 reperit,
1729 738 1763 771 in
1781 751 1853 786 quo

1099 783 1138 818 ad
1167 785 1276 819 vivum
1303 789 1460 835 blarpagus
1486 787 1682 834 depingebat
1707 788 1856 835 antiquas

1099 832 1245 881 eAstyagis
1261 845 1332 869 tum
1354 837 1387 869 in
1408 838 1438 870 se
1449 847 1520 869 tum
1533 837 1567 870 in
1580 844 1686 884 cyrum
1703 837 1854 880 injurias:

1097 880 1253 915 adveniffe
1267 895 1379 917 monet
1389 894 1516 931 tempus
1529 885 1678 920 vindictae
1689 909 1699 922 ‚
1710 884 1854 920 efficaci-

1096 940 1142 964 ter
1161 928 1306 964 hortatur
1326 933 1461 977 implere
1484 935 1584 969 vellet
1596 935 1747 982 praediCta
1766 934 1831 970 fata
1843 930 1859 970 ε’

1096 990 1238 1014 accurrat
1259 979 1361 1015 mode>
1382 993 1456 1014 cum
1476 984 1719 1032 quoviicunque
1729 986 1762 1019 in
1776 985 1852 1019 Me-

1095 1029 1180 1063 diam
1192 1031 1348 1066 exercitu,
1361 1030 1416 1075 ipsi
1429 1028 1458 1063 se
1471 1030 1666 1066 traditurum
1683 1034 1719 1067 in
1735 1046 1850 1068 manus

1095 1079 1214 1125 absque
1242 1080 1298 1113 teli
1331 1080 1416 1123 initu
1445 1081 1574 1114 cunetas
1600 1081 1704 1129 Regis
1728 1085 1853 1130 copias.

1095 1129 1253 1162 Monenti
1272 1139 1359 1176 paret
1382 1135 1469 1172 (yma
1488 1142 1497 1167 ;
1532 1130 1656 1180 Astyagz‘
1676 1133 1852 1166 nunciatur

1094 1177 1264 1213 adventare
1297 1191 1373 1220 cum
1399 1177 1519 1212 armat&
1546 1192 1646 1214 manu
1671 1191 1829 1227 nepotem
1840 1205 1852 1221 ,

1093 1231 1266 1276 Harpagum
1278 1229 1330 1262 ille
1340 1227 1431 1274 jubet
1443 1229 1486 1261 ire
1497 1227 1630 1263 obviam
1642 1241 1718 1263 cum
1731 1232 1851 1277 copiiS,

1093 1277 1172 1311 dum
1193 1279 1249 1312 stat
1263 1278 1295 1312 in
1316 1279 1491 1325 procindtu
1503 1288 1637 1326 utraque
1654 1279 1737 1313 acies
1749 1304 1756 1317 ,
1775 1290 1850 1314 ante

1093 1339 1235 1375 pugnarn
1262 1326 1300 1361 ad
1327 1331 1434 1371 Cyrum
1461 1327 1640 1375 transfugit
1665 1330 1824 1377 Harpagus
1835 1353 1846 1368 ‚

1092 1378 1220 1411 Ducem
1243 1374 1389 1423 sequitur
1416 1379 1526 1410 omnis
1546 1378 1652 1412 miles.
1687 1379 1779 1418 Quid
1798 1378 1849 1412 vis

1093 1427 1251 1473 amplius?
1265 1426 1422 1475 esqstyages
1433 1438 1507 1460 cum
1518 1437 1594 1461 toto
1605 1428 1745 1473 imperio
1754 1427 1848 1461 venit

1090 1476 1124 1509 in
1143 1476 1274 1523 nepotis
1292 1488 1408 1509 manus
1425 1500 1435 1516 ‚
1461 1478 1618 1527 Harpagus
1629 1476 1778 1510 illudit&
1795 1478 1849 1510 in-

1090 1523 1183 1559 sultat
1194 1526 1322 1570 captivo
1336 1525 1440 1572 Regi,
1460 1523 1510 1558 sed
1519 1527 1609 1567 Cyrno
1621 1538 1716 1560 avum
1727 1537 1848 1559 aman-

1090 1584 1140 1608 ter
1151 1573 1262 1612 habet,
1277 1576 1311 1608 &
1326 1574 1568 1620 provinciarum
1581 1572 1751 1622 primaria,
1762 1586 1850 1622 quo·
2007 1587 2022 1630 4
2033 1586 2037 1609 s

1089 1623 1127 1658 ad
1140 1625 1271 1662 viveret,
1285 1623 1428 1670 permisit
1442 1621 1517 1657 frui.
1806 1642 1812 1648 ·
1866 1627 1873 1638 ⁹
1956 1637 1959 1641 ’

1136 1674 1297 1707 Humanae
1309 1673 1476 1719 cupiditati
1495 1671 1621 1705 nullutn
1633 1669 1741 1718 posuit
1750 1681 1846 1706 natu·
1865 1677 2000 1708 Ambitio»
2034 1682 2036 1703 f

1087 1734 1120 1756 ra
1130 1724 1308 1756 terminum
1322 1746 1332 1762 ,
1346 1735 1426 1769 opes
1436 1746 1445 1762 ,
1462 1721 1605 1755 honores
1615 1745 1625 1760 ,
1644 1731 1765 1756 acuunt
1775 1734 1846 1757 non
1866 1721 1933 1758 Θή.

1062 1765 1064 1781 ¹
1087 1770 1197 1805 sedant
1208 1771 1314 1805 sitim:
1341 1783 1409 1805 non
1427 1769 1524 1805 citius
1534 1771 1626 1805 Deus
1640 1771 1761 1806 Medos
1772 1770 1848 1806 sub-

1084 1822 1164 1866 jecit
1175 1827 1249 1864 Cyro
1260 1818 1356 1868 quam
1368 1822 1393 1855 is
1408 1821 1566 1855 ulteriora
1583 1818 1732 1867 spetsteirit
1742 1847 1751 1860 ,
1775 1831 1847 1855 ter-

1086 1883 1261 1919 rarumque
1280 1870 1393 1904 orbem
1418 1881 1529 1904 totum
1565 1871 1677 1903 animo
1714 1870 1847 1904 volvere

1086 1922 1231 1967 coeperit.
1267 1921 1349 1953 Tres
1375 1931 1446 1954 tum
1473 1920 1508 1953 in
1529 1917 1614 1952 terra
1641 1918 1844 1953 celeberrimi

1059 1971 1061 1999 l
1083 1969 1241 2004 florebant
1253 1969 1370 2017 Reges,
1380 1970 1414 2003 in
1426 1966 1550 2015 Assyria
1562 1965 1732 2011 Labynitus‚
1742 1969 1844 2002 Ama-

1075 2022 1114 2065 fis
1134 2021 1166 2053 in
1189 2021 1332 2067 AEgypto
1352 2043 1358 2055 ‚
1385 2022 1415 2052 δι
1436 2019 1470 2051 in
1488 2015 1588 2064 Lydia
1609 2019 1738 2063 Croesms
1764 2015 1840 2051 istos

1083 2081 1199 2103 omnes
1210 2070 1259 2116 spe
1271 2072 1335 2113 jam
1348 2066 1527 2103 devorabat
1545 2070 1655 2112 cyrum
1673 2064 1725 2100 sed
1735 2068 1838 2113 prima

1083 2132 1158 2153 cum
1171 2118 1259 2164 Croesb
1270 2118 1366 2152 bella.

1132 2170 1253 2202 Seculis
1266 2168 1394 2213 aliquot
1405 2163 1515 2211 Lydiae
1532 2161 1757 2210 imperitarunt
1767 2165 1838 2196 He-

1079 2216 1192 2260 raclydae
1202 2230 1212 2248 .·
1237 2228 1274 2249 ex
1290 2215 1337 2248 his
1349 2226 1430 2247 unus
1439 2211 1602 2247 Candaules
1616 2213 1752 2246 nomine
1764 2214 1837 2257 pul-

1081 2264 1274 2298 chritudinis
1284 2263 1415 2296 summae
1434 2260 1576 2295 habebat
1593 2273 1738 2295 uxorem·
1767 2263 1835 2296 De-

1079 2314 1158 2346 lirus
1176 2313 1245 2346 Rex
1260 2323 1328 2345 non
1340 2310 1412 2345 satis
1425 2310 1548 2345 habens
1561 2311 1647 2360 Gygis
1658 2308 1833 2345 satellitum

1079 2362 1207 2396 suorum
1223 2361 1374 2408 principis
1387 2372 1477 2394 aures
1495 2362 1642 2407 quotidie
1652 2359 1834 2398 obtundere

1077 2412 1187 2445 uxoris
1199 2409 1304 2445 forma
1315 2408 1384 2451 ‚ised
1395 2408 1462 2458 quo
1476 2413 1581 2453 major
1593 2408 1685 2443 fieret
1697 2409 1743 2443 rei
1754 2407 1834 2443 fides

1077 2459 1172 2494 fimul
1191 2464 1222 2495 δι
1241 2460 1411 2494 admiratio
1424 2484 1433 2499 ‚
1453 2456 1559 2492 voluit
1577 2460 1684 2493 oculis
1702 2457 1833 2492 lustrare

1077 2512 1182 2544 virum
1203 2521 1274 2557 quae
1294 2507 1411 2543 affidue
1435 2507 1564 2542 auribus
1581 2506 1835 2555 ingeminaban-

1076 2569 1137 2592 tur.
1163 2559 1288 2593 Renuit
1307 2562 1398 2606 nges
1418 2558 1599 2591 Dominam
1615 2556 1833 2603 propinquius

1073 2608 1212 2655 speffitare
1227 2634 1236 2646 ,
1258 2607 1308 2641 sed
1331 2609 1438 2641 fatuus
1468 2604 1632 2639 Candaules
1657 2605 1830 2639 nolentem
1849 2639 1852 2642 ,

1074 2658 1233 2703 compulit
1246 2658 1277 2689 in
1289 2656 1432 2689 thalamo
1444 2654 1587 2694 latitare,
1615 2665 1653 2687 ut
1662 2654 1829 2701 Reginam

1072 2705 1151 2739 dum
1163 2705 1384 2744 decumberet,
1396 2704 1593 2737 seminudam
1608 2702 1827 2749 conspiciens,

1071 2753 1164 2802 sequi
1180 2756 1234 2789 tali
1257 2753 1432 2792 frueretur,
1452 2751 1542 2787 sciret
1557 2753 1686 2787 beatum
1701 2765 1709 2786 ε
1736 2762 1826 2786 tanta

1069 2817 1137 2838 nou
1148 2803 1210 2838 fuit
1222 2806 1253 2838 in
1264 2803 1397 2838 latendo
1408 2804 1489 2851 Gygis
1501 2804 1621 2836 cautela
1631 2825 1641 2840 ,
1666 2801 1747 2847 quin
1759 2800 1825 2834 dis-

1072 2852 1216 2887 cedentis
1236 2853 1386 2887 umbram
1407 2852 1574 2886 observare
1596 2849 1653 2883 fibi
1665 2848 1824 2885 videretur

1067 2903 1203 2937 mulier:
1234 2902 1324 2936 certo
1343 2915 1408 2936 rem
1420 2912 1523 2934 totam
1542 2912 1579 2934 ex
1601 2899 1718 2932 marito
1731 2901 1824 2945 expi-

1064 2949 1147 2985 scata
1158 2975 1166 2986 ‚
1185 2964 1251 2985 non
1264 2951 1349 2997 prius
1360 2950 1468 2984 illuxit
1486 2949 1550 2983 dies
1558 2960 1654 2994 quarn
1666 2958 1822 2982 vocatum

1065 2999 1102 3034 ad
1122 3000 1151 3034 se
1171 3003 1275 3045 Gygem
1290 2999 1378 3045 jusfit
1397 2999 1514 3044 eligere
1534 3021 1544 3037 ,
1572 2995 1635 3044 ipse
1655 3010 1695 3032 ne
1720 2999 1820 3031 vellet.

1065 3061 1161 3095 quam
1176 3052 1316 3095 primum
1332 3048 1466 3083 morian
1477 3046 1552 3080 vero
1566 3058 1682 3081 manus
1701 3046 1818 3081 inferre

1066 3099 1166 3146 Regi.
1192 3098 1265 3147 ngi
1277 3096 1378 3133 visum
1392 3096 1547 3130 Canthum
1557 3095 1621 3131 vitfi
1632 3097 1718 3130 suam
1731 3096 1817 3129 redi-

1065 3159 1164 3187 mere,
1177 3150 1275 3181 noste
1285 3160 1363 3194 ergo
1379 3145 1568 3192 intempestfi
1578 3145 1665 3180 null&
1677 3143 1815 3179 fabulofi

1062 3197 1173 3232 annuli
1185 3198 1301 3234 virtute
1316 3220 1325 3233 ,
1340 3195 1389 3231 sed
1403 3195 1553 3230 muliebri
1562 3194 1674 3231 fraude
1684 3194 1813 3276 IecHrus

1759 3253 1809 3275 er·-

1862 2163 2004 2195 Candauia
2016 2162 2017 2166 ¹

1857 2217 1922 2234 uxor
1933 2217 1991 2234 ma-
2007 2223 2015 2242 ς

1856 2248 1942 2277 ritum,
1945 2247 1985 2282 se,
2008 2252 2015 2262 '¹

1856 2286 1975 2322 Lydiam-

1855 2338 1899 2366 que
1907 2329 1975 2366 Gygi

1857 2367 1945 2398 tradit.
