<?xml version="1.0" encoding="UTF-8"?>
<!DOCTYPE html PUBLIC "-//W3C//DTD XHTML 1.0 Transitional//EN"
    "http://www.w3.org/TR/xhtml1/DTD/xhtml1-transitional.dtd">
<html xmlns="http://www.w3.org/1999/xhtml" xml:lang="en" lang="en">
 <head>
  <title>
</title>
<meta http-equiv="Content-Type" content="text/html;charset=utf-8" />
  <meta name='ocr-system' content='tesseract 3.04.00' />
  <meta name='ocr-capabilities' content='ocr_page ocr_carea ocr_par ocr_line ocrx_word'/>
</head>
<body>
  <div class='ocr_page' id='page_1' title='image "./operishistoricie00bail_0363.png"; bbox 0 0 2048 3343; ppageno 0'>
   <div class='ocr_carea' id='block_1_1' title="bbox 605 94 980 133">
    <p class='ocr_par' dir='ltr' id='par_1_1' title="bbox 605 94 980 133">
     <span class='ocr_line' id='line_1_1' title="bbox 605 94 980 133; baseline -0.011 0"><span class='ocrx_word' id='word_1_1' title='bbox 605 94 980 133; x_wconf 78' lang='lat' dir='ltr'>CHRONOL</span> 
     </span>
    </p>
   </div>
   <div class='ocr_carea' id='block_1_2' title="bbox 60 162 981 2821">
    <p class='ocr_par' dir='ltr' id='par_1_2' title="bbox 181 162 981 558">
     <span class='ocr_line' id='line_1_2' title="bbox 226 162 981 216; baseline -0.012 -13"><span class='ocrx_word' id='word_1_2' title='bbox 226 169 347 216; x_wconf 88' lang='lat' dir='ltr'>quitum</span> <span class='ocrx_word' id='word_1_3' title='bbox 367 177 491 202; x_wconf 89' lang='lat' dir='ltr'>centum</span> <span class='ocrx_word' id='word_1_4' title='bbox 510 167 617 216; x_wconf 80' lang='lat' dir='ltr'>viginti</span> <span class='ocrx_word' id='word_1_5' title='bbox 632 166 766 200; x_wconf 89' lang='lat' dir='ltr'>millibus</span> <span class='ocrx_word' id='word_1_6' title='bbox 781 189 792 204; x_wconf 93' lang='lat'>‚</span> <span class='ocrx_word' id='word_1_7' title='bbox 816 162 981 208; x_wconf 84' lang='lat' dir='ltr'>elephantis</span> 
     </span>
     <span class='ocr_line' id='line_1_3' title="bbox 181 209 980 265; baseline -0.011 -14"><span class='ocrx_word' id='word_1_8' title='bbox 181 229 187 234; x_wconf 91' lang='lat'><em>·</em></span> <span class='ocrx_word' id='word_1_9' title='bbox 225 217 422 265; x_wconf 84' lang='lat' dir='ltr'>septingentis</span> <span class='ocrx_word' id='word_1_10' title='bbox 435 241 445 256; x_wconf 93' lang='lat'>‚</span> <span class='ocrx_word' id='word_1_11' title='bbox 472 218 610 251; x_wconf 87' lang='lat' dir='ltr'>curribus</span> <span class='ocrx_word' id='word_1_12' title='bbox 623 213 736 248; x_wconf 88' lang='lat' dir='ltr'>falcatis</span> <span class='ocrx_word' id='word_1_13' title='bbox 749 213 844 247; x_wconf 85' lang='lat' dir='ltr'>mille,</span> <span class='ocrx_word' id='word_1_14' title='bbox 865 209 937 257; x_wconf 85' lang='lat' dir='ltr'>post</span> <span class='ocrx_word' id='word_1_15' title='bbox 949 222 980 243; x_wconf 87' lang='lat' dir='ltr'>a-</span> 
     </span>
     <span class='ocr_line' id='line_1_4' title="bbox 225 258 976 313; baseline -0.013 -13"><span class='ocrx_word' id='word_1_16' title='bbox 225 279 307 301; x_wconf 87' lang='lat' dir='ltr'>crem</span> <span class='ocrx_word' id='word_1_17' title='bbox 320 278 452 313; x_wconf 86' lang='lat' dir='ltr'>pugnam</span> <span class='ocrx_word' id='word_1_18' title='bbox 462 290 472 305; x_wconf 91' lang='lat'>‚</span> <span class='ocrx_word' id='word_1_19' title='bbox 486 265 605 300; x_wconf 82' lang='lat' dir='ltr'>infinita</span> <span class='ocrx_word' id='word_1_20' title='bbox 617 263 728 297; x_wconf 90' lang='lat' dir='ltr'>cecidit</span> <span class='ocrx_word' id='word_1_21' title='bbox 739 258 895 295; x_wconf 82' lang='lat' dir='ltr'>Persarum</span> <span class='ocrx_word' id='word_1_22' title='bbox 908 258 954 292; x_wconf 90' lang='lat' dir='ltr'>vis</span> <span class='ocrx_word' id='word_1_23' title='bbox 967 281 976 296; x_wconf 91' lang='lat'>‚</span> 
     </span>
     <span class='ocr_line' id='line_1_5' title="bbox 225 306 978 362; baseline -0.015 -13"><span class='ocrx_word' id='word_1_24' title='bbox 225 316 364 362; x_wconf 83' lang='lat' dir='ltr'>equitum</span> <span class='ocrx_word' id='word_1_25' title='bbox 377 316 487 349; x_wconf 90' lang='lat' dir='ltr'>decem</span> <span class='ocrx_word' id='word_1_26' title='bbox 500 314 609 351; x_wconf 89' lang='lat' dir='ltr'>millia,</span> <span class='ocrx_word' id='word_1_27' title='bbox 623 322 727 344; x_wconf 88' lang='lat' dir='ltr'>currus</span> <span class='ocrx_word' id='word_1_28' title='bbox 739 310 818 354; x_wconf 84' lang='lat' dir='ltr'>capti</span> <span class='ocrx_word' id='word_1_29' title='bbox 831 306 932 345; x_wconf 89' lang='lat' dir='ltr'>mille,</span> <span class='ocrx_word' id='word_1_30' title='bbox 945 318 978 339; x_wconf 91' lang='lat' dir='ltr'>e-</span> 
     </span>
     <span class='ocr_line' id='line_1_6' title="bbox 226 355 978 411; baseline -0.015 -13"><span class='ocrx_word' id='word_1_31' title='bbox 226 364 381 411; x_wconf 80' lang='lat' dir='ltr'>lephantes</span> <span class='ocrx_word' id='word_1_32' title='bbox 395 364 473 409; x_wconf 88' lang='lat' dir='ltr'>capti</span> <span class='ocrx_word' id='word_1_33' title='bbox 485 362 628 396; x_wconf 84' lang='lat' dir='ltr'>trecenti,</span> <span class='ocrx_word' id='word_1_34' title='bbox 642 357 764 391; x_wconf 89' lang='lat' dir='ltr'>ducenti</span> <span class='ocrx_word' id='word_1_35' title='bbox 776 355 855 395; x_wconf 85' lang='lat' dir='ltr'>caefi,</span> <span class='ocrx_word' id='word_1_36' title='bbox 870 356 978 402; x_wconf 87' lang='lat' dir='ltr'>ingens</span> 
     </span>
     <span class='ocr_line' id='line_1_7' title="bbox 227 405 977 458; baseline -0.013 -11"><span class='ocrx_word' id='word_1_37' title='bbox 227 415 339 447; x_wconf 82' lang='lat' dir='ltr'>Rornae</span> <span class='ocrx_word' id='word_1_38' title='bbox 352 411 533 458; x_wconf 86' lang='lat' dir='ltr'>triumphus.</span> <span class='ocrx_word' id='word_1_39' title='bbox 557 407 614 442; x_wconf 87' lang='lat' dir='ltr'>Ista</span> <span class='ocrx_word' id='word_1_40' title='bbox 626 405 831 454; x_wconf 78' lang='lat' dir='ltr'>Lampridius,</span> <span class='ocrx_word' id='word_1_41' title='bbox 845 409 876 439; x_wconf 91' lang='lat'>&amp;</span> <span class='ocrx_word' id='word_1_42' title='bbox 889 416 924 439; x_wconf 88' lang='lat' dir='ltr'>ex</span> <span class='ocrx_word' id='word_1_43' title='bbox 937 416 977 438; x_wconf 89' lang='lat' dir='ltr'>eo</span> 
     </span>
     <span class='ocr_line' id='line_1_8' title="bbox 225 454 975 501; baseline -0.013 -5"><span class='ocrx_word' id='word_1_44' title='bbox 225 465 338 496; x_wconf 82' lang='lat' dir='ltr'>‘Petrus</span> <span class='ocrx_word' id='word_1_45' title='bbox 346 462 491 497; x_wconf 45' lang='lat' dir='ltr'>&amp;Cema</span> <span class='ocrx_word' id='word_1_46' title='bbox 503 460 533 492; x_wconf 90' lang='lat' dir='ltr'>iu</span> <span class='ocrx_word' id='word_1_47' title='bbox 547 456 677 491; x_wconf 71' lang='lat' dir='ltr'>historia</span> <span class='ocrx_word' id='word_1_48' title='bbox 689 454 739 490; x_wconf 70' lang='lat' dir='ltr'>sua</span> <span class='ocrx_word' id='word_1_49' title='bbox 752 454 900 501; x_wconf 88' lang='lat' dir='ltr'>imperiali</span> <span class='ocrx_word' id='word_1_50' title='bbox 913 477 922 492; x_wconf 90' lang='lat'>‚</span> <span class='ocrx_word' id='word_1_51' title='bbox 944 465 975 487; x_wconf 87' lang='lat' dir='ltr'>a-</span> 
     </span>
     <span class='ocr_line' id='line_1_9' title="bbox 224 502 976 558; baseline -0.013 -13"><span class='ocrx_word' id='word_1_52' title='bbox 224 512 320 558; x_wconf 88' lang='lat' dir='ltr'>liique</span> <span class='ocrx_word' id='word_1_53' title='bbox 334 524 344 551; x_wconf 82' lang='lat'>3</span> <span class='ocrx_word' id='word_1_54' title='bbox 373 508 422 544; x_wconf 88' lang='lat' dir='ltr'>sed</span> <span class='ocrx_word' id='word_1_55' title='bbox 437 512 504 543; x_wconf 77' lang='lat' dir='ltr'>‘Dio</span> <span class='ocrx_word' id='word_1_56' title='bbox 517 520 550 542; x_wconf 91' lang='lat' dir='ltr'>ac</span> <span class='ocrx_word' id='word_1_57' title='bbox 567 504 754 543; x_wconf 79' lang='lat' dir='ltr'>Herodianus</span> <span class='ocrx_word' id='word_1_58' title='bbox 771 502 871 538; x_wconf 75' lang='lat' dir='ltr'>multo</span> <span class='ocrx_word' id='word_1_59' title='bbox 890 503 976 536; x_wconf 88' lang='lat' dir='ltr'>aliter</span> 
     </span>
    </p>

    <p class='ocr_par' dir='ltr' id='par_1_3' title="bbox 222 570 975 950">
     <span class='ocr_line' id='line_1_10' title="bbox 222 570 431 594; baseline -0.005 -1"><span class='ocrx_word' id='word_1_60' title='bbox 222 572 288 594; x_wconf 87' lang='lat' dir='ltr'>rem</span> <span class='ocrx_word' id='word_1_61' title='bbox 302 570 431 593; x_wconf 83' lang='lat' dir='ltr'>narrant.</span> 
     </span>
     <span class='ocr_line' id='line_1_11' title="bbox 282 599 973 656; baseline -0.013 -13"><span class='ocrx_word' id='word_1_62' title='bbox 282 609 377 643; x_wconf 74' lang='lat' dir='ltr'>Paulo</span> <span class='ocrx_word' id='word_1_63' title='bbox 391 604 469 656; x_wconf 72' lang='lat' dir='ltr'>post&#39;</span> <span class='ocrx_word' id='word_1_64' title='bbox 480 604 631 641; x_wconf 83' lang='lat' dir='ltr'>Germani</span> <span class='ocrx_word' id='word_1_65' title='bbox 649 603 805 637; x_wconf 87' lang='lat' dir='ltr'>obstacula</span> <span class='ocrx_word' id='word_1_66' title='bbox 823 599 929 637; x_wconf 83' lang='lat' dir='ltr'>Rheni</span> <span class='ocrx_word' id='word_1_67' title='bbox 943 603 973 634; x_wconf 90' lang='lat'>&amp;</span> 
     </span>
     <span class='ocr_line' id='line_1_12' title="bbox 223 651 974 705; baseline -0.015 -13"><span class='ocrx_word' id='word_1_68' title='bbox 223 658 363 692; x_wconf 84' lang='lat' dir='ltr'>Danubii</span> <span class='ocrx_word' id='word_1_69' title='bbox 376 655 538 705; x_wconf 57' lang='lat' dir='ltr'>perrupdre</span> <span class='ocrx_word' id='word_1_70' title='bbox 551 679 561 694; x_wconf 88' lang='lat'>‚</span> <span class='ocrx_word' id='word_1_71' title='bbox 580 654 616 688; x_wconf 86' lang='lat' dir='ltr'>ad</span> <span class='ocrx_word' id='word_1_72' title='bbox 628 654 687 687; x_wconf 88' lang='lat' dir='ltr'>hos</span> <span class='ocrx_word' id='word_1_73' title='bbox 699 651 903 686; x_wconf 84' lang='lat' dir='ltr'>refraeuandos</span> <span class='ocrx_word' id='word_1_74' title='bbox 921 661 974 682; x_wconf 93' lang='lat' dir='ltr'>oc-</span> 
     </span>
     <span class='ocr_line' id='line_1_13' title="bbox 224 698 973 750; baseline -0.015 -9"><span class='ocrx_word' id='word_1_75' title='bbox 224 709 318 741; x_wconf 87' lang='lat' dir='ltr'>currit</span> <span class='ocrx_word' id='word_1_76' title='bbox 328 707 508 744; x_wconf 77' lang='lat' dir='ltr'>Alexander,</span> <span class='ocrx_word' id='word_1_77' title='bbox 518 706 590 738; x_wconf 90' lang='lat' dir='ltr'>dum</span> <span class='ocrx_word' id='word_1_78' title='bbox 603 703 741 750; x_wconf 85' lang='lat' dir='ltr'>legiones</span> <span class='ocrx_word' id='word_1_79' title='bbox 754 698 907 734; x_wconf 85' lang='lat' dir='ltr'>dissolutas</span> <span class='ocrx_word' id='word_1_80' title='bbox 915 698 973 730; x_wconf 89' lang='lat' dir='ltr'>mi-</span> 
     </span>
     <span class='ocr_line' id='line_1_14' title="bbox 222 746 973 802; baseline -0.012 -14"><span class='ocrx_word' id='word_1_81' title='bbox 222 756 301 789; x_wconf 85' lang='lat' dir='ltr'>litari</span> <span class='ocrx_word' id='word_1_82' title='bbox 313 755 467 802; x_wconf 76' lang='lat' dir='ltr'>disciplina</span> <span class='ocrx_word' id='word_1_83' title='bbox 486 755 629 788; x_wconf 77' lang='lat' dir='ltr'>co&#39;etcere</span> <span class='ocrx_word' id='word_1_84' title='bbox 643 760 771 784; x_wconf 81' lang='lat' dir='ltr'>conatur</span> <span class='ocrx_word' id='word_1_85' title='bbox 783 773 792 788; x_wconf 89' lang='lat'>‚</span> <span class='ocrx_word' id='word_1_86' title='bbox 818 746 931 782; x_wconf 89' lang='lat' dir='ltr'>scelesti</span> <span class='ocrx_word' id='word_1_87' title='bbox 943 747 973 779; x_wconf 94' lang='lat' dir='ltr'>in</span> 
     </span>
     <span class='ocr_line' id='line_1_15' title="bbox 223 799 973 846; baseline -0.015 -7"><span class='ocrx_word' id='word_1_88' title='bbox 223 806 361 839; x_wconf 89' lang='lat' dir='ltr'>tentorio</span> <span class='ocrx_word' id='word_1_89' title='bbox 376 805 510 838; x_wconf 88' lang='lat' dir='ltr'>securum</span> <span class='ocrx_word' id='word_1_90' title='bbox 524 800 668 835; x_wconf 63' lang='lat' dir='ltr'>necavere</span> <span class='ocrx_word' id='word_1_91' title='bbox 676 799 830 846; x_wconf 89' lang='lat' dir='ltr'>optimum</span> <span class='ocrx_word' id='word_1_92' title='bbox 840 800 973 843; x_wconf 83' lang='lat' dir='ltr'>Impera-</span> 
     </span>
     <span class='ocr_line' id='line_1_16' title="bbox 223 847 975 900; baseline -0.015 -12"><span class='ocrx_word' id='word_1_93' title='bbox 223 864 336 893; x_wconf 87' lang='lat' dir='ltr'>torem,</span> <span class='ocrx_word' id='word_1_94' title='bbox 349 853 508 900; x_wconf 77' lang='lat' dir='ltr'>instigante</span> <span class='ocrx_word' id='word_1_95' title='bbox 521 850 694 885; x_wconf 77' lang='lat' dir='ltr'>Maximino</span> <span class='ocrx_word' id='word_1_96' title='bbox 702 847 823 881; x_wconf 81' lang='lat' dir='ltr'>Thrace</span> <span class='ocrx_word' id='word_1_97' title='bbox 831 857 975 892; x_wconf 90' lang='lat' dir='ltr'>tyronum</span> 
     </span>
     <span class='ocr_line' id='line_1_17' title="bbox 224 895 974 950; baseline -0.012 -14"><span class='ocrx_word' id='word_1_98' title='bbox 224 901 372 950; x_wconf 66' lang='lat' dir='ltr'>praefecto</span> <span class='ocrx_word' id='word_1_99' title='bbox 381 928 390 943; x_wconf 87' lang='lat'>‚</span> <span class='ocrx_word' id='word_1_100' title='bbox 407 903 498 936; x_wconf 81' lang='lat' dir='ltr'>:etatis</span> <span class='ocrx_word' id='word_1_101' title='bbox 511 898 659 947; x_wconf 75' lang='lat' dir='ltr'>vigesimo</span> <span class='ocrx_word' id='word_1_102' title='bbox 672 909 772 937; x_wconf 91' lang='lat' dir='ltr'>nono,</span> <span class='ocrx_word' id='word_1_103' title='bbox 784 895 910 944; x_wconf 82' lang='lat' dir='ltr'>Imperii</span> <span class='ocrx_word' id='word_1_104' title='bbox 922 895 974 928; x_wconf 89' lang='lat' dir='ltr'>de-</span> 
     </span>
    </p>

    <p class='ocr_par' dir='ltr' id='par_1_4' title="bbox 60 954 975 1542">
     <span class='ocr_line' id='line_1_18' title="bbox 223 954 423 987; baseline -0.005 -1"><span class='ocrx_word' id='word_1_105' title='bbox 223 954 307 987; x_wconf 90' lang='lat' dir='ltr'>cimo</span> <span class='ocrx_word' id='word_1_106' title='bbox 320 954 423 987; x_wconf 85' lang='lat' dir='ltr'>tertio.</span> 
     </span>
     <span class='ocr_line' id='line_1_19' title="bbox 60 992 974 1053; baseline -0.016 -14"><span class='ocrx_word' id='word_1_107' title='bbox 60 1022 185 1053; x_wconf 80' lang='lat' dir='ltr'>Maximi-</span> <span class='ocrx_word' id='word_1_108' title='bbox 270 1003 457 1035; x_wconf 84' lang='lat' dir='ltr'>Maximinus</span> <span class='ocrx_word' id='word_1_109' title='bbox 470 1009 554 1047; x_wconf 78' lang='lat' dir='ltr'>patre</span> <span class='ocrx_word' id='word_1_110' title='bbox 568 996 696 1036; x_wconf 83' lang='lat' dir='ltr'>Gotho,</span> <span class='ocrx_word' id='word_1_111' title='bbox 710 1004 805 1029; x_wconf 89' lang='lat' dir='ltr'>matre</span> <span class='ocrx_word' id='word_1_112' title='bbox 817 992 925 1031; x_wconf 69' lang='lat' dir='ltr'>Alanzi,</span> <span class='ocrx_word' id='word_1_113' title='bbox 938 1003 974 1025; x_wconf 92' lang='lat' dir='ltr'>o-</span> 
     </span>
     <span class='ocr_line' id='line_1_20' title="bbox 60 1040 975 1099; baseline -0.017 -10"><span class='ocrx_word' id='word_1_114' title='bbox 60 1073 108 1090; x_wconf 73' lang='lat' dir='ltr'>nus</span> <span class='ocrx_word' id='word_1_115' title='bbox 124 1062 210 1089; x_wconf 78' lang='lat' dir='ltr'>Horri-</span> <span class='ocrx_word' id='word_1_116' title='bbox 224 1052 278 1086; x_wconf 62' lang='lat' dir='ltr'>&amp;to</span> <span class='ocrx_word' id='word_1_117' title='bbox 292 1052 402 1099; x_wconf 87' lang='lat' dir='ltr'>pedum</span> <span class='ocrx_word' id='word_1_118' title='bbox 411 1049 672 1098; x_wconf 86' lang='lat' dir='ltr'>geometricorum</span> <span class='ocrx_word' id='word_1_119' title='bbox 679 1043 782 1084; x_wconf 88' lang='lat' dir='ltr'>vir,ab</span> <span class='ocrx_word' id='word_1_120' title='bbox 793 1040 975 1076; x_wconf 87' lang='lat' dir='ltr'>oviliThra-</span> 
     </span>
     <span class='ocr_line' id='line_1_21' title="bbox 61 1094 973 1141; baseline -0.018 -3"><span class='ocrx_word' id='word_1_121' title='bbox 61 1103 209 1141; x_wconf 69' lang='lat' dir='ltr'>bilistyran-</span> <span class='ocrx_word' id='word_1_122' title='bbox 224 1102 275 1136; x_wconf 90' lang='lat' dir='ltr'>cio</span> <span class='ocrx_word' id='word_1_123' title='bbox 289 1099 460 1135; x_wconf 79' lang='lat' dir='ltr'>adolescens</span> <span class='ocrx_word' id='word_1_124' title='bbox 479 1097 604 1133; x_wconf 89' lang='lat' dir='ltr'>venitin</span> <span class='ocrx_word' id='word_1_125' title='bbox 621 1097 739 1141; x_wconf 76' lang='lat' dir='ltr'>Syriam</span> <span class='ocrx_word' id='word_1_126' title='bbox 757 1094 795 1127; x_wconf 89' lang='lat' dir='ltr'>ad</span> <span class='ocrx_word' id='word_1_127' title='bbox 813 1094 973 1128; x_wconf 82' lang='lat' dir='ltr'>Severum,</span> 
     </span>
     <span class='ocr_line' id='line_1_22' title="bbox 62 1139 973 1186; baseline -0.022 4"><span class='ocrx_word' id='word_1_128' title='bbox 62 1151 118 1170; x_wconf 48' lang='grc' dir='ltr'>πω·</span> <span class='ocrx_word' id='word_1_129' title='bbox 224 1151 279 1186; x_wconf 90' lang='lat' dir='ltr'>ubi</span> <span class='ocrx_word' id='word_1_130' title='bbox 295 1149 423 1184; x_wconf 87' lang='lat' dir='ltr'>sedecim</span> <span class='ocrx_word' id='word_1_131' title='bbox 441 1148 513 1181; x_wconf 83' lang='lat' dir='ltr'>lixas</span> <span class='ocrx_word' id='word_1_132' title='bbox 532 1144 727 1179; x_wconf 84' lang='lat' dir='ltr'>validiffimos</span> <span class='ocrx_word' id='word_1_133' title='bbox 742 1140 886 1175; x_wconf 61' lang='lat' dir='ltr'>luctando</span> <span class='ocrx_word' id='word_1_134' title='bbox 900 1139 973 1172; x_wconf 84' lang='lat' dir='ltr'>stra-</span> 
     </span>
     <span class='ocr_line' id='line_1_23' title="bbox 224 1188 973 1240; baseline -0.021 -5"><span class='ocrx_word' id='word_1_135' title='bbox 224 1202 277 1240; x_wconf 85' lang='lat' dir='ltr'>vit,</span> <span class='ocrx_word' id='word_1_136' title='bbox 291 1202 474 1232; x_wconf 76' lang='lat' dir='ltr'>Macrinum</span> <span class='ocrx_word' id='word_1_137' title='bbox 487 1192 624 1233; x_wconf 88' lang='lat' dir='ltr'>deseruit,</span> <span class='ocrx_word' id='word_1_138' title='bbox 638 1193 674 1226; x_wconf 84' lang='lat' dir='ltr'>ad</span> <span class='ocrx_word' id='word_1_139' title='bbox 686 1188 911 1237; x_wconf 75' lang='lat' dir='ltr'>Heliogabalum</span> <span class='ocrx_word' id='word_1_140' title='bbox 923 1200 973 1221; x_wconf 85' lang='lat' dir='ltr'>ac-</span> 
     </span>
     <span class='ocr_line' id='line_1_24' title="bbox 224 1236 973 1288; baseline -0.021 -3"><span class='ocrx_word' id='word_1_141' title='bbox 224 1250 356 1288; x_wconf 89' lang='lat' dir='ltr'>cedens,</span> <span class='ocrx_word' id='word_1_142' title='bbox 381 1246 604 1281; x_wconf 83' lang='lat' dir='ltr'>effoeminatum</span> <span class='ocrx_word' id='word_1_143' title='bbox 623 1242 721 1276; x_wconf 87' lang='lat' dir='ltr'>virum</span> <span class='ocrx_word' id='word_1_144' title='bbox 735 1251 800 1273; x_wconf 88' lang='lat' dir='ltr'>non</span> <span class='ocrx_word' id='word_1_145' title='bbox 817 1236 870 1271; x_wconf 81' lang='lat' dir='ltr'>niss</span> <span class='ocrx_word' id='word_1_146' title='bbox 882 1236 973 1271; x_wconf 85' lang='lat' dir='ltr'>semel</span> 
     </span>
     <span class='ocr_line' id='line_1_25' title="bbox 222 1284 973 1345; baseline -0.019 -13"><span class='ocrx_word' id='word_1_147' title='bbox 222 1298 325 1345; x_wconf 89' lang='lat' dir='ltr'>potuit</span> <span class='ocrx_word' id='word_1_148' title='bbox 342 1295 487 1343; x_wconf 85' lang='lat' dir='ltr'>aspicere,</span> <span class='ocrx_word' id='word_1_149' title='bbox 514 1290 707 1328; x_wconf 57' lang='lat' dir='ltr'>eAlexandro</span> <span class='ocrx_word' id='word_1_150' title='bbox 725 1288 864 1323; x_wconf 85' lang='lat' dir='ltr'>lubenter</span> <span class='ocrx_word' id='word_1_151' title='bbox 883 1284 973 1320; x_wconf 88' lang='lat' dir='ltr'>inser-</span> 
     </span>
     <span class='ocr_line' id='line_1_26' title="bbox 222 1336 974 1384; baseline -0.019 -2"><span class='ocrx_word' id='word_1_152' title='bbox 222 1349 291 1384; x_wconf 86' lang='lat' dir='ltr'>viit,</span> <span class='ocrx_word' id='word_1_153' title='bbox 312 1347 412 1381; x_wconf 87' lang='lat' dir='ltr'>donec</span> <span class='ocrx_word' id='word_1_154' title='bbox 425 1341 603 1378; x_wconf 86' lang='lat' dir='ltr'>dominandi</span> <span class='ocrx_word' id='word_1_155' title='bbox 614 1339 711 1373; x_wconf 87' lang='lat' dir='ltr'>libido</span> <span class='ocrx_word' id='word_1_156' title='bbox 725 1336 893 1372; x_wconf 77' lang='lat' dir='ltr'>infatuavit:</span> <span class='ocrx_word' id='word_1_157' title='bbox 912 1339 974 1370; x_wconf 90' lang='lat' dir='ltr'>Im-</span> 
     </span>
     <span class='ocr_line' id='line_1_27' title="bbox 221 1387 973 1444; baseline -0.02 -13"><span class='ocrx_word' id='word_1_158' title='bbox 221 1406 343 1444; x_wconf 88' lang='lat' dir='ltr'>perator</span> <span class='ocrx_word' id='word_1_159' title='bbox 355 1406 464 1429; x_wconf 86' lang='lat' dir='ltr'>omnes</span> <span class='ocrx_word' id='word_1_160' title='bbox 477 1393 508 1426; x_wconf 90' lang='lat' dir='ltr'>in</span> <span class='ocrx_word' id='word_1_161' title='bbox 524 1391 656 1426; x_wconf 88' lang='lat' dir='ltr'>exercitu</span> <span class='ocrx_word' id='word_1_162' title='bbox 670 1392 701 1423; x_wconf 75' lang='grc' dir='ltr'>δι</span> <span class='ocrx_word' id='word_1_163' title='bbox 714 1390 825 1421; x_wconf 82' lang='lat' dir='ltr'>Senatu</span> <span class='ocrx_word' id='word_1_164' title='bbox 837 1387 973 1418; x_wconf 78' lang='lat' dir='ltr'>Alexan-</span> 
     </span>
     <span class='ocr_line' id='line_1_28' title="bbox 222 1434 972 1479; baseline -0.017 1"><span class='ocrx_word' id='word_1_165' title='bbox 222 1446 271 1479; x_wconf 85' lang='lat' dir='ltr'>dri</span> <span class='ocrx_word' id='word_1_166' title='bbox 288 1443 447 1479; x_wconf 77' lang='lat' dir='ltr'>familiares</span> <span class='ocrx_word' id='word_1_167' title='bbox 462 1441 543 1476; x_wconf 84' lang='lat' dir='ltr'>dedit</span> <span class='ocrx_word' id='word_1_168' title='bbox 556 1440 639 1478; x_wconf 87' lang='lat' dir='ltr'>neci,</span> <span class='ocrx_word' id='word_1_169' title='bbox 653 1435 763 1472; x_wconf 81' lang='lat' dir='ltr'>sextam</span> <span class='ocrx_word' id='word_1_170' title='bbox 778 1437 809 1469; x_wconf 90' lang='lat' dir='ltr'>in</span> <span class='ocrx_word' id='word_1_171' title='bbox 822 1434 972 1470; x_wconf 89' lang='lat' dir='ltr'>Christia-</span> 
     </span>
     <span class='ocr_line' id='line_1_29' title="bbox 222 1485 971 1542; baseline -0.016 -13"><span class='ocrx_word' id='word_1_172' title='bbox 222 1507 280 1528; x_wconf 89' lang='lat' dir='ltr'>nos</span> <span class='ocrx_word' id='word_1_173' title='bbox 292 1493 535 1542; x_wconf 82' lang='lat' dir='ltr'>persecutionem</span> <span class='ocrx_word' id='word_1_174' title='bbox 548 1489 666 1527; x_wconf 87' lang='lat' dir='ltr'>excivit‚</span> <span class='ocrx_word' id='word_1_175' title='bbox 675 1487 852 1521; x_wconf 84' lang='lat' dir='ltr'>Germanos</span> <span class='ocrx_word' id='word_1_176' title='bbox 863 1485 971 1519; x_wconf 89' lang='lat' dir='ltr'>crude-</span> 
     </span>
    </p>

    <p class='ocr_par' dir='ltr' id='par_1_5' title="bbox 221 1539 553 1578">
     <span class='ocr_line' id='line_1_30' title="bbox 221 1539 553 1578; baseline -0.012 -1"><span class='ocrx_word' id='word_1_177' title='bbox 221 1544 330 1578; x_wconf 81' lang='lat' dir='ltr'>lissimo</span> <span class='ocrx_word' id='word_1_178' title='bbox 343 1543 426 1576; x_wconf 92' lang='lat' dir='ltr'>bello</span> <span class='ocrx_word' id='word_1_179' title='bbox 439 1539 553 1575; x_wconf 84' lang='lat' dir='ltr'>afflixit.</span> 
     </span>
    </p>

    <p class='ocr_par' dir='ltr' id='par_1_6' title="bbox 60 1583 976 2821">
     <span class='ocr_line' id='line_1_31' title="bbox 61 1583 972 1634; baseline -0.019 -1"><span class='ocrx_word' id='word_1_180' title='bbox 61 1604 184 1634; x_wconf 76' lang='lat' dir='ltr'>RebeHans</span> <span class='ocrx_word' id='word_1_181' title='bbox 268 1592 385 1627; x_wconf 74' lang='lat' dir='ltr'>Interea</span> <span class='ocrx_word' id='word_1_182' title='bbox 399 1589 467 1625; x_wconf 80' lang='lat' dir='ltr'>Afri</span> <span class='ocrx_word' id='word_1_183' title='bbox 480 1593 714 1623; x_wconf 79' lang='lat' dir='ltr'>Procuratorem</span> <span class='ocrx_word' id='word_1_184' title='bbox 727 1583 812 1619; x_wconf 90' lang='lat' dir='ltr'>suum</span> <span class='ocrx_word' id='word_1_185' title='bbox 824 1583 972 1619; x_wconf 89' lang='lat' dir='ltr'>immodi-</span> 
     </span>
     <span class='ocr_line' id='line_1_32' title="bbox 61 1633 971 1689; baseline -0.008 -16"><span class='ocrx_word' id='word_1_186' title='bbox 61 1647 88 1673; x_wconf 80' lang='lat' dir='ltr'>in</span> <span class='ocrx_word' id='word_1_187' title='bbox 97 1643 192 1689; x_wconf 54' lang='lat' dir='ltr'>Africa*</span> <span class='ocrx_word' id='word_1_188' title='bbox 223 1655 263 1676; x_wconf 83' lang='lat' dir='ltr'>cae</span> <span class='ocrx_word' id='word_1_189' title='bbox 277 1641 470 1680; x_wconf 79' lang='lat' dir='ltr'>crudelitatis,</span> <span class='ocrx_word' id='word_1_190' title='bbox 483 1643 515 1674; x_wconf 88' lang='lat'>&amp;</span> <span class='ocrx_word' id='word_1_191' title='bbox 527 1639 654 1674; x_wconf 72' lang='lat' dir='ltr'>avaritiae</span> <span class='ocrx_word' id='word_1_192' title='bbox 667 1635 825 1674; x_wconf 80' lang='lat' dir='ltr'>caedentes,</span> <span class='ocrx_word' id='word_1_193' title='bbox 835 1633 971 1668; x_wconf 88' lang='lat' dir='ltr'>Gordia-</span> 
     </span>
     <span class='ocr_line' id='line_1_33' title="bbox 63 1684 971 1750; baseline -0.017 -19"><span class='ocrx_word' id='word_1_194' title='bbox 63 1685 208 1750; x_wconf 54' lang='lat' dir='ltr'>pordialnus</span> <span class='ocrx_word' id='word_1_195' title='bbox 223 1705 297 1727; x_wconf 91' lang='lat' dir='ltr'>num</span> <span class='ocrx_word' id='word_1_196' title='bbox 315 1688 533 1727; x_wconf 86' lang='lat' dir='ltr'>Proconsulem</span> <span class='ocrx_word' id='word_1_197' title='bbox 551 1691 656 1721; x_wconf 68' lang='lat' dir='ltr'>Severi</span> <span class='ocrx_word' id='word_1_198' title='bbox 673 1697 819 1733; x_wconf 86' lang='lat' dir='ltr'>generum</span> <span class='ocrx_word' id='word_1_199' title='bbox 831 1708 841 1724; x_wconf 89' lang='lat'>‚</span> <span class='ocrx_word' id='word_1_200' title='bbox 871 1684 971 1719; x_wconf 89' lang='lat' dir='ltr'>virum</span> 
     </span>
     <span class='ocr_line' id='line_1_34' title="bbox 60 1726 970 1793; baseline -0.015 -14"><span class='ocrx_word' id='word_1_201' title='bbox 60 1726 210 1793; x_wconf 43' lang='lat' dir='ltr'>Zigali:-</span> <span class='ocrx_word' id='word_1_202' title='bbox 223 1741 416 1781; x_wconf 85' lang='lat' dir='ltr'>modestum,</span> <span class='ocrx_word' id='word_1_203' title='bbox 438 1741 605 1776; x_wconf 82' lang='lat' dir='ltr'>literatum,</span> <span class='ocrx_word' id='word_1_204' title='bbox 619 1734 750 1774; x_wconf 89' lang='lat' dir='ltr'>fortem,</span> <span class='ocrx_word' id='word_1_205' title='bbox 770 1745 919 1768; x_wconf 89' lang='lat' dir='ltr'>annorum</span> <span class='ocrx_word' id='word_1_206' title='bbox 933 1745 970 1767; x_wconf 93' lang='lat' dir='ltr'>o-</span> 
     </span>
     <span class='ocr_line' id='line_1_35' title="bbox 205 1781 971 1839; baseline -0.014 -12"><span class='ocrx_word' id='word_1_207' title='bbox 205 1787 209 1792; x_wconf 68' lang='grc'><strong>’</strong></span> <span class='ocrx_word' id='word_1_208' title='bbox 223 1792 362 1839; x_wconf 67' lang='lat' dir='ltr'>&amp;oginta</span> <span class='ocrx_word' id='word_1_209' title='bbox 379 1789 501 1836; x_wconf 90' lang='lat' dir='ltr'>Imperii</span> <span class='ocrx_word' id='word_1_210' title='bbox 514 1786 639 1835; x_wconf 83' lang='lat' dir='ltr'>infignia</span> <span class='ocrx_word' id='word_1_211' title='bbox 657 1795 773 1833; x_wconf 86' lang='lat' dir='ltr'>cogunt</span> <span class='ocrx_word' id='word_1_212' title='bbox 786 1782 900 1818; x_wconf 90' lang='lat' dir='ltr'>sumere</span> <span class='ocrx_word' id='word_1_213' title='bbox 913 1781 971 1816; x_wconf 70' lang='lat' dir='ltr'>una</span> 
     </span>
     <span class='ocr_line' id='line_1_36' title="bbox 223 1832 972 1876; baseline -0.015 0"><span class='ocrx_word' id='word_1_214' title='bbox 223 1853 293 1876; x_wconf 88' lang='lat' dir='ltr'>cum</span> <span class='ocrx_word' id='word_1_215' title='bbox 311 1841 379 1875; x_wconf 89' lang='lat' dir='ltr'>filio</span> <span class='ocrx_word' id='word_1_216' title='bbox 398 1838 585 1874; x_wconf 83' lang='lat' dir='ltr'>Gordiano:</span> <span class='ocrx_word' id='word_1_217' title='bbox 611 1837 738 1870; x_wconf 88' lang='lat' dir='ltr'>Senatus</span> <span class='ocrx_word' id='word_1_218' title='bbox 752 1834 842 1867; x_wconf 87' lang='lat' dir='ltr'>etiam</span> <span class='ocrx_word' id='word_1_219' title='bbox 860 1832 972 1867; x_wconf 82' lang='lat' dir='ltr'>addidit</span> 
     </span>
     <span class='ocr_line' id='line_1_37' title="bbox 224 1882 972 1935; baseline -0.013 -10"><span class='ocrx_word' id='word_1_220' title='bbox 224 1891 421 1925; x_wconf 77' lang='lat' dir='ltr'>Gordianum</span> <span class='ocrx_word' id='word_1_221' title='bbox 435 1897 581 1935; x_wconf 85' lang='lat' dir='ltr'>nepotem</span> <span class='ocrx_word' id='word_1_222' title='bbox 595 1897 722 1932; x_wconf 89' lang='lat' dir='ltr'>puerum</span> <span class='ocrx_word' id='word_1_223' title='bbox 731 1908 741 1923; x_wconf 93' lang='lat'>,</span> <span class='ocrx_word' id='word_1_224' title='bbox 767 1882 866 1916; x_wconf 89' lang='lat' dir='ltr'>statim</span> <span class='ocrx_word' id='word_1_225' title='bbox 878 1894 972 1922; x_wconf 87' lang='lat' dir='ltr'>occu-</span> 
     </span>
     <span class='ocr_line' id='line_1_38' title="bbox 223 1933 971 1986; baseline -0.012 -13"><span class='ocrx_word' id='word_1_226' title='bbox 223 1952 310 1986; x_wconf 87' lang='lat' dir='ltr'>patur</span> <span class='ocrx_word' id='word_1_227' title='bbox 323 1939 497 1986; x_wconf 81' lang='lat' dir='ltr'>Carthago,</span> <span class='ocrx_word' id='word_1_228' title='bbox 519 1937 682 1970; x_wconf 85' lang='lat' dir='ltr'>mittuntur</span> <span class='ocrx_word' id='word_1_229' title='bbox 694 1933 797 1967; x_wconf 89' lang='lat' dir='ltr'>nuncii</span> <span class='ocrx_word' id='word_1_230' title='bbox 812 1933 948 1966; x_wconf 81' lang='lat' dir='ltr'>Romam</span> <span class='ocrx_word' id='word_1_231' title='bbox 961 1954 971 1970; x_wconf 89' lang='lat'>,</span> 
     </span>
     <span class='ocr_line' id='line_1_39' title="bbox 222 1981 973 2031; baseline -0.015 -7"><span class='ocrx_word' id='word_1_232' title='bbox 222 1989 481 2024; x_wconf 78' lang='lat' dir='ltr'>Praetorianorum</span> <span class='ocrx_word' id='word_1_233' title='bbox 500 1990 531 2020; x_wconf 91' lang='lat'>&amp;</span> <span class='ocrx_word' id='word_1_234' title='bbox 549 1985 645 2019; x_wconf 86' lang='lat' dir='ltr'>Urbis</span> <span class='ocrx_word' id='word_1_235' title='bbox 659 1981 951 2031; x_wconf 55' lang='lat' dir='ltr'>praefe&amp;i⁴necantur</span> <span class='ocrx_word' id='word_1_236' title='bbox 962 2003 973 2019; x_wconf 90' lang='lat'><em>‚</em></span> 
     </span>
     <span class='ocr_line' id='line_1_40' title="bbox 223 2030 975 2085; baseline -0.015 -11"><span class='ocrx_word' id='word_1_237' title='bbox 223 2042 256 2072; x_wconf 87' lang='lat'>&amp;</span> <span class='ocrx_word' id='word_1_238' title='bbox 264 2052 317 2085; x_wconf 85' lang='lat' dir='ltr'>per</span> <span class='ocrx_word' id='word_1_239' title='bbox 328 2049 425 2072; x_wconf 88' lang='lat' dir='ltr'>totam</span> <span class='ocrx_word' id='word_1_240' title='bbox 440 2037 559 2070; x_wconf 75' lang='lat' dir='ltr'>Italiam</span> <span class='ocrx_word' id='word_1_241' title='bbox 567 2036 744 2067; x_wconf 78' lang='lat' dir='ltr'>Maximini</span> <span class='ocrx_word' id='word_1_242' title='bbox 756 2030 885 2066; x_wconf 86' lang='lat' dir='ltr'>ministri</span> <span class='ocrx_word' id='word_1_243' title='bbox 896 2030 975 2064; x_wconf 91' lang='lat' dir='ltr'>mul-</span> 
     </span>
     <span class='ocr_line' id='line_1_41' title="bbox 224 2080 975 2128; baseline -0.012 -7"><span class='ocrx_word' id='word_1_244' title='bbox 224 2088 461 2122; x_wconf 67' lang='lat' dir='ltr'>ctanturmorte.</span> <span class='ocrx_word' id='word_1_245' title='bbox 487 2085 716 2120; x_wconf 61' lang='lat' dir='ltr'>Maximinus</span> <span class='ocrx_word' id='word_1_246' title='bbox 728 2080 975 2128; x_wconf 88' lang='lat' dir='ltr'>acceptonuncio</span> 
     </span>
     <span class='ocr_line' id='line_1_42' title="bbox 223 2128 976 2184; baseline -0.012 -13"><span class='ocrx_word' id='word_1_247' title='bbox 223 2147 312 2184; x_wconf 86' lang='lat' dir='ltr'>caput</span> <span class='ocrx_word' id='word_1_248' title='bbox 325 2137 418 2170; x_wconf 90' lang='lat' dir='ltr'>muris</span> <span class='ocrx_word' id='word_1_249' title='bbox 431 2134 531 2174; x_wconf 74' lang='lat' dir='ltr'>allisit,</span> <span class='ocrx_word' id='word_1_250' title='bbox 546 2145 656 2180; x_wconf 88' lang='lat' dir='ltr'>corpus</span> <span class='ocrx_word' id='word_1_251' title='bbox 668 2132 754 2166; x_wconf 89' lang='lat' dir='ltr'>humi</span> <span class='ocrx_word' id='word_1_252' title='bbox 766 2131 858 2166; x_wconf 91' lang='lat' dir='ltr'>volvit</span> <span class='ocrx_word' id='word_1_253' title='bbox 870 2128 976 2163; x_wconf 84' lang='lat' dir='ltr'>furore</span> 
     </span>
     <span class='ocr_line' id='line_1_43' title="bbox 223 2181 976 2234; baseline -0.012 -14"><span class='ocrx_word' id='word_1_254' title='bbox 223 2187 345 2234; x_wconf 78' lang='lat' dir='ltr'>plenu5‚</span> <span class='ocrx_word' id='word_1_255' title='bbox 372 2190 402 2220; x_wconf 75' lang='grc' dir='ltr'>δι</span> <span class='ocrx_word' id='word_1_256' title='bbox 419 2183 592 2231; x_wconf 86' lang='lat' dir='ltr'>sanguinem</span> <span class='ocrx_word' id='word_1_257' title='bbox 606 2182 715 2229; x_wconf 85' lang='lat' dir='ltr'>spirans</span> <span class='ocrx_word' id='word_1_258' title='bbox 728 2182 760 2214; x_wconf 91' lang='lat' dir='ltr'>in</span> <span class='ocrx_word' id='word_1_259' title='bbox 772 2181 892 2213; x_wconf 79' lang='lat' dir='ltr'>Italiam</span> <span class='ocrx_word' id='word_1_260' title='bbox 905 2191 976 2225; x_wconf 91' lang='lat' dir='ltr'>pro-</span> 
     </span>
     <span class='ocr_line' id='line_1_44' title="bbox 223 2230 976 2282; baseline -0.016 -12"><span class='ocrx_word' id='word_1_261' title='bbox 223 2247 317 2282; x_wconf 85' lang='lat' dir='ltr'>perat.</span> <span class='ocrx_word' id='word_1_262' title='bbox 348 2235 406 2269; x_wconf 87' lang='lat' dir='ltr'>Sed</span> <span class='ocrx_word' id='word_1_263' title='bbox 419 2237 450 2269; x_wconf 92' lang='lat' dir='ltr'>in</span> <span class='ocrx_word' id='word_1_264' title='bbox 463 2231 595 2278; x_wconf 60' lang='lat' dir='ltr'>eAfricu*</span> <span class='ocrx_word' id='word_1_265' title='bbox 608 2230 801 2277; x_wconf 87' lang='lat' dir='ltr'>Capellianus</span> <span class='ocrx_word' id='word_1_266' title='bbox 815 2230 976 2264; x_wconf 60' lang='lat' dir='ltr'>Mauri-</span> 
     </span>
     <span class='ocr_line' id='line_1_45' title="bbox 224 2277 974 2318; baseline -0.011 -1"><span class='ocrx_word' id='word_1_267' title='bbox 224 2288 306 2317; x_wconf 69' lang='lat' dir='ltr'>eam&#39;x</span> <span class='ocrx_word' id='word_1_268' title='bbox 329 2281 499 2318; x_wconf 89' lang='lat' dir='ltr'>Proconsul</span> <span class='ocrx_word' id='word_1_269' title='bbox 519 2293 603 2317; x_wconf 87' lang='lat' dir='ltr'>vetus</span> <span class='ocrx_word' id='word_1_270' title='bbox 628 2279 785 2314; x_wconf 88' lang='lat' dir='ltr'>Gordiani</span> <span class='ocrx_word' id='word_1_271' title='bbox 810 2277 952 2312; x_wconf 85' lang='lat' dir='ltr'>inimicus</span> <span class='ocrx_word' id='word_1_272' title='bbox 963 2299 974 2315; x_wconf 94' lang='lat'>,</span> 
     </span>
     <span class='ocr_line' id='line_1_46' title="bbox 226 2326 976 2378; baseline -0.012 -12"><span class='ocrx_word' id='word_1_273' title='bbox 226 2333 401 2366; x_wconf 84' lang='lat' dir='ltr'>convocatis</span> <span class='ocrx_word' id='word_1_274' title='bbox 437 2330 609 2378; x_wconf 83' lang='lat' dir='ltr'>legionibus</span> <span class='ocrx_word' id='word_1_275' title='bbox 645 2331 726 2370; x_wconf 82' lang='lat' dir='ltr'>juxta</span> <span class='ocrx_word' id='word_1_276' title='bbox 757 2326 976 2373; x_wconf 81' lang='lat' dir='ltr'>Carthaginem</span> 
     </span>
     <span class='ocr_line' id='line_1_47' title="bbox 227 2374 976 2424; baseline -0.013 -9"><span class='ocrx_word' id='word_1_277' title='bbox 227 2381 424 2415; x_wconf 78' lang='lat' dir='ltr'>Gordianum</span> <span class='ocrx_word' id='word_1_278' title='bbox 437 2380 589 2424; x_wconf 89' lang='lat' dir='ltr'>juniorem</span> <span class='ocrx_word' id='word_1_279' title='bbox 602 2375 671 2410; x_wconf 76' lang='lat' dir='ltr'>fusis</span> <span class='ocrx_word' id='word_1_280' title='bbox 683 2375 781 2422; x_wconf 89' lang='lat' dir='ltr'>copiis</span> <span class='ocrx_word' id='word_1_281' title='bbox 790 2374 887 2413; x_wconf 87' lang='lat' dir='ltr'>caedit,</span> <span class='ocrx_word' id='word_1_282' title='bbox 897 2375 976 2407; x_wconf 90' lang='lat' dir='ltr'>Car-</span> 
     </span>
     <span class='ocr_line' id='line_1_48' title="bbox 225 2423 976 2477; baseline -0.012 -13"><span class='ocrx_word' id='word_1_283' title='bbox 225 2430 380 2477; x_wconf 83' lang='lat' dir='ltr'>thaginem</span> <span class='ocrx_word' id='word_1_284' title='bbox 388 2439 505 2475; x_wconf 84' lang='lat' dir='ltr'>captam</span> <span class='ocrx_word' id='word_1_285' title='bbox 519 2426 650 2461; x_wconf 88' lang='lat' dir='ltr'>caedibus</span> <span class='ocrx_word' id='word_1_286' title='bbox 657 2425 754 2471; x_wconf 87' lang='lat' dir='ltr'>replet</span> <span class='ocrx_word' id='word_1_287' title='bbox 766 2437 775 2464; x_wconf 90' lang='lat'>;</span> <span class='ocrx_word' id='word_1_288' title='bbox 796 2423 976 2457; x_wconf 86' lang='lat' dir='ltr'>Gordianus</span> 
     </span>
     <span class='ocr_line' id='line_1_49' title="bbox 225 2472 976 2513; baseline -0.012 0"><span class='ocrx_word' id='word_1_289' title='bbox 225 2478 326 2513; x_wconf 89' lang='lat' dir='ltr'>senior</span> <span class='ocrx_word' id='word_1_290' title='bbox 338 2479 417 2512; x_wconf 62' lang='lat' dir='ltr'>zona</span> <span class='ocrx_word' id='word_1_291' title='bbox 436 2476 485 2512; x_wconf 64' lang='lat' dir='ltr'>sua</span> <span class='ocrx_word' id='word_1_292' title='bbox 499 2476 552 2510; x_wconf 83' lang='lat' dir='ltr'>fibi</span> <span class='ocrx_word' id='word_1_293' title='bbox 567 2473 667 2509; x_wconf 83' lang='lat' dir='ltr'>fauces</span> <span class='ocrx_word' id='word_1_294' title='bbox 679 2473 807 2507; x_wconf 90' lang='lat' dir='ltr'>collidit.</span> <span class='ocrx_word' id='word_1_295' title='bbox 847 2472 976 2506; x_wconf 89' lang='lat' dir='ltr'>Attoni-</span> 
     </span>
     <span class='ocr_line' id='line_1_50' title="bbox 225 2519 975 2571; baseline -0.015 -8"><span class='ocrx_word' id='word_1_296' title='bbox 225 2540 272 2562; x_wconf 86' lang='lat' dir='ltr'>tus</span> <span class='ocrx_word' id='word_1_297' title='bbox 286 2531 409 2562; x_wconf 88' lang='lat' dir='ltr'>Senatus</span> <span class='ocrx_word' id='word_1_298' title='bbox 424 2528 638 2563; x_wconf 59' lang='lat' dir='ltr'>OE‘Zaximum</span> <span class='ocrx_word' id='word_1_299' title='bbox 649 2525 814 2571; x_wconf 74' lang='lat' dir='ltr'>Pupienum</span> <span class='ocrx_word' id='word_1_300' title='bbox 827 2524 858 2555; x_wconf 69' lang='grc' dir='ltr'>ὅ(</span> <span class='ocrx_word' id='word_1_301' title='bbox 870 2519 975 2553; x_wconf 73' lang='lat' dir='ltr'>‘Balbi-</span> 
     </span>
     <span class='ocr_line' id='line_1_51' title="bbox 226 2568 975 2613; baseline -0.013 -2"><span class='ocrx_word' id='word_1_302' title='bbox 226 2591 298 2611; x_wconf 77' lang='lat' dir='ltr'>num</span> <span class='ocrx_word' id='word_1_303' title='bbox 316 2575 448 2613; x_wconf 73' lang='lat' dir='ltr'>Caesares</span> <span class='ocrx_word' id='word_1_304' title='bbox 461 2586 542 2610; x_wconf 83' lang='lat' dir='ltr'>creat</span> <span class='ocrx_word' id='word_1_305' title='bbox 555 2589 562 2609; x_wconf 72' lang='grc' dir='ltr'><strong><em>ε</em></strong></span> <span class='ocrx_word' id='word_1_306' title='bbox 589 2574 620 2608; x_wconf 87' lang='lat' dir='ltr'>hi</span> <span class='ocrx_word' id='word_1_307' title='bbox 634 2586 670 2608; x_wconf 83' lang='lat' dir='ltr'>ex</span> <span class='ocrx_word' id='word_1_308' title='bbox 683 2573 861 2606; x_wconf 76' lang='lat' dir='ltr'>Maximini</span> <span class='ocrx_word' id='word_1_309' title='bbox 872 2568 928 2603; x_wconf 67' lang='lat' dir='ltr'>vici</span> <span class='ocrx_word' id='word_1_310' title='bbox 939 2582 975 2603; x_wconf 95' lang='lat' dir='ltr'>o-</span> 
     </span>
     <span class='ocr_line' id='line_1_52' title="bbox 226 2619 975 2668; baseline -0.011 -8"><span class='ocrx_word' id='word_1_311' title='bbox 226 2628 307 2661; x_wconf 85' lang='lat' dir='ltr'>mnia</span> <span class='ocrx_word' id='word_1_312' title='bbox 321 2627 460 2660; x_wconf 87' lang='lat' dir='ltr'>alimenta</span> <span class='ocrx_word' id='word_1_313' title='bbox 474 2633 649 2660; x_wconf 83' lang='lat' dir='ltr'>removent,</span> <span class='ocrx_word' id='word_1_314' title='bbox 675 2624 738 2667; x_wconf 85' lang='lat' dir='ltr'>ejus</span> <span class='ocrx_word' id='word_1_315' title='bbox 756 2622 848 2668; x_wconf 85' lang='lat' dir='ltr'>igitur</span> <span class='ocrx_word' id='word_1_316' title='bbox 860 2619 975 2653; x_wconf 85' lang='lat' dir='ltr'>exerci-</span> 
     </span>
     <span class='ocr_line' id='line_1_53' title="bbox 225 2668 976 2711; baseline -0.012 -1"><span class='ocrx_word' id='word_1_317' title='bbox 225 2688 273 2711; x_wconf 89' lang='lat' dir='ltr'>tus</span> <span class='ocrx_word' id='word_1_318' title='bbox 286 2676 365 2709; x_wconf 86' lang='lat' dir='ltr'>fame</span> <span class='ocrx_word' id='word_1_319' title='bbox 377 2674 508 2709; x_wconf 85' lang='lat' dir='ltr'>offensus</span> <span class='ocrx_word' id='word_1_320' title='bbox 522 2673 686 2708; x_wconf 86' lang='lat' dir='ltr'>seditiones</span> <span class='ocrx_word' id='word_1_321' title='bbox 699 2683 827 2706; x_wconf 85' lang='lat' dir='ltr'>movere</span> <span class='ocrx_word' id='word_1_322' title='bbox 839 2694 849 2709; x_wconf 92' lang='lat'>,</span> <span class='ocrx_word' id='word_1_323' title='bbox 875 2668 976 2703; x_wconf 83' lang='lat' dir='ltr'>Maxi-</span> 
     </span>
     <span class='ocr_line' id='line_1_54' title="bbox 66 2718 976 2771; baseline -0.013 -9"><span class='ocrx_word' id='word_1_324' title='bbox 66 2743 212 2771; x_wconf 83' lang='lat' dir='ltr'>Maximum</span> <span class='ocrx_word' id='word_1_325' title='bbox 225 2727 326 2760; x_wconf 88' lang='lat' dir='ltr'>minus</span> <span class='ocrx_word' id='word_1_326' title='bbox 346 2725 382 2759; x_wconf 85' lang='lat' dir='ltr'>ab</span> <span class='ocrx_word' id='word_1_327' title='bbox 401 2725 545 2770; x_wconf 66' lang='lat' dir='ltr'>Aquileia</span> <span class='ocrx_word' id='word_1_328' title='bbox 562 2720 694 2769; x_wconf 88' lang='lat' dir='ltr'>repulsus</span> <span class='ocrx_word' id='word_1_329' title='bbox 708 2721 781 2755; x_wconf 90' lang='lat' dir='ltr'>dum</span> <span class='ocrx_word' id='word_1_330' title='bbox 794 2721 825 2753; x_wconf 91' lang='lat' dir='ltr'>in</span> <span class='ocrx_word' id='word_1_331' title='bbox 838 2718 976 2753; x_wconf 90' lang='lat' dir='ltr'>tentorio</span> 
     </span>
     <span class='ocr_line' id='line_1_55' title="bbox 61 2765 975 2821; baseline -0.009 -13"><span class='ocrx_word' id='word_1_332' title='bbox 61 2782 199 2819; x_wconf 70' lang='lat' dir='ltr'>fiiimcant</span> <span class='ocrx_word' id='word_1_333' title='bbox 227 2775 307 2810; x_wconf 88' lang='lat' dir='ltr'>sedet</span> <span class='ocrx_word' id='word_1_334' title='bbox 319 2800 328 2814; x_wconf 96' lang='lat'>,</span> <span class='ocrx_word' id='word_1_335' title='bbox 347 2775 384 2808; x_wconf 90' lang='lat' dir='ltr'>ab</span> <span class='ocrx_word' id='word_1_336' title='bbox 398 2772 610 2821; x_wconf 81' lang='lat' dir='ltr'>ingruentibus</span> <span class='ocrx_word' id='word_1_337' title='bbox 624 2770 772 2804; x_wconf 89' lang='lat' dir='ltr'>militibus</span> <span class='ocrx_word' id='word_1_338' title='bbox 785 2768 843 2802; x_wconf 69' lang='lat' dir='ltr'>una</span> <span class='ocrx_word' id='word_1_339' title='bbox 855 2780 924 2801; x_wconf 92' lang='lat' dir='ltr'>cum</span> <span class='ocrx_word' id='word_1_340' title='bbox 938 2765 975 2800; x_wconf 85' lang='lat' dir='ltr'>fi-</span> 
     </span>
    </p>
   </div>
   <div class='ocr_carea' id='block_1_3' title="bbox 464 108 540 134">
    <p class='ocr_par' dir='ltr' id='par_1_7' title="bbox 464 108 540 134">
     <span class='ocr_line' id='line_1_56' title="bbox 464 108 540 134; baseline 0.013 -1"><span class='ocrx_word' id='word_1_341' title='bbox 464 108 540 134; x_wconf 84' lang='lat' dir='ltr'>ET</span> 
     </span>
    </p>
   </div>
   <div class='ocr_carea' id='block_1_4' title="bbox 67 2816 979 3021">
    <p class='ocr_par' dir='ltr' id='par_1_8' title="bbox 67 2816 977 2969">
     <span class='ocr_line' id='line_1_57' title="bbox 67 2816 977 2865; baseline -0.015 -4"><span class='ocrx_word' id='word_1_342' title='bbox 67 2822 164 2850; x_wconf 50' lang='lat'>&#39;&#39;²¹27‘&#39;-</span> <span class='ocrx_word' id='word_1_343' title='bbox 228 2825 271 2858; x_wconf 89' lang='lat' dir='ltr'>lio</span> <span class='ocrx_word' id='word_1_344' title='bbox 291 2824 489 2858; x_wconf 80' lang='lat' dir='ltr'>obtruncatur</span> <span class='ocrx_word' id='word_1_345' title='bbox 507 2821 599 2855; x_wconf 72' lang='lat' dir='ltr'>:etatis</span> <span class='ocrx_word' id='word_1_346' title='bbox 617 2817 800 2865; x_wconf 74' lang='lat' dir='ltr'>sexagesimo</span> <span class='ocrx_word' id='word_1_347' title='bbox 813 2840 823 2856; x_wconf 90' lang='lat'>,</span> <span class='ocrx_word' id='word_1_348' title='bbox 853 2816 977 2861; x_wconf 89' lang='lat' dir='ltr'>Imperii</span> 
     </span>
     <span class='ocr_line' id='line_1_58' title="bbox 228 2863 976 2914; baseline -0.016 -7"><span class='ocrx_word' id='word_1_349' title='bbox 228 2875 320 2907; x_wconf 85' lang='lat' dir='ltr'>tertio</span> <span class='ocrx_word' id='word_1_350' title='bbox 332 2898 341 2913; x_wconf 93' lang='lat'>‚</span> <span class='ocrx_word' id='word_1_351' title='bbox 365 2871 484 2908; x_wconf 88' lang='lat' dir='ltr'>Christi</span> <span class='ocrx_word' id='word_1_352' title='bbox 501 2868 708 2905; x_wconf 81' lang='lat' dir='ltr'>ducentefimo</span> <span class='ocrx_word' id='word_1_353' title='bbox 722 2863 954 2914; x_wconf 78' lang='lat' dir='ltr'>quadragesimo</span> <span class='ocrx_word' id='word_1_354' title='bbox 967 2887 976 2903; x_wconf 89' lang='lat'>,</span> 
     </span>
     <span class='ocr_line' id='line_1_59' title="bbox 229 2911 949 2969; baseline -0.014 -14"><span class='ocrx_word' id='word_1_355' title='bbox 229 2933 317 2968; x_wconf 88' lang='lat' dir='ltr'>capnt</span> <span class='ocrx_word' id='word_1_356' title='bbox 329 2935 441 2969; x_wconf 79' lang='lat' dir='ltr'>magno</span> <span class='ocrx_word' id='word_1_357' title='bbox 454 2933 523 2956; x_wconf 93' lang='lat' dir='ltr'>cum</span> <span class='ocrx_word' id='word_1_358' title='bbox 537 2919 648 2967; x_wconf 86' lang='lat' dir='ltr'>gaudio</span> <span class='ocrx_word' id='word_1_359' title='bbox 662 2919 776 2952; x_wconf 86' lang='lat' dir='ltr'>Romae</span> <span class='ocrx_word' id='word_1_360' title='bbox 788 2912 881 2950; x_wconf 87' lang='lat' dir='ltr'>visum</span> <span class='ocrx_word' id='word_1_361' title='bbox 894 2911 949 2947; x_wconf 89' lang='lat' dir='ltr'>est.</span> 
     </span>
    </p>

    <p class='ocr_par' dir='ltr' id='par_1_9' title="bbox 69 2964 979 3021">
     <span class='ocr_line' id='line_1_60' title="bbox 69 2964 979 3021; baseline -0.019 -10"><span class='ocrx_word' id='word_1_362' title='bbox 69 2986 205 3021; x_wconf 74' lang='lat' dir='ltr'>Pupienum</span> <span class='ocrx_word' id='word_1_363' title='bbox 274 2971 425 3017; x_wconf 85' lang='lat' dir='ltr'>Pupienus</span> <span class='ocrx_word' id='word_1_364' title='bbox 438 2970 612 3017; x_wconf 88' lang='lat' dir='ltr'>Aquilejam</span> <span class='ocrx_word' id='word_1_365' title='bbox 625 2977 789 3016; x_wconf 88' lang='lat' dir='ltr'>properans</span> <span class='ocrx_word' id='word_1_366' title='bbox 803 2964 979 2997; x_wconf 72' lang='lat' dir='ltr'>Maximini</span> 
     </span>
    </p>
   </div>
   <div class='ocr_carea' id='block_1_5' title="bbox 69 3009 982 3216">
    <p class='ocr_par' dir='ltr' id='par_1_10' title="bbox 69 3009 981 3170">
     <span class='ocr_line' id='line_1_61' title="bbox 70 3009 978 3067; baseline -0.01 -15"><span class='ocrx_word' id='word_1_367' title='bbox 70 3022 104 3056; x_wconf 79' lang='grc' dir='ltr'>ό-</span> <span class='ocrx_word' id='word_1_368' title='bbox 128 3024 213 3050; x_wconf 69' lang='lat' dir='ltr'>Balbi·</span> <span class='ocrx_word' id='word_1_369' title='bbox 228 3019 366 3067; x_wconf 83' lang='lat' dir='ltr'>legiones</span> <span class='ocrx_word' id='word_1_370' title='bbox 378 3019 509 3053; x_wconf 89' lang='lat' dir='ltr'>donariis</span> <span class='ocrx_word' id='word_1_371' title='bbox 521 3029 637 3064; x_wconf 76' lang='lat' dir='ltr'>pacatas</span> <span class='ocrx_word' id='word_1_372' title='bbox 649 3017 686 3051; x_wconf 91' lang='lat' dir='ltr'>ad</span> <span class='ocrx_word' id='word_1_373' title='bbox 698 3015 842 3050; x_wconf 88' lang='lat' dir='ltr'>stationes</span> <span class='ocrx_word' id='word_1_374' title='bbox 855 3009 978 3049; x_wconf 80' lang='lat' dir='ltr'>remisit,</span> 
     </span>
     <span class='ocr_line' id='line_1_62' title="bbox 69 3061 978 3111; baseline -0.02 -2"><span class='ocrx_word' id='word_1_375' title='bbox 69 3072 130 3108; x_wconf 42' lang='lat' dir='ltr'>&#39;&#39;uf&#39;’</span> <span class='ocrx_word' id='word_1_376' title='bbox 154 3067 215 3108; x_wconf 58' lang='lat' dir='ltr'>rra-</span> <span class='ocrx_word' id='word_1_377' title='bbox 231 3069 404 3104; x_wconf 73' lang='lat' dir='ltr'>Prtetoriani</span> <span class='ocrx_word' id='word_1_378' title='bbox 412 3072 442 3102; x_wconf 69' lang='grc' dir='ltr'>ὅ(</span> <span class='ocrx_word' id='word_1_379' title='bbox 449 3069 573 3101; x_wconf 82' lang='lat' dir='ltr'>Senatus</span> <span class='ocrx_word' id='word_1_380' title='bbox 580 3069 693 3100; x_wconf 83' lang='lat' dir='ltr'>Rornae</span> <span class='ocrx_word' id='word_1_381' title='bbox 700 3068 903 3111; x_wconf 86' lang='lat' dir='ltr'>Imperatores</span> <span class='ocrx_word' id='word_1_382' title='bbox 916 3061 978 3093; x_wconf 89' lang='lat' dir='ltr'>lau-</span> 
     </span>
     <span class='ocr_line' id='line_1_63' title="bbox 69 3110 981 3170; baseline -0.026 -5"><span class='ocrx_word' id='word_1_383' title='bbox 69 3110 161 3170; x_wconf 43' lang='lat' dir='ltr'>:xpm</span> <span class='ocrx_word' id='word_1_384' title='bbox 176 3113 217 3131; x_wconf 45' lang='lat' dir='ltr'>m—</span> <span class='ocrx_word' id='word_1_385' title='bbox 233 3119 356 3156; x_wconf 72' lang='lat' dir='ltr'>darunt,</span> <span class='ocrx_word' id='word_1_386' title='bbox 370 3115 418 3151; x_wconf 89' lang='lat' dir='ltr'>sed</span> <span class='ocrx_word' id='word_1_387' title='bbox 430 3117 502 3149; x_wconf 92' lang='lat' dir='ltr'>dum</span> <span class='ocrx_word' id='word_1_388' title='bbox 515 3116 546 3148; x_wconf 91' lang='lat' dir='ltr'>in</span> <span class='ocrx_word' id='word_1_389' title='bbox 557 3118 669 3150; x_wconf 81' lang='lat' dir='ltr'>Senatu</span> <span class='ocrx_word' id='word_1_390' title='bbox 681 3115 823 3160; x_wconf 84' lang='lat' dir='ltr'>jubentur</span> <span class='ocrx_word' id='word_1_391' title='bbox 835 3110 981 3157; x_wconf 87' lang='lat' dir='ltr'>sapienter</span> 
     </span>
    </p>

    <p class='ocr_par' dir='ltr' id='par_1_11' title="bbox 130 3161 982 3216">
     <span class='ocr_line' id='line_1_64' title="bbox 130 3161 982 3216; baseline -0.014 -10"><span class='ocrx_word' id='word_1_392' title='bbox 130 3165 137 3171; x_wconf 55' lang='lat'><strong>⁹</strong></span> <span class='ocrx_word' id='word_1_393' title='bbox 233 3169 392 3216; x_wconf 86' lang='lat' dir='ltr'>imperare,</span> <span class='ocrx_word' id='word_1_394' title='bbox 406 3166 460 3214; x_wconf 88' lang='lat' dir='ltr'>qui</span> <span class='ocrx_word' id='word_1_395' title='bbox 473 3166 488 3200; x_wconf 74' lang='lat' dir='ltr'>a</span> <span class='ocrx_word' id='word_1_396' title='bbox 500 3162 681 3212; x_wconf 84' lang='lat' dir='ltr'>sapientibus</span> <span class='ocrx_word' id='word_1_397' title='bbox 694 3163 786 3199; x_wconf 81' lang='lat' dir='ltr'>effent</span> <span class='ocrx_word' id='word_1_398' title='bbox 798 3161 899 3202; x_wconf 63' lang='lat' dir='ltr'>desti,</span> <span class='ocrx_word' id='word_1_399' title='bbox 912 3171 982 3194; x_wconf 89' lang='lat' dir='ltr'>narn</span> 
     </span>
    </p>
   </div>
   <div class='ocr_carea' id='block_1_6' title="bbox 1289 89 1426 127">
    <p class='ocr_par' dir='ltr' id='par_1_12' title="bbox 1289 89 1426 127">
     <span class='ocr_line' id='line_1_65' title="bbox 1289 89 1426 127; baseline 0 0"><span class='ocrx_word' id='word_1_400' title='bbox 1289 89 1426 127; x_wconf 86' lang='lat' dir='ltr'>L113.</span> 
     </span>
    </p>
   </div>
   <div class='ocr_carea' id='block_1_7' title="bbox 1010 88 1770 138">
    <p class='ocr_par' dir='ltr' id='par_1_13' title="bbox 1010 88 1770 138">
     <span class='ocr_line' id='line_1_66' title="bbox 1010 88 1770 138; baseline -0.004 -9"><span class='ocrx_word' id='word_1_401' title='bbox 1010 102 1230 129; x_wconf 68' lang='lat'>06101</span> <span class='ocrx_word' id='word_1_402' title='bbox 1471 88 1524 127; x_wconf 93' lang='lat'>11.</span> <span class='ocrx_word' id='word_1_403' title='bbox 1732 102 1770 138; x_wconf 83' lang='lat'>25</span> 
     </span>
    </p>
   </div>
   <div class='ocr_carea' id='block_1_8' title="bbox 1002 159 1926 3106">
    <p class='ocr_par' dir='ltr' id='par_1_14' title="bbox 1009 159 1768 843">
     <span class='ocr_line' id='line_1_67' title="bbox 1019 159 1768 209; baseline 0 -13"><span class='ocrx_word' id='word_1_404' title='bbox 1019 174 1098 208; x_wconf 88' lang='lat' dir='ltr'>quos</span> <span class='ocrx_word' id='word_1_405' title='bbox 1111 160 1192 196; x_wconf 89' lang='lat' dir='ltr'>stulti</span> <span class='ocrx_word' id='word_1_406' title='bbox 1205 161 1352 209; x_wconf 85' lang='lat' dir='ltr'>eligerent</span> <span class='ocrx_word' id='word_1_407' title='bbox 1365 161 1455 196; x_wconf 70' lang='lat' dir='ltr'>stulte</span> <span class='ocrx_word' id='word_1_408' title='bbox 1468 173 1608 208; x_wconf 82' lang='lat' dir='ltr'>regnare,</span> <span class='ocrx_word' id='word_1_409' title='bbox 1634 159 1768 209; x_wconf 87' lang='lat' dir='ltr'>eousque</span> 
     </span>
     <span class='ocr_line' id='line_1_68' title="bbox 1018 210 1768 245; baseline 0 -1"><span class='ocrx_word' id='word_1_410' title='bbox 1018 210 1238 245; x_wconf 86' lang='lat' dir='ltr'>mordebantur</span> <span class='ocrx_word' id='word_1_411' title='bbox 1257 211 1516 245; x_wconf 79' lang='lat' dir='ltr'>Praetorianorum</span> <span class='ocrx_word' id='word_1_412' title='bbox 1535 211 1627 244; x_wconf 86' lang='lat' dir='ltr'>animi</span> <span class='ocrx_word' id='word_1_413' title='bbox 1647 211 1709 244; x_wconf 90' lang='lat' dir='ltr'>hoc</span> <span class='ocrx_word' id='word_1_414' title='bbox 1721 210 1768 244; x_wconf 92' lang='lat' dir='ltr'>di-</span> 
     </span>
     <span class='ocr_line' id='line_1_69' title="bbox 1017 257 1768 305; baseline 0.003 -14"><span class='ocrx_word' id='word_1_415' title='bbox 1017 259 1127 299; x_wconf 67' lang='lat' dir='ltr'>cterio,</span> <span class='ocrx_word' id='word_1_416' title='bbox 1142 269 1186 299; x_wconf 91' lang='lat' dir='ltr'>ut,</span> <span class='ocrx_word' id='word_1_417' title='bbox 1199 259 1272 293; x_wconf 91' lang='lat' dir='ltr'>dum</span> <span class='ocrx_word' id='word_1_418' title='bbox 1285 257 1356 291; x_wconf 88' lang='lat' dir='ltr'>urbs</span> <span class='ocrx_word' id='word_1_419' title='bbox 1367 281 1376 296; x_wconf 93' lang='lat'>,</span> <span class='ocrx_word' id='word_1_420' title='bbox 1396 261 1656 305; x_wconf 85' lang='lat' dir='ltr'>&amp;Imperatorum</span> <span class='ocrx_word' id='word_1_421' title='bbox 1671 259 1768 305; x_wconf 84' lang='lat' dir='ltr'>plera-</span> 
     </span>
     <span class='ocr_line' id='line_1_70' title="bbox 1015 305 1768 354; baseline 0.003 -14"><span class='ocrx_word' id='word_1_422' title='bbox 1015 319 1076 352; x_wconf 88' lang='lat' dir='ltr'>que</span> <span class='ocrx_word' id='word_1_423' title='bbox 1089 305 1203 342; x_wconf 86' lang='lat' dir='ltr'>familia</span> <span class='ocrx_word' id='word_1_424' title='bbox 1221 308 1252 340; x_wconf 91' lang='lat' dir='ltr'>in</span> <span class='ocrx_word' id='word_1_425' title='bbox 1265 305 1384 340; x_wconf 85' lang='lat' dir='ltr'>theatro</span> <span class='ocrx_word' id='word_1_426' title='bbox 1403 318 1518 340; x_wconf 87' lang='lat' dir='ltr'>vacaret</span> <span class='ocrx_word' id='word_1_427' title='bbox 1536 308 1612 342; x_wconf 88' lang='lat' dir='ltr'>ludis</span> <span class='ocrx_word' id='word_1_428' title='bbox 1625 333 1634 347; x_wconf 94' lang='lat'>,</span> <span class='ocrx_word' id='word_1_429' title='bbox 1654 307 1707 354; x_wconf 74' lang='lat' dir='ltr'>ipsi</span> <span class='ocrx_word' id='word_1_430' title='bbox 1720 320 1768 341; x_wconf 86' lang='lat' dir='ltr'>ar-</span> 
     </span>
     <span class='ocr_line' id='line_1_71' title="bbox 1014 356 1768 403; baseline 0.003 -16"><span class='ocrx_word' id='word_1_431' title='bbox 1014 356 1085 388; x_wconf 89' lang='lat' dir='ltr'>mati</span> <span class='ocrx_word' id='word_1_432' title='bbox 1097 356 1135 389; x_wconf 86' lang='lat' dir='ltr'>ad</span> <span class='ocrx_word' id='word_1_433' title='bbox 1146 356 1291 390; x_wconf 84' lang='lat' dir='ltr'>Palatium</span> <span class='ocrx_word' id='word_1_434' title='bbox 1305 366 1530 389; x_wconf 89' lang='lat' dir='ltr'>concurrerent.</span> <span class='ocrx_word' id='word_1_435' title='bbox 1540 359 1692 403; x_wconf 84' lang='lat' dir='ltr'>Pupienus</span> <span class='ocrx_word' id='word_1_436' title='bbox 1704 356 1768 390; x_wconf 90' lang='lat' dir='ltr'>hoc</span> 
     </span>
     <span class='ocr_line' id='line_1_72' title="bbox 1012 402 1765 452; baseline 0.004 -16"><span class='ocrx_word' id='word_1_437' title='bbox 1012 403 1117 437; x_wconf 90' lang='lat' dir='ltr'>audito</span> <span class='ocrx_word' id='word_1_438' title='bbox 1129 427 1139 442; x_wconf 93' lang='lat'>,</span> <span class='ocrx_word' id='word_1_439' title='bbox 1165 402 1266 437; x_wconf 84' lang='lat' dir='ltr'>statim</span> <span class='ocrx_word' id='word_1_440' title='bbox 1286 404 1511 438; x_wconf 84' lang='lat' dir='ltr'>Germanicum</span> <span class='ocrx_word' id='word_1_441' title='bbox 1528 405 1654 439; x_wconf 85' lang='lat' dir='ltr'>advocat</span> <span class='ocrx_word' id='word_1_442' title='bbox 1667 405 1765 452; x_wconf 83' lang='lat' dir='ltr'>praesi-</span> 
     </span>
     <span class='ocr_line' id='line_1_73' title="bbox 1012 451 1765 492; baseline 0.004 -7"><span class='ocrx_word' id='word_1_443' title='bbox 1012 452 1118 486; x_wconf 90' lang='lat' dir='ltr'>dium:</span> <span class='ocrx_word' id='word_1_444' title='bbox 1138 451 1284 487; x_wconf 85' lang='lat' dir='ltr'>Balbinus</span> <span class='ocrx_word' id='word_1_445' title='bbox 1296 453 1433 488; x_wconf 84' lang='lat' dir='ltr'>advocari</span> <span class='ocrx_word' id='word_1_446' title='bbox 1447 454 1555 492; x_wconf 86' lang='lat' dir='ltr'>vetuit,</span> <span class='ocrx_word' id='word_1_447' title='bbox 1574 464 1712 488; x_wconf 79' lang='lat' dir='ltr'>metuens</span> <span class='ocrx_word' id='word_1_448' title='bbox 1725 466 1765 487; x_wconf 88' lang='lat' dir='ltr'>ne</span> 
     </span>
     <span class='ocr_line' id='line_1_74' title="bbox 1010 500 1764 548; baseline 0.001 -13"><span class='ocrx_word' id='word_1_449' title='bbox 1010 500 1088 535; x_wconf 69' lang='lat' dir='ltr'>fleto</span> <span class='ocrx_word' id='word_1_450' title='bbox 1107 500 1124 535; x_wconf 71' lang='grc' dir='ltr'>ὲ</span> <span class='ocrx_word' id='word_1_451' title='bbox 1143 501 1285 548; x_wconf 82' lang='lat' dir='ltr'>Pupieno</span> <span class='ocrx_word' id='word_1_452' title='bbox 1304 513 1428 535; x_wconf 90' lang='lat' dir='ltr'>rumore</span> <span class='ocrx_word' id='word_1_453' title='bbox 1445 502 1595 535; x_wconf 82' lang='lat' dir='ltr'>Germani</span> <span class='ocrx_word' id='word_1_454' title='bbox 1613 514 1718 538; x_wconf 85' lang='lat' dir='ltr'>contra</span> <span class='ocrx_word' id='word_1_455' title='bbox 1737 501 1764 536; x_wconf 87' lang='lat' dir='ltr'>se</span> 
     </span>
     <span class='ocr_line' id='line_1_75' title="bbox 1009 547 1766 590; baseline 0.001 -6"><span class='ocrx_word' id='word_1_456' title='bbox 1009 547 1240 585; x_wconf 83' lang='lat' dir='ltr'>accerserentur:</span> <span class='ocrx_word' id='word_1_457' title='bbox 1260 550 1374 584; x_wconf 75' lang='lat' dir='ltr'>interea</span> <span class='ocrx_word' id='word_1_458' title='bbox 1385 548 1488 585; x_wconf 87' lang='lat' dir='ltr'>adsunt</span> <span class='ocrx_word' id='word_1_459' title='bbox 1500 551 1692 590; x_wconf 80' lang='lat' dir='ltr'>Praetoriani,</span> <span class='ocrx_word' id='word_1_460' title='bbox 1712 552 1766 585; x_wconf 90' lang='lat' dir='ltr'>de-</span> 
     </span>
     <span class='ocr_line' id='line_1_76' title="bbox 1010 599 1766 646; baseline 0.001 -13"><span class='ocrx_word' id='word_1_461' title='bbox 1010 600 1160 634; x_wconf 88' lang='lat' dir='ltr'>ducuntur</span> <span class='ocrx_word' id='word_1_462' title='bbox 1172 599 1267 635; x_wconf 68' lang='lat' dir='ltr'>vineti</span> <span class='ocrx_word' id='word_1_463' title='bbox 1281 602 1483 646; x_wconf 88' lang='lat' dir='ltr'>Imperatores</span> <span class='ocrx_word' id='word_1_464' title='bbox 1502 612 1555 646; x_wconf 85' lang='lat' dir='ltr'>per</span> <span class='ocrx_word' id='word_1_465' title='bbox 1568 601 1677 645; x_wconf 79' lang='lat' dir='ltr'>plateas</span> <span class='ocrx_word' id='word_1_466' title='bbox 1697 613 1766 634; x_wconf 89' lang='lat' dir='ltr'>ver—</span> 
     </span>
     <span class='ocr_line' id='line_1_77' title="bbox 1009 647 1765 688; baseline 0.003 -7"><span class='ocrx_word' id='word_1_467' title='bbox 1009 647 1055 682; x_wconf 90' lang='lat' dir='ltr'>sus</span> <span class='ocrx_word' id='word_1_468' title='bbox 1068 647 1177 688; x_wconf 85' lang='lat' dir='ltr'>castra,</span> <span class='ocrx_word' id='word_1_469' title='bbox 1196 652 1227 683; x_wconf 92' lang='lat'>&amp;</span> <span class='ocrx_word' id='word_1_470' title='bbox 1241 649 1386 682; x_wconf 89' lang='lat' dir='ltr'>nunciato</span> <span class='ocrx_word' id='word_1_471' title='bbox 1399 647 1494 683; x_wconf 82' lang='lat' dir='ltr'>adesse</span> <span class='ocrx_word' id='word_1_472' title='bbox 1509 649 1686 683; x_wconf 85' lang='lat' dir='ltr'>Germanos</span> <span class='ocrx_word' id='word_1_473' title='bbox 1699 650 1765 685; x_wconf 86' lang='lat' dir='ltr'>vin-</span> 
     </span>
     <span class='ocr_line' id='line_1_78' title="bbox 1011 697 1765 745; baseline -0.001 -13"><span class='ocrx_word' id='word_1_474' title='bbox 1011 698 1108 737; x_wconf 84' lang='lat' dir='ltr'>dices,</span> <span class='ocrx_word' id='word_1_475' title='bbox 1117 707 1275 732; x_wconf 86' lang='lat' dir='ltr'>necantur:</span> <span class='ocrx_word' id='word_1_476' title='bbox 1290 697 1455 745; x_wconf 56' lang='lat' dir='ltr'>§ordinum</span> <span class='ocrx_word' id='word_1_477' title='bbox 1467 698 1699 745; x_wconf 87' lang='lat' dir='ltr'>quatuordecim</span> <span class='ocrx_word' id='word_1_478' title='bbox 1712 711 1765 731; x_wconf 87' lang='lat' dir='ltr'>an-</span> 
     </span>
     <span class='ocr_line' id='line_1_79' title="bbox 1011 745 1765 794; baseline 0.003 -14"><span class='ocrx_word' id='word_1_479' title='bbox 1011 759 1122 780; x_wconf 88' lang='lat' dir='ltr'>norum</span> <span class='ocrx_word' id='word_1_480' title='bbox 1136 745 1299 794; x_wconf 73' lang='lat' dir='ltr'>puer-forte</span> <span class='ocrx_word' id='word_1_481' title='bbox 1312 746 1420 781; x_wconf 90' lang='lat' dir='ltr'>obvius</span> <span class='ocrx_word' id='word_1_482' title='bbox 1433 758 1564 794; x_wconf 85' lang='lat' dir='ltr'>raptatur</span> <span class='ocrx_word' id='word_1_483' title='bbox 1577 748 1609 781; x_wconf 89' lang='lat' dir='ltr'>in</span> <span class='ocrx_word' id='word_1_484' title='bbox 1622 746 1714 781; x_wconf 84' lang='lat' dir='ltr'>castra</span> <span class='ocrx_word' id='word_1_485' title='bbox 1728 747 1765 782; x_wconf 87' lang='lat' dir='ltr'>ad</span> 
     </span>
     <span class='ocr_line' id='line_1_80' title="bbox 1011 793 1430 843; baseline 0 -14"><span class='ocrx_word' id='word_1_486' title='bbox 1011 793 1153 831; x_wconf 87' lang='lat' dir='ltr'>sumenda</span> <span class='ocrx_word' id='word_1_487' title='bbox 1164 795 1290 843; x_wconf 76' lang='lat' dir='ltr'>insignia</span> <span class='ocrx_word' id='word_1_488' title='bbox 1301 796 1430 841; x_wconf 89' lang='lat' dir='ltr'>imperii.</span> 
     </span>
    </p>

    <p class='ocr_par' dir='ltr' id='par_1_15' title="bbox 1011 844 1764 1084">
     <span class='ocr_line' id='line_1_81' title="bbox 1063 844 1764 891; baseline -0.003 -12"><span class='ocrx_word' id='word_1_489' title='bbox 1063 849 1097 879; x_wconf 89' lang='lat' dir='ltr'>In</span> <span class='ocrx_word' id='word_1_490' title='bbox 1110 845 1251 891; x_wconf 86' lang='lat' dir='ltr'>Pupieno</span> <span class='ocrx_word' id='word_1_491' title='bbox 1264 844 1370 878; x_wconf 86' lang='lat' dir='ltr'>definit</span> <span class='ocrx_word' id='word_1_492' title='bbox 1381 845 1586 886; x_wconf 59' lang='lat' dir='ltr'>Herodianus,</span> <span class='ocrx_word' id='word_1_493' title='bbox 1599 855 1632 880; x_wconf 89' lang='lat' dir='ltr'>ut</span> <span class='ocrx_word' id='word_1_494' title='bbox 1645 847 1676 879; x_wconf 93' lang='lat' dir='ltr'>in</span> <span class='ocrx_word' id='word_1_495' title='bbox 1689 846 1764 878; x_wconf 67' lang='lat' dir='ltr'>Ale-</span> 
     </span>
     <span class='ocr_line' id='line_1_82' title="bbox 1011 892 1764 940; baseline 0.001 -13"><span class='ocrx_word' id='word_1_496' title='bbox 1011 894 1125 928; x_wconf 79' lang='lat' dir='ltr'>xandro</span> <span class='ocrx_word' id='word_1_497' title='bbox 1139 896 1233 932; x_wconf 85' lang='lat' dir='ltr'>Dion,</span> <span class='ocrx_word' id='word_1_498' title='bbox 1248 904 1377 940; x_wconf 90' lang='lat' dir='ltr'>pergunt</span> <span class='ocrx_word' id='word_1_499' title='bbox 1389 905 1490 928; x_wconf 85' lang='lat' dir='ltr'>tamen</span> <span class='ocrx_word' id='word_1_500' title='bbox 1503 896 1553 929; x_wconf 86' lang='lat' dir='ltr'>alii</span> <span class='ocrx_word' id='word_1_501' title='bbox 1567 897 1598 929; x_wconf 90' lang='lat' dir='ltr'>in</span> <span class='ocrx_word' id='word_1_502' title='bbox 1611 892 1764 930; x_wconf 70' lang='lat' dir='ltr'>Caesarum</span> 
     </span>
     <span class='ocr_line' id='line_1_83' title="bbox 1011 940 1764 992; baseline 0 -16"><span class='ocrx_word' id='word_1_503' title='bbox 1011 943 1139 977; x_wconf 69' lang='lat' dir='ltr'>historia</span> <span class='ocrx_word' id='word_1_504' title='bbox 1152 943 1267 989; x_wconf 80' lang='lat' dir='ltr'>egregii</span> <span class='ocrx_word' id='word_1_505' title='bbox 1280 940 1438 988; x_wconf 85' lang='lat' dir='ltr'>scriptores</span> <span class='ocrx_word' id='word_1_506' title='bbox 1451 945 1657 992; x_wconf 74' lang='lat' dir='ltr'>Lampridius,</span> <span class='ocrx_word' id='word_1_507' title='bbox 1674 947 1764 992; x_wconf 78' lang='lat' dir='ltr'>Capi-</span> 
     </span>
     <span class='ocr_line' id='line_1_84' title="bbox 1012 993 1764 1039; baseline 0 -14"><span class='ocrx_word' id='word_1_508' title='bbox 1012 993 1130 1027; x_wconf 78' lang='lat' dir='ltr'>tolinus,</span> <span class='ocrx_word' id='word_1_509' title='bbox 1142 994 1329 1039; x_wconf 71' lang='lat' dir='ltr'>Spartianus,</span> <span class='ocrx_word' id='word_1_510' title='bbox 1342 994 1517 1039; x_wconf 79' lang='lat' dir='ltr'>Eutropius,</span> <span class='ocrx_word' id='word_1_511' title='bbox 1533 995 1694 1027; x_wconf 70' lang='lat' dir='ltr'>eAurelim</span> <span class='ocrx_word' id='word_1_512' title='bbox 1708 996 1738 1027; x_wconf 94' lang='lat' dir='ltr'><em>V</em></span> <span class='ocrx_word' id='word_1_513' title='bbox 1735 995 1764 1025; x_wconf 79' lang='lat' dir='ltr'>i-</span> 
     </span>
     <span class='ocr_line' id='line_1_85' title="bbox 1011 1039 1376 1084; baseline 0 -10"><span class='ocrx_word' id='word_1_514' title='bbox 1011 1043 1078 1077; x_wconf 70' lang='grc' dir='ltr'>ἔῖον,</span> <span class='ocrx_word' id='word_1_515' title='bbox 1095 1039 1253 1084; x_wconf 83' lang='lat' dir='ltr'>Eusebius,</span> <span class='ocrx_word' id='word_1_516' title='bbox 1272 1044 1303 1074; x_wconf 89' lang='lat'>&amp;</span> <span class='ocrx_word' id='word_1_517' title='bbox 1315 1041 1376 1074; x_wconf 87' lang='lat' dir='ltr'>alii.</span> 
     </span>
    </p>

    <p class='ocr_par' dir='ltr' id='par_1_16' title="bbox 1002 1088 1926 2467">
     <span class='ocr_line' id='line_1_86' title="bbox 1069 1088 1920 1136; baseline -0.001 -12"><span class='ocrx_word' id='word_1_518' title='bbox 1069 1089 1224 1124; x_wconf 87' lang='lat' dir='ltr'>Gordiani</span> <span class='ocrx_word' id='word_1_519' title='bbox 1236 1090 1400 1136; x_wconf 90' lang='lat' dir='ltr'>imperium</span> <span class='ocrx_word' id='word_1_520' title='bbox 1413 1091 1556 1124; x_wconf 85' lang='lat' dir='ltr'>Senatum</span> <span class='ocrx_word' id='word_1_521' title='bbox 1569 1088 1639 1126; x_wconf 82' lang='lat' dir='ltr'>cum</span> <span class='ocrx_word' id='word_1_522' title='bbox 1651 1095 1763 1126; x_wconf 86' lang='lat' dir='ltr'>Praeto-</span> <span class='ocrx_word' id='word_1_523' title='bbox 1780 1097 1920 1125; x_wconf 64' lang='lat' dir='ltr'>Gordianus</span> 
     </span>
     <span class='ocr_line' id='line_1_87' title="bbox 1010 1137 1926 1183; baseline 0.002 -11"><span class='ocrx_word' id='word_1_524' title='bbox 1010 1139 1099 1173; x_wconf 84' lang='lat' dir='ltr'>rianis</span> <span class='ocrx_word' id='word_1_525' title='bbox 1111 1139 1321 1174; x_wconf 88' lang='lat' dir='ltr'>reconciliavit</span> <span class='ocrx_word' id='word_1_526' title='bbox 1335 1163 1345 1178; x_wconf 89' lang='lat'>,</span> <span class='ocrx_word' id='word_1_527' title='bbox 1369 1139 1547 1183; x_wconf 76' lang='lat' dir='ltr'>Mtfitheum</span> <span class='ocrx_word' id='word_1_528' title='bbox 1559 1141 1610 1174; x_wconf 91' lang='lat' dir='ltr'>hic</span> <span class='ocrx_word' id='word_1_529' title='bbox 1623 1139 1761 1175; x_wconf 88' lang='lat' dir='ltr'>socerum</span> <span class='ocrx_word' id='word_1_530' title='bbox 1775 1146 1834 1174; x_wconf 65' lang='lat' dir='ltr'>puer</span> <span class='ocrx_word' id='word_1_531' title='bbox 1843 1137 1926 1174; x_wconf 63' lang='lat' dir='ltr'>felia-</span> 
     </span>
     <span class='ocr_line' id='line_1_88' title="bbox 1011 1179 1906 1235; baseline 0.001 -14"><span class='ocrx_word' id='word_1_532' title='bbox 1011 1189 1109 1222; x_wconf 90' lang='lat' dir='ltr'>virum</span> <span class='ocrx_word' id='word_1_533' title='bbox 1123 1188 1276 1235; x_wconf 88' lang='lat' dir='ltr'>optimum</span> <span class='ocrx_word' id='word_1_534' title='bbox 1288 1187 1405 1227; x_wconf 88' lang='lat' dir='ltr'>habuit,</span> <span class='ocrx_word' id='word_1_535' title='bbox 1418 1191 1502 1232; x_wconf 86' lang='lat' dir='ltr'>cujus</span> <span class='ocrx_word' id='word_1_536' title='bbox 1516 1189 1648 1223; x_wconf 80' lang='lat' dir='ltr'>consiliis</span> <span class='ocrx_word' id='word_1_537' title='bbox 1660 1191 1764 1224; x_wconf 79' lang='lat' dir='ltr'>omnia</span> <span class='ocrx_word' id='word_1_538' title='bbox 1779 1186 1817 1203; x_wconf 62' lang='lat' dir='ltr'><em>m</em></span> <span class='ocrx_word' id='word_1_539' title='bbox 1831 1179 1906 1213; x_wconf 71' lang='lat' dir='ltr'>impe-</span> 
     </span>
     <span class='ocr_line' id='line_1_89' title="bbox 1010 1224 1827 1285; baseline 0.004 -15"><span class='ocrx_word' id='word_1_540' title='bbox 1010 1236 1293 1272; x_wconf 88' lang='lat' dir='ltr'>administrabantur</span> <span class='ocrx_word' id='word_1_541' title='bbox 1325 1236 1481 1281; x_wconf 65' lang='lat' dir='ltr'>jnstiffim&amp;</span> <span class='ocrx_word' id='word_1_542' title='bbox 1496 1251 1503 1272; x_wconf 71' lang='grc' dir='ltr'><em>τ</em></span> <span class='ocrx_word' id='word_1_543' title='bbox 1534 1236 1692 1285; x_wconf 64' lang='grc' dir='ltr'>Ρῑοῐεξωε</span> <span class='ocrx_word' id='word_1_544' title='bbox 1721 1238 1764 1273; x_wconf 86' lang='lat' dir='ltr'>est</span> <span class='ocrx_word' id='word_1_545' title='bbox 1778 1224 1827 1244; x_wconf 47' lang='grc' dir='ltr'>ω’</span> 
     </span>
     <span class='ocr_line' id='line_1_90' title="bbox 1012 1286 1764 1336; baseline 0.001 -17"><span class='ocrx_word' id='word_1_546' title='bbox 1012 1287 1193 1320; x_wconf 87' lang='lat' dir='ltr'>Gordianus</span> <span class='ocrx_word' id='word_1_547' title='bbox 1212 1287 1244 1320; x_wconf 90' lang='lat' dir='ltr'>in</span> <span class='ocrx_word' id='word_1_548' title='bbox 1262 1287 1377 1320; x_wconf 89' lang='lat' dir='ltr'>bellum</span> <span class='ocrx_word' id='word_1_549' title='bbox 1390 1286 1542 1321; x_wconf 79' lang='lat' dir='ltr'>Persicum</span> <span class='ocrx_word' id='word_1_550' title='bbox 1555 1313 1564 1327; x_wconf 97' lang='lat'>‚</span> <span class='ocrx_word' id='word_1_551' title='bbox 1588 1301 1659 1322; x_wconf 85' lang='lat' dir='ltr'>nam</span> <span class='ocrx_word' id='word_1_552' title='bbox 1672 1291 1764 1336; x_wconf 75' lang='lat' dir='ltr'>Sapor</span> 
     </span>
     <span class='ocr_line' id='line_1_91' title="bbox 1012 1333 1764 1385; baseline -0.001 -15"><span class='ocrx_word' id='word_1_553' title='bbox 1012 1337 1216 1370; x_wconf 66' lang='lat' dir='ltr'>eArtaxerxi&#39;s</span> <span class='ocrx_word' id='word_1_554' title='bbox 1241 1333 1332 1370; x_wconf 88' lang='lat' dir='ltr'>frater</span> <span class='ocrx_word' id='word_1_555' title='bbox 1350 1336 1440 1370; x_wconf 89' lang='lat' dir='ltr'>etiam</span> <span class='ocrx_word' id='word_1_556' title='bbox 1461 1337 1661 1371; x_wconf 82' lang='lat' dir='ltr'>Antiochiam</span> <span class='ocrx_word' id='word_1_557' title='bbox 1680 1341 1764 1385; x_wconf 66' lang='lat' dir='ltr'>Syria</span> 
     </span>
     <span class='ocr_line' id='line_1_92' title="bbox 1012 1386 1764 1433; baseline -0.001 -13"><span class='ocrx_word' id='word_1_558' title='bbox 1012 1396 1228 1433; x_wconf 88' lang='lat' dir='ltr'>occupaverat,</span> <span class='ocrx_word' id='word_1_559' title='bbox 1242 1398 1306 1419; x_wconf 89' lang='lat' dir='ltr'>uno</span> <span class='ocrx_word' id='word_1_560' title='bbox 1319 1396 1419 1419; x_wconf 86' lang='lat' dir='ltr'>autem</span> <span class='ocrx_word' id='word_1_561' title='bbox 1429 1389 1458 1420; x_wconf 66' lang='grc' dir='ltr'>δέ</span> <span class='ocrx_word' id='word_1_562' title='bbox 1467 1387 1562 1420; x_wconf 92' lang='lat' dir='ltr'>altero</span> <span class='ocrx_word' id='word_1_563' title='bbox 1576 1387 1689 1433; x_wconf 87' lang='lat' dir='ltr'>proelio</span> <span class='ocrx_word' id='word_1_564' title='bbox 1703 1386 1764 1419; x_wconf 87' lang='lat' dir='ltr'>fra-</span> 
     </span>
     <span class='ocr_line' id='line_1_93' title="bbox 1011 1433 1761 1483; baseline -0.003 -13"><span class='ocrx_word' id='word_1_565' title='bbox 1011 1437 1088 1470; x_wconf 72' lang='lat' dir='ltr'>etus.</span> <span class='ocrx_word' id='word_1_566' title='bbox 1115 1438 1211 1483; x_wconf 88' lang='lat' dir='ltr'>Sapor</span> <span class='ocrx_word' id='word_1_567' title='bbox 1223 1436 1254 1469; x_wconf 92' lang='lat' dir='ltr'>in</span> <span class='ocrx_word' id='word_1_568' title='bbox 1267 1435 1373 1469; x_wconf 86' lang='lat' dir='ltr'>intima</span> <span class='ocrx_word' id='word_1_569' title='bbox 1386 1436 1480 1480; x_wconf 74' lang='lat' dir='ltr'>Perfiae</span> <span class='ocrx_word' id='word_1_570' title='bbox 1492 1433 1586 1482; x_wconf 85' lang='lat' dir='ltr'>fugit,</span> <span class='ocrx_word' id='word_1_571' title='bbox 1602 1435 1761 1480; x_wconf 62' lang='lat' dir='ltr'>Misitheus</span> 
     </span>
     <span class='ocr_line' id='line_1_94' title="bbox 1008 1484 1761 1532; baseline -0.003 -12"><span class='ocrx_word' id='word_1_572' title='bbox 1008 1497 1127 1520; x_wconf 90' lang='lat' dir='ltr'>veneno</span> <span class='ocrx_word' id='word_1_573' title='bbox 1138 1485 1254 1519; x_wconf 88' lang='lat' dir='ltr'>tollitur</span> <span class='ocrx_word' id='word_1_574' title='bbox 1265 1484 1282 1518; x_wconf 70' lang='lat' dir='ltr'>a</span> <span class='ocrx_word' id='word_1_575' title='bbox 1294 1484 1424 1532; x_wconf 75' lang='lat' dir='ltr'>Philippo</span> <span class='ocrx_word' id='word_1_576' title='bbox 1439 1484 1557 1524; x_wconf 88' lang='lat' dir='ltr'>Arabe,</span> <span class='ocrx_word' id='word_1_577' title='bbox 1571 1488 1602 1520; x_wconf 69' lang='grc' dir='ltr'>δε</span> <span class='ocrx_word' id='word_1_578' title='bbox 1610 1484 1761 1518; x_wconf 87' lang='lat' dir='ltr'>Christia-</span> 
     </span>
     <span class='ocr_line' id='line_1_95' title="bbox 1010 1532 1760 1582; baseline 0 -15"><span class='ocrx_word' id='word_1_579' title='bbox 1010 1547 1068 1574; x_wconf 89' lang='lat' dir='ltr'>no,</span> <span class='ocrx_word' id='word_1_580' title='bbox 1092 1545 1125 1569; x_wconf 89' lang='lat' dir='ltr'>ut</span> <span class='ocrx_word' id='word_1_581' title='bbox 1139 1533 1231 1568; x_wconf 84' lang='lat' dir='ltr'>habet</span> <span class='ocrx_word' id='word_1_582' title='bbox 1243 1532 1384 1578; x_wconf 81' lang='lat' dir='ltr'>Eusebius</span> <span class='ocrx_word' id='word_1_583' title='bbox 1395 1538 1426 1568; x_wconf 87' lang='lat'>&amp;</span> <span class='ocrx_word' id='word_1_584' title='bbox 1440 1536 1654 1582; x_wconf 77' lang='lat' dir='ltr'>Hieronymus,</span> <span class='ocrx_word' id='word_1_585' title='bbox 1669 1544 1760 1580; x_wconf 86' lang='lat' dir='ltr'>atque</span> 
     </span>
     <span class='ocr_line' id='line_1_96' title="bbox 1010 1583 1761 1632; baseline -0.001 -15"><span class='ocrx_word' id='word_1_586' title='bbox 1010 1585 1058 1618; x_wconf 88' lang='lat' dir='ltr'>alii</span> <span class='ocrx_word' id='word_1_587' title='bbox 1071 1584 1269 1632; x_wconf 88' lang='lat' dir='ltr'>antiquorum</span> <span class='ocrx_word' id='word_1_588' title='bbox 1285 1597 1292 1616; x_wconf 93' lang='lat'><strong>:</strong></span> <span class='ocrx_word' id='word_1_589' title='bbox 1319 1585 1469 1616; x_wconf 76' lang='lat' dir='ltr'>‘Barom&#39;us</span> <span class='ocrx_word' id='word_1_590' title='bbox 1485 1593 1587 1617; x_wconf 87' lang='lat' dir='ltr'>tamen</span> <span class='ocrx_word' id='word_1_591' title='bbox 1600 1583 1689 1616; x_wconf 90' lang='lat' dir='ltr'>initio</span> <span class='ocrx_word' id='word_1_592' title='bbox 1703 1584 1761 1616; x_wconf 89' lang='lat' dir='ltr'>im-</span> 
     </span>
     <span class='ocr_line' id='line_1_97' title="bbox 1008 1630 1760 1681; baseline -0.003 -13"><span class='ocrx_word' id='word_1_593' title='bbox 1008 1634 1084 1681; x_wconf 88' lang='lat' dir='ltr'>perii</span> <span class='ocrx_word' id='word_1_594' title='bbox 1097 1646 1162 1667; x_wconf 88' lang='lat' dir='ltr'>non</span> <span class='ocrx_word' id='word_1_595' title='bbox 1174 1633 1235 1669; x_wconf 90' lang='lat' dir='ltr'>vult</span> <span class='ocrx_word' id='word_1_596' title='bbox 1253 1630 1462 1667; x_wconf 89' lang='lat' dir='ltr'>Christianum</span> <span class='ocrx_word' id='word_1_597' title='bbox 1475 1657 1485 1672; x_wconf 95' lang='lat'>,</span> <span class='ocrx_word' id='word_1_598' title='bbox 1509 1632 1557 1666; x_wconf 86' lang='lat' dir='ltr'>sed</span> <span class='ocrx_word' id='word_1_599' title='bbox 1570 1631 1675 1678; x_wconf 74' lang='lat' dir='ltr'>postea</span> <span class='ocrx_word' id='word_1_600' title='bbox 1689 1631 1760 1666; x_wconf 77' lang='lat' dir='ltr'>cum</span> 
     </span>
     <span class='ocr_line' id='line_1_98' title="bbox 1009 1680 1761 1730; baseline -0.004 -14"><span class='ocrx_word' id='word_1_601' title='bbox 1009 1682 1194 1730; x_wconf 82' lang='lat' dir='ltr'>praviffimos</span> <span class='ocrx_word' id='word_1_602' title='bbox 1207 1694 1310 1716; x_wconf 87' lang='lat' dir='ltr'>mores</span> <span class='ocrx_word' id='word_1_603' title='bbox 1322 1680 1460 1717; x_wconf 65' lang='lat' dir='ltr'>mutasset</span> <span class='ocrx_word' id='word_1_604' title='bbox 1474 1681 1505 1715; x_wconf 91' lang='lat' dir='ltr'>in</span> <span class='ocrx_word' id='word_1_605' title='bbox 1518 1683 1642 1721; x_wconf 83' lang='lat' dir='ltr'>melius,</span> <span class='ocrx_word' id='word_1_606' title='bbox 1664 1682 1761 1714; x_wconf 75' lang='lat' dir='ltr'>Scali-</span> 
     </span>
     <span class='ocr_line' id='line_1_99' title="bbox 1002 1730 1760 1782; baseline -0.004 -16"><span class='ocrx_word' id='word_1_607' title='bbox 1002 1745 1056 1782; x_wconf 78' lang='lat' dir='ltr'>ger</span> <span class='ocrx_word' id='word_1_608' title='bbox 1073 1732 1149 1768; x_wconf 75' lang='lat' dir='ltr'>vero</span> <span class='ocrx_word' id='word_1_609' title='bbox 1168 1732 1205 1767; x_wconf 89' lang='lat' dir='ltr'>ad</span> <span class='ocrx_word' id='word_1_610' title='bbox 1220 1730 1379 1775; x_wconf 82' lang='lat' dir='ltr'>Eusebium</span> <span class='ocrx_word' id='word_1_611' title='bbox 1397 1744 1467 1765; x_wconf 89' lang='lat' dir='ltr'>cum</span> <span class='ocrx_word' id='word_1_612' title='bbox 1486 1730 1648 1765; x_wconf 87' lang='lat' dir='ltr'>stomacho</span> <span class='ocrx_word' id='word_1_613' title='bbox 1669 1739 1760 1778; x_wconf 87' lang='lat' dir='ltr'>negat</span> 
     </span>
     <span class='ocr_line' id='line_1_100' title="bbox 1009 1778 1762 1829; baseline -0.005 -13"><span class='ocrx_word' id='word_1_614' title='bbox 1009 1794 1143 1829; x_wconf 88' lang='lat' dir='ltr'>unquam</span> <span class='ocrx_word' id='word_1_615' title='bbox 1155 1780 1376 1820; x_wconf 80' lang='lat' dir='ltr'>Christianum,</span> <span class='ocrx_word' id='word_1_616' title='bbox 1390 1779 1569 1828; x_wconf 88' lang='lat' dir='ltr'>&amp;epistolas</span> <span class='ocrx_word' id='word_1_617' title='bbox 1577 1781 1712 1829; x_wconf 70' lang='lat' dir='ltr'>Origenis</span> <span class='ocrx_word' id='word_1_618' title='bbox 1724 1778 1762 1813; x_wconf 88' lang='lat' dir='ltr'>ad</span> 
     </span>
     <span class='ocr_line' id='line_1_101' title="bbox 1009 1828 1763 1879; baseline -0.005 -13"><span class='ocrx_word' id='word_1_619' title='bbox 1009 1833 1071 1867; x_wconf 89' lang='lat' dir='ltr'>hoc</span> <span class='ocrx_word' id='word_1_620' title='bbox 1084 1830 1277 1879; x_wconf 86' lang='lat' dir='ltr'>probandum</span> <span class='ocrx_word' id='word_1_621' title='bbox 1291 1830 1329 1864; x_wconf 87' lang='lat' dir='ltr'>ab</span> <span class='ocrx_word' id='word_1_622' title='bbox 1341 1830 1462 1875; x_wconf 72' lang='lat' dir='ltr'>Euftbio</span> <span class='ocrx_word' id='word_1_623' title='bbox 1476 1830 1619 1864; x_wconf 71' lang='lat' dir='ltr'>adductas</span> <span class='ocrx_word' id='word_1_624' title='bbox 1633 1828 1763 1863; x_wconf 80' lang='lat' dir='ltr'>affirmat</span> 
     </span>
     <span class='ocr_line' id='line_1_102' title="bbox 1011 1878 1764 1928; baseline -0.007 -13"><span class='ocrx_word' id='word_1_625' title='bbox 1011 1880 1220 1928; x_wconf 79' lang='lat' dir='ltr'>supposititias.</span> <span class='ocrx_word' id='word_1_626' title='bbox 1260 1882 1429 1927; x_wconf 86' lang='lat' dir='ltr'>Utcunque</span> <span class='ocrx_word' id='word_1_627' title='bbox 1442 1878 1583 1913; x_wconf 71' lang='lat' dir='ltr'>suffeetus</span> <span class='ocrx_word' id='word_1_628' title='bbox 1602 1878 1764 1926; x_wconf 68' lang='lat' dir='ltr'>‘Philippus</span> 
     </span>
     <span class='ocr_line' id='line_1_103' title="bbox 1012 1927 1765 1976; baseline -0.008 -10"><span class='ocrx_word' id='word_1_629' title='bbox 1012 1931 1027 1966; x_wconf 73' lang='lat' dir='ltr'>a</span> <span class='ocrx_word' id='word_1_630' title='bbox 1035 1931 1202 1966; x_wconf 84' lang='lat' dir='ltr'>Gordiano</span> <span class='ocrx_word' id='word_1_631' title='bbox 1208 1930 1241 1963; x_wconf 90' lang='lat' dir='ltr'>in</span> <span class='ocrx_word' id='word_1_632' title='bbox 1248 1927 1343 1964; x_wconf 88' lang='lat' dir='ltr'>soceri</span> <span class='ocrx_word' id='word_1_633' title='bbox 1355 1927 1567 1976; x_wconf 64' lang='lat' dir='ltr'>praefetffilram</span> <span class='ocrx_word' id='word_1_634' title='bbox 1578 1929 1619 1962; x_wconf 88' lang='lat' dir='ltr'>ita</span> <span class='ocrx_word' id='word_1_635' title='bbox 1631 1940 1696 1962; x_wconf 89' lang='lat' dir='ltr'>rem</span> <span class='ocrx_word' id='word_1_636' title='bbox 1704 1938 1765 1960; x_wconf 88' lang='lat' dir='ltr'>tra-</span> 
     </span>
     <span class='ocr_line' id='line_1_104' title="bbox 1011 1979 1765 2025; baseline -0.009 -9"><span class='ocrx_word' id='word_1_637' title='bbox 1011 1981 1124 2020; x_wconf 62' lang='lat' dir='ltr'>ctavit,</span> <span class='ocrx_word' id='word_1_638' title='bbox 1158 1990 1192 2013; x_wconf 91' lang='lat' dir='ltr'>ut</span> <span class='ocrx_word' id='word_1_639' title='bbox 1210 1980 1359 2013; x_wconf 84' lang='lat' dir='ltr'>exercitus</span> <span class='ocrx_word' id='word_1_640' title='bbox 1378 1979 1515 2025; x_wconf 90' lang='lat' dir='ltr'>inopiam</span> <span class='ocrx_word' id='word_1_641' title='bbox 1534 1987 1765 2011; x_wconf 88' lang='lat' dir='ltr'>commeatuum</span> 
     </span>
     <span class='ocr_line' id='line_1_105' title="bbox 1012 2024 1766 2077; baseline -0.011 -12"><span class='ocrx_word' id='word_1_642' title='bbox 1012 2029 1207 2077; x_wconf 88' lang='lat' dir='ltr'>Imperatoris</span> <span class='ocrx_word' id='word_1_643' title='bbox 1219 2028 1309 2074; x_wconf 63' lang='lat' dir='ltr'>culpa</span> <span class='ocrx_word' id='word_1_644' title='bbox 1321 2037 1437 2073; x_wconf 85' lang='lat' dir='ltr'>putaret</span> <span class='ocrx_word' id='word_1_645' title='bbox 1449 2026 1596 2065; x_wconf 87' lang='lat' dir='ltr'>accidere,</span> <span class='ocrx_word' id='word_1_646' title='bbox 1609 2037 1685 2072; x_wconf 78' lang='lat' dir='ltr'>ergo</span> <span class='ocrx_word' id='word_1_647' title='bbox 1691 2024 1766 2057; x_wconf 80' lang='lat' dir='ltr'>Phi-</span> 
     </span>
     <span class='ocr_line' id='line_1_106' title="bbox 1012 2074 1766 2129; baseline -0.009 -15"><span class='ocrx_word' id='word_1_648' title='bbox 1012 2082 1105 2129; x_wconf 83' lang='lat' dir='ltr'>lippus</span> <span class='ocrx_word' id='word_1_649' title='bbox 1116 2079 1235 2125; x_wconf 81' lang='lat' dir='ltr'>collega</span> <span class='ocrx_word' id='word_1_650' title='bbox 1247 2077 1367 2114; x_wconf 84' lang='lat' dir='ltr'>dicitur,</span> <span class='ocrx_word' id='word_1_651' title='bbox 1377 2076 1426 2110; x_wconf 89' lang='lat' dir='ltr'>hic</span> <span class='ocrx_word' id='word_1_652' title='bbox 1439 2078 1500 2120; x_wconf 84' lang='lat' dir='ltr'>jam</span> <span class='ocrx_word' id='word_1_653' title='bbox 1508 2075 1607 2110; x_wconf 87' lang='lat' dir='ltr'>Caesar</span> <span class='ocrx_word' id='word_1_654' title='bbox 1619 2076 1650 2108; x_wconf 91' lang='lat' dir='ltr'>in</span> <span class='ocrx_word' id='word_1_655' title='bbox 1663 2074 1766 2107; x_wconf 90' lang='lat' dir='ltr'>omni-</span> 
     </span>
     <span class='ocr_line' id='line_1_107' title="bbox 1013 2124 1766 2173; baseline -0.009 -9"><span class='ocrx_word' id='word_1_656' title='bbox 1013 2130 1071 2164; x_wconf 88' lang='lat' dir='ltr'>bus</span> <span class='ocrx_word' id='word_1_657' title='bbox 1084 2128 1250 2163; x_wconf 85' lang='lat' dir='ltr'>Gordiano</span> <span class='ocrx_word' id='word_1_658' title='bbox 1263 2128 1412 2173; x_wconf 89' lang='lat' dir='ltr'>imperare</span> <span class='ocrx_word' id='word_1_659' title='bbox 1426 2150 1435 2164; x_wconf 92' lang='lat'>,</span> <span class='ocrx_word' id='word_1_660' title='bbox 1459 2126 1562 2172; x_wconf 84' lang='lat' dir='ltr'>magni</span> <span class='ocrx_word' id='word_1_661' title='bbox 1576 2124 1669 2158; x_wconf 89' lang='lat' dir='ltr'>animi</span> <span class='ocrx_word' id='word_1_662' title='bbox 1681 2125 1766 2167; x_wconf 80' lang='lat' dir='ltr'>juve-</span> 
     </span>
     <span class='ocr_line' id='line_1_108' title="bbox 1014 2172 1766 2221; baseline -0.012 -8"><span class='ocrx_word' id='word_1_663' title='bbox 1014 2180 1059 2213; x_wconf 92' lang='lat' dir='ltr'>nis</span> <span class='ocrx_word' id='word_1_664' title='bbox 1074 2187 1247 2214; x_wconf 86' lang='lat' dir='ltr'>convocato</span> <span class='ocrx_word' id='word_1_665' title='bbox 1261 2176 1395 2210; x_wconf 86' lang='lat' dir='ltr'>exercitu</span> <span class='ocrx_word' id='word_1_666' title='bbox 1413 2175 1493 2209; x_wconf 84' lang='lat' dir='ltr'>tueri</span> <span class='ocrx_word' id='word_1_667' title='bbox 1507 2174 1544 2208; x_wconf 91' lang='lat' dir='ltr'>de</span> <span class='ocrx_word' id='word_1_668' title='bbox 1562 2173 1700 2221; x_wconf 71' lang='lat' dir='ltr'>“Philippi</span> <span class='ocrx_word' id='word_1_669' title='bbox 1717 2172 1766 2205; x_wconf 86' lang='lat' dir='ltr'>in-</span> 
     </span>
     <span class='ocr_line' id='line_1_109' title="bbox 1014 2221 1890 2266; baseline -0.01 -5"><span class='ocrx_word' id='word_1_670' title='bbox 1014 2227 1166 2266; x_wconf 61' lang='lat' dir='ltr'>solenti53</span> <span class='ocrx_word' id='word_1_671' title='bbox 1190 2237 1295 2261; x_wconf 89' lang='lat' dir='ltr'>verum</span> <span class='ocrx_word' id='word_1_672' title='bbox 1313 2224 1425 2258; x_wconf 87' lang='lat' dir='ltr'>astutus</span> <span class='ocrx_word' id='word_1_673' title='bbox 1449 2222 1548 2256; x_wconf 89' lang='lat' dir='ltr'>Arabs</span> <span class='ocrx_word' id='word_1_674' title='bbox 1566 2222 1606 2256; x_wconf 80' lang='grc' dir='ltr'>εὸ</span> <span class='ocrx_word' id='word_1_675' title='bbox 1627 2221 1765 2255; x_wconf 88' lang='lat' dir='ltr'>Gordia-</span> <span class='ocrx_word' id='word_1_676' title='bbox 1781 2235 1890 2262; x_wconf 64' lang='lat' dir='ltr'>Gordia-</span> 
     </span>
     <span class='ocr_line' id='line_1_110' title="bbox 1013 2270 1910 2322; baseline -0.011 -12"><span class='ocrx_word' id='word_1_677' title='bbox 1013 2288 1087 2310; x_wconf 89' lang='lat' dir='ltr'>num</span> <span class='ocrx_word' id='word_1_678' title='bbox 1095 2275 1195 2322; x_wconf 84' lang='lat' dir='ltr'>adegit</span> <span class='ocrx_word' id='word_1_679' title='bbox 1203 2298 1212 2312; x_wconf 92' lang='lat'>,</span> <span class='ocrx_word' id='word_1_680' title='bbox 1226 2284 1259 2308; x_wconf 92' lang='lat' dir='ltr'>ut</span> <span class='ocrx_word' id='word_1_681' title='bbox 1267 2271 1392 2307; x_wconf 86' lang='lat' dir='ltr'>Caesaris</span> <span class='ocrx_word' id='word_1_682' title='bbox 1403 2273 1495 2306; x_wconf 90' lang='lat' dir='ltr'>titulo</span> <span class='ocrx_word' id='word_1_683' title='bbox 1504 2271 1659 2318; x_wconf 79' lang='lat' dir='ltr'>deposito,</span> <span class='ocrx_word' id='word_1_684' title='bbox 1675 2270 1764 2304; x_wconf 91' lang='lat' dir='ltr'>etiam</span> <span class='ocrx_word' id='word_1_685' title='bbox 1779 2285 1840 2301; x_wconf 79' lang='lat' dir='ltr'>num</span> <span class='ocrx_word' id='word_1_686' title='bbox 1850 2274 1910 2301; x_wconf 79' lang='lat' dir='ltr'>Phi-</span> 
     </span>
     <span class='ocr_line' id='line_1_111' title="bbox 1015 2315 1915 2373; baseline -0.009 -14"><span class='ocrx_word' id='word_1_687' title='bbox 1015 2326 1124 2373; x_wconf 70' lang='lat' dir='ltr'>negata</span> <span class='ocrx_word' id='word_1_688' title='bbox 1137 2321 1317 2371; x_wconf 56' lang='lat' dir='ltr'>praefectura</span> <span class='ocrx_word' id='word_1_689' title='bbox 1329 2322 1468 2357; x_wconf 80' lang='lat' dir='ltr'>Praetorii</span> <span class='ocrx_word' id='word_1_690' title='bbox 1481 2345 1491 2360; x_wconf 90' lang='lat'>,</span> <span class='ocrx_word' id='word_1_691' title='bbox 1513 2321 1597 2354; x_wconf 90' lang='lat' dir='ltr'>ducis</span> <span class='ocrx_word' id='word_1_692' title='bbox 1610 2320 1764 2353; x_wconf 88' lang='lat' dir='ltr'>honorem</span> <span class='ocrx_word' id='word_1_693' title='bbox 1779 2315 1855 2351; x_wconf 62' lang='lat' dir='ltr'>lWPW</span> <span class='ocrx_word' id='word_1_694' title='bbox 1870 2325 1915 2342; x_wconf 62' lang='grc' dir='ltr'>Μ·</span> 
     </span>
     <span class='ocr_line' id='line_1_112' title="bbox 1014 2361 1828 2414; baseline -0.011 -6"><span class='ocrx_word' id='word_1_695' title='bbox 1014 2373 1218 2408; x_wconf 86' lang='lat' dir='ltr'>emendicaret</span> <span class='ocrx_word' id='word_1_696' title='bbox 1230 2371 1353 2408; x_wconf 88' lang='lat' dir='ltr'>frustra,</span> <span class='ocrx_word' id='word_1_697' title='bbox 1366 2371 1488 2403; x_wconf 88' lang='lat' dir='ltr'>tandem</span> <span class='ocrx_word' id='word_1_698' title='bbox 1502 2368 1518 2401; x_wconf 73' lang='lat' dir='ltr'>a</span> <span class='ocrx_word' id='word_1_699' title='bbox 1530 2368 1706 2414; x_wconf 88' lang='lat' dir='ltr'>Philippicis</span> <span class='ocrx_word' id='word_1_700' title='bbox 1720 2366 1765 2401; x_wconf 90' lang='lat' dir='ltr'>est</span> <span class='ocrx_word' id='word_1_701' title='bbox 1779 2361 1828 2381; x_wconf 49' lang='grc' dir='ltr'>ὑπ’</span> 
     </span>
     <span class='ocr_line' id='line_1_113' title="bbox 1014 2416 1766 2467; baseline -0.011 -10"><span class='ocrx_word' id='word_1_702' title='bbox 1014 2432 1136 2456; x_wconf 87' lang='lat' dir='ltr'>necatus</span> <span class='ocrx_word' id='word_1_703' title='bbox 1149 2445 1159 2461; x_wconf 94' lang='lat'>‚</span> <span class='ocrx_word' id='word_1_704' title='bbox 1189 2420 1314 2467; x_wconf 83' lang='lat' dir='ltr'>Imperii</span> <span class='ocrx_word' id='word_1_705' title='bbox 1331 2417 1435 2457; x_wconf 79' lang='lat' dir='ltr'>sexto,</span> <span class='ocrx_word' id='word_1_706' title='bbox 1469 2417 1562 2451; x_wconf 80' lang='lat' dir='ltr'>aetatis</span> <span class='ocrx_word' id='word_1_707' title='bbox 1586 2416 1709 2451; x_wconf 89' lang='lat' dir='ltr'>decimo</span> <span class='ocrx_word' id='word_1_708' title='bbox 1727 2429 1766 2450; x_wconf 94' lang='lat'>0-</span> 
     </span>
    </p>

    <p class='ocr_par' dir='ltr' id='par_1_17' title="bbox 1014 2472 1116 2506">
     <span class='ocr_line' id='line_1_114' title="bbox 1014 2472 1116 2506; baseline -0.029 0"><span class='ocrx_word' id='word_1_709' title='bbox 1014 2472 1116 2506; x_wconf 54' lang='lat' dir='ltr'>(ssavo.</span> 
     </span>
    </p>

    <p class='ocr_par' dir='ltr' id='par_1_18' title="bbox 1010 2514 1920 3106">
     <span class='ocr_line' id='line_1_115' title="bbox 1060 2514 1916 2566; baseline -0.012 -12"><span class='ocrx_word' id='word_1_710' title='bbox 1060 2520 1216 2566; x_wconf 89' lang='lat' dir='ltr'>Philippus</span> <span class='ocrx_word' id='word_1_711' title='bbox 1233 2520 1404 2564; x_wconf 86' lang='lat' dir='ltr'>Imperator</span> <span class='ocrx_word' id='word_1_712' title='bbox 1420 2514 1578 2550; x_wconf 82' lang='lat' dir='ltr'>vicefimus</span> <span class='ocrx_word' id='word_1_713' title='bbox 1598 2527 1698 2548; x_wconf 91' lang='lat' dir='ltr'>nonus</span> <span class='ocrx_word' id='word_1_714' title='bbox 1718 2527 1765 2549; x_wconf 83' lang='lat' dir='ltr'>ar-</span> <span class='ocrx_word' id='word_1_715' title='bbox 1777 2518 1916 2556; x_wconf 78' lang='lat' dir='ltr'>Philippum</span> 
     </span>
     <span class='ocr_line' id='line_1_116' title="bbox 1014 2558 1920 2612; baseline -0.011 -8"><span class='ocrx_word' id='word_1_716' title='bbox 1014 2570 1090 2604; x_wconf 91' lang='lat' dir='ltr'>dore</span> <span class='ocrx_word' id='word_1_717' title='bbox 1106 2566 1221 2602; x_wconf 90' lang='lat' dir='ltr'>visendi</span> <span class='ocrx_word' id='word_1_718' title='bbox 1235 2565 1315 2600; x_wconf 88' lang='lat' dir='ltr'>suam</span> <span class='ocrx_word' id='word_1_719' title='bbox 1328 2567 1466 2599; x_wconf 82' lang='lat' dir='ltr'>Romam</span> <span class='ocrx_word' id='word_1_720' title='bbox 1485 2558 1813 2612; x_wconf 58' lang='lat' dir='ltr'>Mesopotamiamsm&#39;</span> <span class='ocrx_word' id='word_1_721' title='bbox 1832 2558 1920 2587; x_wconf 48' lang='lat' dir='ltr'>mmm</span> 
     </span>
     <span class='ocr_line' id='line_1_117' title="bbox 1014 2612 1766 2668; baseline -0.005 -16"><span class='ocrx_word' id='word_1_722' title='bbox 1014 2624 1045 2655; x_wconf 90' lang='lat'>&amp;</span> <span class='ocrx_word' id='word_1_723' title='bbox 1057 2621 1175 2668; x_wconf 78' lang='lat' dir='ltr'>Syriam</span> <span class='ocrx_word' id='word_1_724' title='bbox 1188 2615 1282 2651; x_wconf 87' lang='lat' dir='ltr'>Perfis</span> <span class='ocrx_word' id='word_1_725' title='bbox 1295 2615 1400 2661; x_wconf 64' lang='lat' dir='ltr'>paetus</span> <span class='ocrx_word' id='word_1_726' title='bbox 1417 2613 1460 2648; x_wconf 90' lang='lat' dir='ltr'>est</span> <span class='ocrx_word' id='word_1_727' title='bbox 1472 2638 1480 2650; x_wconf 91' lang='lat'>‚</span> <span class='ocrx_word' id='word_1_728' title='bbox 1501 2612 1550 2648; x_wconf 86' lang='lat' dir='ltr'>sed</span> <span class='ocrx_word' id='word_1_729' title='bbox 1564 2614 1677 2647; x_wconf 83' lang='lat' dir='ltr'>Romae</span> <span class='ocrx_word' id='word_1_730' title='bbox 1691 2626 1766 2660; x_wconf 89' lang='lat' dir='ltr'>pro-</span> 
     </span>
     <span class='ocr_line' id='line_1_118' title="bbox 1013 2661 1765 2703; baseline -0.007 -1"><span class='ocrx_word' id='word_1_731' title='bbox 1013 2668 1180 2703; x_wconf 87' lang='lat' dir='ltr'>vinciarum</span> <span class='ocrx_word' id='word_1_732' title='bbox 1193 2665 1407 2699; x_wconf 86' lang='lat' dir='ltr'>alienationem</span> <span class='ocrx_word' id='word_1_733' title='bbox 1426 2662 1504 2697; x_wconf 74' lang='lat' dir='ltr'>male</span> <span class='ocrx_word' id='word_1_734' title='bbox 1517 2663 1618 2696; x_wconf 87' lang='lat' dir='ltr'>audire</span> <span class='ocrx_word' id='word_1_735' title='bbox 1636 2661 1765 2697; x_wconf 87' lang='lat' dir='ltr'>sentiens</span> 
     </span>
     <span class='ocr_line' id='line_1_119' title="bbox 1013 2712 1763 2752; baseline -0.009 0"><span class='ocrx_word' id='word_1_736' title='bbox 1013 2716 1109 2752; x_wconf 83' lang='lat' dir='ltr'>Perfis</span> <span class='ocrx_word' id='word_1_737' title='bbox 1123 2716 1240 2750; x_wconf 88' lang='lat' dir='ltr'>bellum</span> <span class='ocrx_word' id='word_1_738' title='bbox 1257 2727 1297 2749; x_wconf 86' lang='lat' dir='ltr'>eo</span> <span class='ocrx_word' id='word_1_739' title='bbox 1310 2714 1438 2747; x_wconf 89' lang='lat' dir='ltr'>nomine</span> <span class='ocrx_word' id='word_1_740' title='bbox 1454 2713 1577 2751; x_wconf 88' lang='lat' dir='ltr'>indicit,</span> <span class='ocrx_word' id='word_1_741' title='bbox 1598 2724 1701 2746; x_wconf 91' lang='lat' dir='ltr'>verum</span> <span class='ocrx_word' id='word_1_742' title='bbox 1714 2712 1763 2746; x_wconf 83' lang='lat' dir='ltr'>isti</span> 
     </span>
     <span class='ocr_line' id='line_1_120' title="bbox 1011 2759 1762 2811; baseline -0.008 -10"><span class='ocrx_word' id='word_1_743' title='bbox 1011 2766 1151 2801; x_wconf 90' lang='lat' dir='ltr'>nondum</span> <span class='ocrx_word' id='word_1_744' title='bbox 1170 2764 1256 2811; x_wconf 66' lang='lat' dir='ltr'>ruptzi</span> <span class='ocrx_word' id='word_1_745' title='bbox 1273 2776 1346 2810; x_wconf 90' lang='lat' dir='ltr'>pace</span> <span class='ocrx_word' id='word_1_746' title='bbox 1364 2762 1533 2809; x_wconf 89' lang='lat' dir='ltr'>provincias</span> <span class='ocrx_word' id='word_1_747' title='bbox 1551 2759 1657 2808; x_wconf 88' lang='lat' dir='ltr'>sponte</span> <span class='ocrx_word' id='word_1_748' title='bbox 1674 2761 1762 2795; x_wconf 90' lang='lat' dir='ltr'>resti-</span> 
     </span>
     <span class='ocr_line' id='line_1_121' title="bbox 1012 2810 1760 2860; baseline -0.012 -11"><span class='ocrx_word' id='word_1_749' title='bbox 1012 2826 1120 2850; x_wconf 90' lang='lat' dir='ltr'>tuunt:</span> <span class='ocrx_word' id='word_1_750' title='bbox 1138 2814 1242 2847; x_wconf 90' lang='lat' dir='ltr'>Gothi</span> <span class='ocrx_word' id='word_1_751' title='bbox 1260 2824 1302 2846; x_wconf 66' lang='lat' dir='ltr'>‘ex</span> <span class='ocrx_word' id='word_1_752' title='bbox 1320 2810 1439 2860; x_wconf 59' lang='lat' dir='ltr'>Scythia*</span> <span class='ocrx_word' id='word_1_753' title='bbox 1457 2811 1621 2844; x_wconf 78' lang='lat' dir='ltr'>Thraciam</span> <span class='ocrx_word' id='word_1_754' title='bbox 1633 2814 1664 2845; x_wconf 88' lang='lat'>&amp;</span> <span class='ocrx_word' id='word_1_755' title='bbox 1683 2813 1760 2859; x_wconf 80' lang='lat' dir='ltr'>My-</span> 
     </span>
     <span class='ocr_line' id='line_1_122' title="bbox 1010 2857 1760 2906; baseline -0.004 -9"><span class='ocrx_word' id='word_1_756' title='bbox 1010 2866 1083 2906; x_wconf 79' lang='lat' dir='ltr'>fiam</span> <span class='ocrx_word' id='word_1_757' title='bbox 1096 2860 1310 2903; x_wconf 86' lang='lat' dir='ltr'>transcurrunt,</span> <span class='ocrx_word' id='word_1_758' title='bbox 1323 2864 1470 2894; x_wconf 66' lang='lat' dir='ltr'>Marinus</span> <span class='ocrx_word' id='word_1_759' title='bbox 1483 2860 1592 2906; x_wconf 89' lang='lat' dir='ltr'>lllyrici</span> <span class='ocrx_word' id='word_1_760' title='bbox 1598 2857 1760 2894; x_wconf 67' lang='lat' dir='ltr'>Praefeetus</span> 
     </span>
     <span class='ocr_line' id='line_1_123' title="bbox 1013 2908 1762 2956; baseline -0.004 -9"><span class='ocrx_word' id='word_1_761' title='bbox 1013 2923 1119 2948; x_wconf 90' lang='lat' dir='ltr'>contra</span> <span class='ocrx_word' id='word_1_762' title='bbox 1132 2912 1278 2951; x_wconf 91' lang='lat' dir='ltr'>mittitur,</span> <span class='ocrx_word' id='word_1_763' title='bbox 1289 2911 1340 2945; x_wconf 89' lang='lat' dir='ltr'>hic</span> <span class='ocrx_word' id='word_1_764' title='bbox 1349 2910 1680 2956; x_wconf 79' lang='lat' dir='ltr'>sedicitlmperatorem</span> <span class='ocrx_word' id='word_1_765' title='bbox 1689 2933 1698 2949; x_wconf 90' lang='lat'>,</span> <span class='ocrx_word' id='word_1_766' title='bbox 1712 2908 1762 2944; x_wconf 90' lang='lat' dir='ltr'>sed</span> 
     </span>
     <span class='ocr_line' id='line_1_124' title="bbox 1014 2957 1763 3010; baseline -0.005 -15"><span class='ocrx_word' id='word_1_767' title='bbox 1014 2961 1083 3010; x_wconf 89' lang='lat' dir='ltr'>post</span> <span class='ocrx_word' id='word_1_768' title='bbox 1098 2961 1215 3009; x_wconf 87' lang='lat' dir='ltr'>aliquot</span> <span class='ocrx_word' id='word_1_769' title='bbox 1227 2961 1290 2995; x_wconf 89' lang='lat' dir='ltr'>dies</span> <span class='ocrx_word' id='word_1_770' title='bbox 1303 2962 1319 2995; x_wconf 69' lang='lat' dir='ltr'>a</span> <span class='ocrx_word' id='word_1_771' title='bbox 1331 2959 1387 2994; x_wconf 84' lang='lat' dir='ltr'>suis</span> <span class='ocrx_word' id='word_1_772' title='bbox 1405 2970 1537 2993; x_wconf 86' lang='lat' dir='ltr'>necatur.</span> <span class='ocrx_word' id='word_1_773' title='bbox 1569 2957 1679 2993; x_wconf 68' lang='lat' dir='ltr'>Postea</span> <span class='ocrx_word' id='word_1_774' title='bbox 1691 2960 1763 2992; x_wconf 87' lang='lat' dir='ltr'>‘De-</span> 
     </span>
     <span class='ocr_line' id='line_1_125' title="bbox 1014 3008 1763 3054; baseline -0.007 -9"><span class='ocrx_word' id='word_1_775' title='bbox 1014 3015 1076 3046; x_wconf 79' lang='lat' dir='ltr'>cius</span> <span class='ocrx_word' id='word_1_776' title='bbox 1088 3011 1133 3045; x_wconf 91' lang='lat' dir='ltr'>vir</span> <span class='ocrx_word' id='word_1_777' title='bbox 1147 3008 1309 3044; x_wconf 84' lang='lat' dir='ltr'>consularis</span> <span class='ocrx_word' id='word_1_778' title='bbox 1323 3009 1451 3043; x_wconf 85' lang='lat' dir='ltr'>mittitur</span> <span class='ocrx_word' id='word_1_779' title='bbox 1465 3008 1501 3042; x_wconf 87' lang='lat' dir='ltr'>ad</span> <span class='ocrx_word' id='word_1_780' title='bbox 1514 3008 1696 3048; x_wconf 84' lang='lat' dir='ltr'>exercitum,</span> <span class='ocrx_word' id='word_1_781' title='bbox 1709 3008 1763 3054; x_wconf 83' lang='lat' dir='ltr'>qui</span> 
     </span>
     <span class='ocr_line' id='line_1_126' title="bbox 1014 3056 1763 3106; baseline -0.008 -10"><span class='ocrx_word' id='word_1_782' title='bbox 1014 3058 1151 3096; x_wconf 89' lang='lat' dir='ltr'>conscius</span> <span class='ocrx_word' id='word_1_783' title='bbox 1159 3060 1233 3106; x_wconf 93' lang='lat' dir='ltr'>quid</span> <span class='ocrx_word' id='word_1_784' title='bbox 1240 3060 1271 3092; x_wconf 89' lang='lat' dir='ltr'>in</span> <span class='ocrx_word' id='word_1_785' title='bbox 1284 3058 1457 3104; x_wconf 87' lang='lat' dir='ltr'>Philippum</span> <span class='ocrx_word' id='word_1_786' title='bbox 1467 3059 1526 3101; x_wconf 79' lang='lat' dir='ltr'>jam</span> <span class='ocrx_word' id='word_1_787' title='bbox 1534 3056 1691 3091; x_wconf 77' lang='lat' dir='ltr'>admisisset</span> <span class='ocrx_word' id='word_1_788' title='bbox 1698 3060 1763 3091; x_wconf 82' lang='lat' dir='ltr'>De-</span> 
     </span>
    </p>
   </div>
   <div class='ocr_carea' id='block_1_9' title="bbox 992 1273 1002 3170">
    <p class='ocr_par' dir='ltr' id='par_1_19' title="bbox 992 1273 1002 3170">
     <span class='ocr_line' id='line_1_127' title="bbox 992 1273 1002 3170; baseline 0 0"><span class='ocrx_word' id='word_1_789' title='bbox 992 1273 1002 3170; x_wconf 95' lang='lat' dir='ltr'> </span> 
     </span>
    </p>
   </div>
   <div class='ocr_carea' id='block_1_10' title="bbox 1015 3106 1764 3155">
    <p class='ocr_par' dir='ltr' id='par_1_20' title="bbox 1015 3106 1764 3155">
     <span class='ocr_line' id='line_1_128' title="bbox 1015 3106 1764 3155; baseline -0.005 -12"><span class='ocrx_word' id='word_1_790' title='bbox 1015 3114 1096 3143; x_wconf 84' lang='lat' dir='ltr'>cium</span> <span class='ocrx_word' id='word_1_791' title='bbox 1108 3109 1193 3155; x_wconf 86' lang='lat' dir='ltr'>cogit</span> <span class='ocrx_word' id='word_1_792' title='bbox 1206 3108 1372 3154; x_wconf 86' lang='lat' dir='ltr'>Imperium</span> <span class='ocrx_word' id='word_1_793' title='bbox 1385 3107 1524 3153; x_wconf 87' lang='lat' dir='ltr'>arripere.</span> <span class='ocrx_word' id='word_1_794' title='bbox 1550 3108 1666 3139; x_wconf 74' lang='lat' dir='ltr'>Decius</span> <span class='ocrx_word' id='word_1_795' title='bbox 1678 3106 1764 3151; x_wconf 89' lang='lat' dir='ltr'>jubet</span> 
     </span>
    </p>
   </div>
   <div class='ocr_carea' id='block_1_11' title="bbox 1017 3153 1767 3251">
    <p class='ocr_par' dir='ltr' id='par_1_21' title="bbox 1017 3153 1767 3251">
     <span class='ocr_line' id='line_1_129' title="bbox 1017 3153 1767 3206; baseline -0.008 -13"><span class='ocrx_word' id='word_1_796' title='bbox 1017 3159 1197 3206; x_wconf 88' lang='lat' dir='ltr'>Philippum</span> <span class='ocrx_word' id='word_1_797' title='bbox 1209 3156 1266 3204; x_wconf 80' lang='lat' dir='ltr'>effe</span> <span class='ocrx_word' id='word_1_798' title='bbox 1280 3154 1434 3192; x_wconf 84' lang='lat' dir='ltr'>securum,</span> <span class='ocrx_word' id='word_1_799' title='bbox 1449 3168 1519 3191; x_wconf 86' lang='lat' dir='ltr'>nam</span> <span class='ocrx_word' id='word_1_800' title='bbox 1533 3153 1560 3191; x_wconf 91' lang='lat' dir='ltr'>se</span> <span class='ocrx_word' id='word_1_801' title='bbox 1571 3156 1767 3193; x_wconf 88' lang='lat' dir='ltr'>invitumim-</span> 
     </span>
     <span class='ocr_line' id='line_1_130' title="bbox 1395 3205 1765 3251; baseline -0.011 -10"><span class='ocrx_word' id='word_1_802' title='bbox 1395 3207 1427 3241; x_wconf 93' lang='lat' dir='ltr'><em>D</em></span> <span class='ocrx_word' id='word_1_803' title='bbox 1441 3205 1463 3238; x_wconf 85' lang='lat' dir='ltr'>cl</span> <span class='ocrx_word' id='word_1_804' title='bbox 1652 3215 1765 3251; x_wconf 62' lang='lat' dir='ltr'>peram,</span> 
     </span>
    </p>
   </div>
  </div>
 </body>
</html>
