2048 3343
269 116 345 145 132
609 101 937 149 OP4ER1S

266 175 428 210 maximus
439 170 584 217 undique
604 169 855 207 fortiffimorum
876 174 1022 208 militum

267 235 440 259 numerus:
468 223 549 268 quin
560 225 591 256 &
604 222 782 256 amicitiam
796 225 938 270 amplexi
950 223 1022 258 sunt

267 287 335 309 non
347 275 465 319 Spartae
477 269 581 306 solum
594 269 647 306 sed
660 274 757 307 etiam
768 272 916 311 Athenae‚
928 273 1024 320 usque

270 323 352 358 adeo
362 323 443 357 sacra
452 320 495 356 est
506 322 572 356 auri
583 319 696 356 fames.
723 320 822 356 Certe
835 335 904 357 non
912 321 1021 358 defue-

271 386 302 407 re
314 370 535 407 Phocenfibus
547 370 584 406 ad
593 371 669 406 belli
679 371 776 420 usque
788 370 888 406 finem
901 373 951 407 vel
964 374 1021 406 rni-

270 421 344 456 lites
360 421 409 456 vel
433 418 532 461 socii,
563 421 728 468 ,quamdiu
763 421 913 457 remansit
941 421 1023 469 apud

273 470 458 519 eApollinem
469 469 558 518 quod
568 470 753 506 donaretur.
1002 518 1005 522 ι

319 520 392 555 Post
405 523 508 554 Locros
519 517 673 555 Thebani
685 520 888 568 susceperunt
903 517 1023 565 Apolli-

113 238 232 270 Atheni-

112 281 175 314 enses
184 289 217 309 ω’

113 319 234 358 Spart-mi

112 362 235 398 aurifiame

108 403 238 439 sacrilego-

113 443 228 480 rnmsotii

108 485 184 520 finnt.

132 535 148 561 Ι]
178 537 220 561 αι’

110 535 241 618 ΞὲῗΡῖἱ-
269 570 310 603 nis
335 569 431 604 hosce
450 571 620 605 violatores
637 572 794 616 extirpare
808 594 817 608 ‚
842 569 957 602 multas
980 566 1024 601 illi

109 623 205 658 lippum
269 619 401 666 quidem
416 621 596 654 intulerunt
618 617 709 652 fimul
731 616 849 663 &paffi
870 615 1021 662 suntcla-

112 660 236 708 Macgda-
272 669 338 708 des,
353 670 458 705 varios
469 666 684 703 Phoccnfium
698 670 911 711 Imperatores
922 667 1023 702 sustu-

111 714 206 748 ²¹³''¹¹'².
230 744 234 749 .
268 718 330 753 lere
343 732 350 752 :
362 717 416 753 sed
428 721 453 753 is
466 714 695 752 continuofuit
706 714 744 748 ad
755 715 902 763 Apollinis
911 729 1023 750 aurum

110 745 244 812 „Zpgtllpm
269 781 434 803 novorum
454 768 594 800 militum
607 763 799 805 confluxus,
821 776 856 798 ut
870 765 1025 799 Thebani

103 794 230 853 {inamati-
270 817 290 851 si
305 830 372 852 non
390 815 481 850 fraffi
495 840 503 852 ‚
524 813 609 848 certe
627 812 754 861 fatigati
775 815 902 861 penitus
919 838 928 853 ,
955 814 1025 861 post

110 875 206 894 vocant.
267 866 437 899 oc0cennale
456 864 521 899 fine
544 863 704 898 omnibus
724 863 861 899 induciis
881 862 1005 898 bellum
1019 887 1027 900 ‚

270 916 374 948 coacti
390 914 449 949 lint
461 915 492 949 in
505 911 628 960 Philippi
641 912 816 948 Macedonis
828 926 942 948 manus
954 914 1025 947 vin-

266 964 365 998 dicias
375 963 550 1011 deponere,
561 962 670 1010 aperte
683 962 738 997 fibi
753 960 904 998 sumente
917 962 1028 1010 Spart&

267 1013 486 1049 Phocenlium
499 1014 733 1059 patrocinium.

108 1066 240 1104 Philippus
316 1061 443 1112 Philippi
458 1061 648 1111 dignissima
665 1061 709 1096 est
721 1072 791 1109 quse
807 1061 1026 1097 consideretur

106 1110 214 1145 lllyriro-
268 1111 398 1147 historia
408 1138 417 1153 ‚
431 1123 504 1147 ante
515 1125 589 1147 eum
603 1113 744 1161 Regem,
754 1111 958 1146 Macedoniae
970 1112 1025 1146 de—

107 1148 237 1216 mmgl'e‘
268 1162 511 1208 spicatiffimum
528 1161 592 1197 fuit
608 1175 745 1210 regnum
757 1186 765 1198 ‚
783 1162 902 1196 limites
922 1174 1021 1210 angu-

107 1190 216 1259 lgsjmfis
267 1211 390 1247 stiffimi
402 1238 411 1253 ‚
429 1214 573 1247 minimae
586 1213 667 1247 vires
680 1235 690 1248 ‚
706 1212 913 1259 Regulorum‘
929 1212 1024 1258 pluri-

105 1241 237 1306 niiidaeso.
268 1273 320 1295 ma
340 1261 521 1308 parricidia.
554 1262 602 1296 Ex
623 1265 760 1305 Amyntae
780 1260 857 1295 filiis
879 1257 1025 1308 Philippus

109 1311 236 1351 daltsfuit.
265 1322 396 1358 quartus
417 1309 479 1346 fuit
496 1337 505 1350 ,
533 1311 584 1345 sed
603 1309 754 1345 fratribus
773 1309 885 1345 mutual
912 1308 1024 1345 fraude

265 1361 418 1401 inhiatis,
438 1360 476 1395 ad
496 1374 572 1395 eum
589 1362 736 1408 pervenit
749 1363 857 1406 patriae
869 1361 1022 1407 regimen.

262 1408 345 1449 Late
374 1421 444 1445 tum
480 1409 712 1445 dominabatur
744 1409 810 1445 fera
834 1411 1020 1454 lllyriorum

262 1471 344 1505 gens
362 1483 371 1495 ‚
393 1459 450 1507 ipsi
471 1459 635 1494 tributum
660 1459 848 1508 pendebant
875 1457 1022 1507 plerique

263 1508 412 1543 Thraciae
423 1510 567 1556 Reguli,
586 1512 621 1543 &
640 1510 726 1544 inter
741 1520 874 1544 caeteros
891 1509 1021 1544 Macedo

263 1558 358 1591 variis
384 1558 530 1594 devietus
558 1558 685 1605 praeliis.
721 1557 899 1594 Habebant
925 1560 1020 1606 Illyrii

261 1604 428 1654 Philippum
463 1607 672 1643 Macedonici
707 1606 826 1643 tributi
851 1606 1020 1647 obsidem,

261 1655 363 1696 hunc,
379 1657 458 1691 dum
470 1657 609 1692 ineunda
622 1657 695 1704 ipsis
711 1655 782 1692 effer
794 1671 869 1692 cum
880 1657 1019 1693 Theba-

261 1707 311 1740 nis
320 1719 377 1752 pax
393 1731 402 1746 ,
418 1705 592 1754 deposuere
601 1706 743 1753 Thebis.
770 1706 926 1742 Thebani
937 1721 1017 1755 pue-

261 1768 334 1789 rum
354 1755 515 1804 hospitem
530 1756 733 1792 educandum
753 1756 954 1801 tradiderunt
974 1761 1017 1792 E-

254 1804 434 1851 paminondae
449 1809 531 1854 patri
549 1820 557 1841 :
593 1807 646 1842 hic
665 1805 832 1854 Philippum
849 1809 969 1853 pariter
987 1811 1017 1844 &

259 1855 486 1901 Epaminondam
496 1854 700 1904 Pythagoreo
709 1856 837 1890 cuidam
850 1856 1021 1892 instituen-

262 1904 324 1937 dos
336 1905 515 1940 commisit.
542 1908 577 1938 In
592 1905 650 1940 hac
665 1903 848 1940 Schola‘iista
859 1907 1018 1951 virtutum

260 1955 423 2001 principia
434 1952 596 1988 imbibere
609 1956 752 2002 pueruli,
764 1968 833 2002 quae
847 1967 1021 2006 utrumque

260 2003 294 2036 in
309 2005 492 2038 maximum
502 2004 546 2037 sui
556 2002 655 2038 seculi
667 2006 770 2039 virum
782 2018 929 2040 evexere.

103 2066 225 2097 Macedo·
310 2053 513 2088 Macedoniae
541 2054 698 2102 Regnum
724 2057 760 2089 in
782 2053 813 2089 se
833 2057 1024 2094 minimum,

101 2110 232 2145 ammiser-
261 2102 386 2135 cunetis
406 2101 545 2137 fortunae
573 2104 666 2137 malis
694 2104 870 2152 quassatum
896 2108 1021 2153 accepit

100 2160 188 2178 rzmum
260 2146 410 2197 Philippus
431 2165 443 2184 .-
476 2165 575 2199 quem
600 2165 702 2187 unum
735 2153 794 2188 fibi
821 2155 1020 2202 reliquerant

98 2194 206 2237 Regnum
259 2195 392 2233 fratrem
404 2199 592 2235 domesticae
603 2213 734 2241 manus,
749 2202 836 2236 hunc
846 2203 885 2237 de
895 2204 1019 2239 throno

98 2234 218 2287 mbflorsm.
259 2246 352 2282 fimul
364 2251 397 2282 &
410 2247 473 2282 vitai
484 2260 657 2284 moverunt
667 2251 779 2296 Illyrii.
796 2252 1019 2296 Pauffiniaecui-

98 2275 216 2340 ἶῑῖηίῖζ
258 2296 330 2331 dam
362 2299 442 2345 regii
467 2299 594 2346 generis
614 2300 728 2344 juveni
748 2299 928 2334 conabatur
946 2301 1017 2335 Rex

100 2362 178 2382 vexa.
258 2345 426 2381 Thracum
456 2348 657 2392 Macedoniae
682 2348 840 2395 sceptrum
860 2349 942 2384 dare.
968 2352 1017 2384 A-

258 2394 443 2431 thenienses
455 2395 542 2432 suam
558 2410 691 2445 operam
704 2397 744 2433 ad
757 2399 1015 2446 comparandum

255 2458 396 2493 regnum
414 2447 606 2493 praestabant
618 2450 743 2500 eArgaeo
755 2472 764 2485 ‚
776 2450 930 2497 quicquid
941 2450 1015 2496 ipsis

255 2495 499 2531 Macedonibus
511 2494 573 2531 fuit
585 2499 702 2532 virium
716 2498 826 2533 crebra
838 2498 921 2533 bella
932 2512 1012 2534 con-

253 2546 426 2579 triverunt.
454 2543 604 2593 Philippus
621 2545 805 2582 adolescens
823 2548 1014 2583 morabatur

254 2593 382 2628 Thebis
407 2604 606 2630 tantumnon
626 2598 798 2643 captivus3
823 2597 930 2632 exhac
942 2599 1013 2632 Ilia-

254 2642 292 2676 de
302 2644 465 2678 malorum
474 2645 582 2678 divina
594 2647 697 2679 virum
708 2648 790 2680 eruit
799 2647 1013 2692 providentia.

252 2691 399 2739 Acceptfi
410 2691 516 2728 fratris
532 2706 635 2728 morte
652 2693 735 2728 clam
757 2693 842 2741 fugit
854 2695 987 2730 Thebis
1002 2721 1012 2737 ‚

254 2753 289 2774 ut
308 2743 341 2775 in
358 2743 589 2778 Macedoniam
607 2745 697 2778 venit
710 2768 721 2784 ,
746 2743 904 2779 obrutum
918 2747 1010 2780 malis

252 2791 412 2837 populum
430 2792 655 2841 frequentibus
667 2794 873 2829 orationibus
885 2796 985 2830 erexit
998 2820 1008 2836 ,

252 2838 416 2875 assuefecit
438 2842 606 2877 Thebana:
632 2844 665 2877 in
691 2842 783 2877 bellis
809 2842 986 2892 disciplinae
998 2870 1007 2882 ‚

250 2891 436 2926 minoribus
449 2892 589 2939 primum
607 2893 723 2939 praeliis
734 2905 888 2928 exercens
899 2919 909 2935 ,
927 2907 1004 2929 mox

251 2937 497 2976 Macedonicam
510 2942 647 2977 instituit
664 2941 863 2990 phalangem
877 2968 886 2980 ,
911 2948 1004 2990 cujus

251 2987 365 3023 virtute
394 3002 465 3025 tota
494 2991 690 3026 Macedonia
710 2995 854 3039 propulit
880 2993 985 3037 Illyrios
996 3019 1005 3035 ,

252 3035 432 3080 *Pausaniam
459 3045 490 3075 δέ
510 3038 634 3075 ‘Thracas
652 3042 789 3089 placavit
813 3043 908 3077 donis
924 3067 934 3083 ,
963 3042 1005 3077 ab

251 3143 368 3165 corum
403 3138 563 3172 coloniam
601 3141 820 3189 Amphipolin
856 3142 1003 3177 libertate

250 3178 334 3222 frui;
360 3182 498 3231 denique
516 3188 547 3221 in
564 3192 675 3235 paucis·
695 3192 788 3226 annis
805 3204 903 3238 quam
917 3191 1001 3227 affli-

1001 102 1480 146 HtsToRret

1077 174 1245 210 &iffimam
1257 188 1424 224 acceperat
1441 179 1674 215 Macedoniam
1687 206 1697 222 ,
1715 182 1756 217 ad
1770 182 1832 218 fio·-

1078 228 1175 261 rentis
1189 225 1328 261 fortuna:
1351 228 1481 262 culmen
1502 232 1608 266 evexit
1625 245 1633 264 :
1662 234 1694 266 vi
1714 236 1747 267 δι
1766 244 1834 270 arte

1079 276 1241 323 plerasque
1259 277 1468 312 circumcirca
1479 286 1592 326 gentes
1603 280 1737 326 pristino
1750 282 1837 327 adje-

1079 327 1251 373 citRegno
1265 353 1272 360 .
1293 328 1370 360 &in
1381 326 1432 361 his
1444 329 1576 363 cunetas
1594 329 1674 375 pene
1688 332 1836 367 civitates

1079 375 1112 407 in
1124 372 1259 413 Thracii,
1271 373 1452 423 Cherfimefiz,
1465 381 1499 413 &
1515 381 1618 411 ‘Ptema
1628 405 1636 418 ,
1649 379 1687 413 de
1695 392 1835 426 quarum
1861 392 1864 394 ’

1080 424 1217 469 imperio
1236 426 1359 459 multos
1379 430 1499 462 cruoris
1521 429 1610 462 rivos
1629 429 1706 462 cum
1729 430 1834 466 Athe-

1080 484 1126 555 3ae
1141 483 1212 506 tum
1233 475 1364 521 Sparta,
1385 477 1456 524 post
1468 488 1618 524 tempora
1627 480 1731 513 Xerxis
1748 481 1834 516 effu·

1104 533 1208 556 crant.

1132 573 1234 605 Variis
1269 571 1484 607 Demosthenes
1525 585 1634 609 orator
1666 573 1835 614 inveffivis
1853 579 1949 608 Aureo

1081 619 1314 656 Atheniensem
1336 624 1494 670 populum
1508 623 1541 656 in
1560 623 1735 673 Philippum
1751 640 1834 667 conr
1847 619 1980 667 septaris·

1080 672 1177 711 civit,
1197 670 1246 707 sed
1258 670 1373 706 frustra
1388 673 1498 709 omnis
1514 685 1651 708 conatus
1665 688 1779 712 contra
1789 680 1835 712 vi-
1852 668 1970 690 temmn-

1079 732 1151 754 rum
1166 746 1175 761 ,
1195 734 1293 768 quem
1313 722 1502 768 plenissimis
1514 725 1591 758 velis
1602 737 1675 759 aura
1694 725 1835 763 fortunae
1849 743 1992 778 cessubrue-

1081 773 1214 810 (revera
1228 772 1452 817 providentiae)
1474 773 1660 820 impellebat
1672 776 1710 810 ad
1727 779 1835 812 maxi·
1853 783 1904 813 bat.

1081 830 1142 851 ma.
1178 820 1292 853 Aureis
1312 822 1462 856 utebatur
1481 819 1664 870 frequenter
1686 823 1835 874 Philippus

1078 867 1184 905 armis,
1202 866 1222 901 si
1234 880 1303 912 quae
1314 872 1437 904 moenia
1449 871 1572 906 balistas
1585 877 1618 907 ὅ(
1635 873 1749 911 bellica
1760 869 1834 911 tor-¹-

1081 927 1193 951 menta
1203 914 1346 951 tulissent
1357 944 1365 957 ‚
1379 917 1502 959 asinum
1515 922 1669 958 onustum
1684 938 1763 961 auro
1776 926 1834 961 ista.

1077 964 1377 1010 jubebatarietare:
1403 968 1449 1002 Ea
1466 979 1536 1003 tum
1559 969 1753 1009 Graecorum
1772 974 1836 1010 fuit

1079 1015 1264 1061 φιλαργυρία
1276 1041 1286 1055 ,
1308 1018 1387 1051 utin
1404 1020 1498 1055 omni
1513 1020 1642 1054 civitate
1652 1025 1839 1068 reperiren-

1080 1077 1129 1100 tur
1140 1067 1195 1112 qui
1208 1067 1344 1113 patriam
1356 1080 1435 1102 auro
1445 1069 1567 1104 vellent
1579 1071 1706 1107 licitari.
1735 1072 1837 1110 Certe

1082 1112 1225 1162 Philippus
1236 1128 1293 1163 per
1304 1117 1431 1152 virtu'tis
1442 1121 1473 1152 &
1483 1123 1625 1165 pecuniae
1639 1122 1705 1155 vim
1717 1122 1757 1157 ad
1766 1134 1839 1157 tan-

1079 1175 1148 1198 tum
1174 1168 1326 1212 potentiae
1348 1169 1516 1214 pervenit,
1540 1181 1574 1203 ut
1592 1171 1835 1217 acceptantibus

1076 1213 1114 1248 de
1128 1228 1225 1249 manu
1239 1215 1453 1251 Phocenfium
1475 1218 1638 1264 Spartanis
1658 1220 1836 1269 sacrilego-

1077 1277 1149 1298 rum
1170 1265 1422 1300 latrociniorum
1441 1270 1679 1315 patrocinium,
1704 1284 1775 1306 non
1798 1284 1834 1306 a-

1078 1314 1158 1348 lium
1171 1316 1204 1348 in
1217 1314 1341 1350 Graecifi
1351 1315 1448 1364 quam
1460 1315 1564 1364 ipsum
1575 1319 1730 1355 Thebani
1742 1321 1831 1357 vide-

1077 1364 1141 1398 rint
1158 1387 1168 1400 ,
1201 1366 1252 1398 cui
1271 1365 1357 1400 suam
1379 1366 1452 1400 tuto
1471 1369 1681 1404 committere
1704 1368 1830 1418 possent

1076 1411 1216 1447 causam.
1227 1416 1357 1450 Tenues
1368 1416 1420 1450 ille
1431 1417 1526 1451 initio
1537 1417 1704 1454 Thebanis
1721 1422 1830 1455 mitte·
1848 1424 1985 1460 Bellumsa

1076 1462 1130 1497 bat
1140 1465 1250 1511 copias
1260 1489 1270 1504 ,
1281 1464 1414 1501 volebat
1426 1467 1512 1500 enim
1526 1468 1701 1511 aliquoties
1712 1470 1828 1516 perdo.-
1847 1465 1966 1514 crumsjne

1075 1514 1173 1552 mitos
1189 1513 1327 1558 abjicere
1343 1512 1483 1561 spiritus,
1494 1529 1578 1563 quos
1597 1530 1636 1552 ex
1657 1519 1830 1556 Leuetrico
1844 1513 1945 1575 pugnat

1074 1566 1106 1597 δι
1128 1564 1348 1599 Mantineenfi
1367 1564 1480 1612 praeliis
1499 1564 1694 1613 sumpserant
1721 1569 1831 1604 altiffi-
1843 1548 1932 1585 perfeci
1946 1566 1954 1576 ⁸
2003 1583 2007 1587 ”

1074 1625 1161 1649 mos.
1186 1613 1221 1646 Id
1242 1611 1318 1647 cum
1338 1612 1474 1650 sensisset
1499 1614 1620 1650 factum
1635 1639 1644 1652 ‚
1670 1628 1741 1653 tum
1764 1619 1830 1655 sine

1073 1660 1163 1696 motii
1180 1661 1234 1696 dat
1246 1661 1277 1697 se
1290 1665 1325 1698 -in
1338 1665 1423 1698 viam
1446 1665 1594 1712 Delphos
1611 1667 1734 1713 ingenti
1753 1681 1828 1705 cum

1071 1712 1212 1745 exercitu
1225 1737 1234 1751 ‚
1250 1725 1318 1747 non
1336 1713 1459 1748 audent
1475 1727 1665 1751 concurrere
1683 1717 1832 1755 Phocen-

1071 1759 1114 1796 ses
1124 1786 1134 1802 ‚
1150 1759 1215 1795 sine
1228 1763 1336 1809 praelio
1347 1760 1489 1798 offerunt
1500 1763 1709 1814 quascunque
1719 1768 1831 1815 postu-

1071 1808 1303 1859 laretth‘hppm
1314 1813 1544 1849 conditiones:
1572 1816 1616 1849 ita
1625 1815 1689 1850 fine
1703 1819 1830 1863 pericu-

1073 1861 1104 1895 lo
1118 1863 1291 1896 maximam
1311 1861 1404 1897 simul
1422 1866 1454 1897 &
1465 1861 1669 1900 fortitudinis
1680 1868 1714 1900 ὅ(
1725 1867 1826 1913 pieta-

1073 1912 1113 1944 tis
1125 1911 1320 1957 opinionem
1333 1913 1365 1946 in
1380 1912 1503 1947 Graecifi
1514 1911 1730 1962 consequitur.
1741 1919 1827 1952 Am-

1074 1960 1270 2007 phi&yonas
1286 1963 1320 1996 in
1340 1962 1467 2010 templo
1482 1965 1634 2011 reponit,
1651 1963 1829 2002 Phocenfi-

1073 2011 1134 2044 bus
1159 2010 1206 2044 ob
1226 2009 1386 2060 sacrilegia
1401 2025 1546 2047 annuam
1572 2015 1717 2061 imponit
1741 2018 1832 2051 rnul-

1073 2060 1179 2101 ἂειῐη,
1194 2064 1288 2106 cujus
1308 2062 1466 2108 gravitate
1478 2064 1597 2110 impius
1615 2065 1669 2099 ille
1687 2067 1826 2112 populus

1073 2110 1107 2144 in
1128 2113 1326 2157 paupertatis
1347 2111 1494 2148 barathra
1509 2112 1546 2147 ad
1557 2124 1754 2160 perpetuum
1768 2114 1828 2150 de-

1073 2160 1267 2194 truderetur.

1121 2206 1316 2252 Dilapidaffe
1337 2206 1485 2243 feruntur
1503 2207 1686 2246 Phocenses
1697 2213 1731 2248 in
1750 2211 1824 2248 belli
1844 2212 1978 2250 „4015an
2028 2219 2037 2250 ..2

1069 2257 1238 2289 novennio
1251 2255 1426 2303 surreptam
1437 2271 1475 2292 cx
1487 2261 1615 2306 templo
1624 2261 1822 2298 talentorum
1842 2253 1976 2300 Thesaurus

1068 2306 1133 2338 auri
1152 2305 1312 2350 myriada;
1338 2309 1498 2350 majorem
1519 2311 1587 2343 auri
1605 2312 1732 2357 copiam
1753 2325 1822 2348 non
1838 2294 1961 2363 233ss:3¹⁸

1066 2357 1206 2401 repperit
1226 2353 1406 2389 Alexander
1427 2357 1589 2405 Persepoli
1608 2361 1641 2393 in
1653 2361 1822 2409 gazophy-
1838 2375 1978 2406 rumauria

1066 2405 1151 2438 lacio
1178 2417 1186 2438 τ
1218 2404 1373 2440 mirabilis
1395 2407 1526 2453 quidem
1540 2433 1550 2448 ‚
1586 2408 1642 2443 sed
1663 2411 1820 2446 credenda
1830 2416 1953 2456 sacrilegis

1064 2453 1191 2488 summa
1200 2454 1245 2488 est
1255 2479 1265 2495 ,
1281 2454 1302 2489 fi
1311 2456 1383 2502 quis
1394 2458 1520 2504 cogitat
1529 2457 1658 2493 infinita
1669 2459 1815 2500 donaria,
1838 2455 1965 2497 “fl‘ffld‘·

1063 2515 1134 2550 quae
1157 2505 1234 2537 illuc
1260 2505 1409 2552 quotidie
1436 2519 1492 2553 per
1516 2508 1643 2555 aliquot
1659 2520 1820 2545 annorum
1837 2505 1886 2527 ¹¹⁴⁸·

1063 2555 1221 2588 centurias
1248 2554 1313 2588 fine
1346 2556 1415 2588 ullo
1448 2554 1568 2590 effluxu
1595 2556 1820 2598 confluebant.

1062 2603 1199 2637 Nullum
1209 2604 1508 2650 graviusimpietate
1519 2603 1619 2640 scelus
1633 2631 1641 2645 ‚
1654 2621 1753 2655 quem
1763 2622 1820 2643 co-

1063 2653 1101 2686 lis
1112 2651 1149 2685 fit
1162 2651 1385 2687 Cacodaemon
1397 2677 1408 2693 ‚
1436 2664 1504 2688 tum
1518 2665 1628 2690 tamen
1641 2655 1660 2689 fi
1670 2671 1729 2705 pro
1743 2660 1820 2692 Deo

1063 2699 1180 2735 habeas
1197 2725 1207 2741 ,
1231 2703 1344 2747 nequis
1368 2702 1431 2737 fine
1457 2703 1661 2750 profanitatis
1689 2707 1818 2741 macula

1063 2751 1196 2784 violare.
1231 2750 1386 2786 Profecto
1407 2765 1475 2787 non
1495 2754 1592 2789 semel
1617 2755 1818 2790 demonstrat

1059 2799 1199 2833 Diodorus
1208 2800 1321 2835 Siculm
1332 2814 1445 2850 graves
1457 2802 1572 2838 dedisse
1582 2815 1814 2852 poenas,quot·

1058 2860 1143 2898 quot
1156 2849 1318 2896 eApollmis
1329 2863 1442 2886 aurum
1453 2854 1645 2899 attigerunt.

1108 2902 1137 2932 A
1156 2898 1248 2933 bello
1260 2898 1348 2934 sacro
1360 2903 1472 2934 omnia
1484 2899 1624 2947 (Philippo
1636 2900 1727 2938 fuere
1736 2917 1814 2952 pro-
1834 2920 1930 2947 Perin-

1057 2946 1176 2984 clivia3
1194 2948 1322 2993 Illyrios
1337 2975 1346 2987 ,
1373 2949 1515 2983 Thracas
1530 2975 1538 2987 ‚
1556 2953 1684 2987 vicinos
1699 2967 1813 2989 omnes
1832 2960 1900 2987 thum
1911 2963 1969 2988 Per-

1055 2996 1212 3030 Barbaros
1225 2997 1408 3044 perdomuit
1418 3023 1428 3038 ‚
1439 2997 1557 3034 latesni
1568 3004 1714 3037 nominis
1726 3003 1810 3052 spar-
1824 3001 1970 3047 safssyZm-

1030 3079 1032 3086 Α
1059 3043 1095 3078 fit
1107 3056 1261 3080 terrorem
1274 3071 1283 3085 ‚
1295 3059 1364 3081 non
1375 3060 1430 3093 per
1441 3049 1600 3084 Graeciam
1615 3052 1717 3086 modo
1729 3077 1738 3091 ‚
1759 3053 1810 3087 sed
1830 3049 1890 3068 ‘'m''
1899 3046 1954 3072 ‘fs‘

253 3085 379 3134 eArgaeo
400 3088 609 3125 Athenienses
631 3093 743 3126 avertit
759 3116 768 3131 ,
786 3093 1005 3138 permittendo
1030 3094 1032 3140 f
1059 3097 1092 3127 δέ
1112 3093 1219 3128 Asiam
1233 3101 1348 3129 t'otam.
1375 3097 1635 3134 Laboriosissima
1655 3101 1710 3149 ipsi
1722 3105 1808 3137 acci-

1827 3082 1962 3119 :henienses

1090 3145 1094 3149 .
1180 3144 1190 3149 ff
1222 3145 1227 3151 .
1328 3146 1331 3149 .
1396 3147 1399 3150 .
1536 3147 1544 3157 x
1703 3153 1709 3158 ·
1801 3153 1806 3159 ⁸
1829 3123 1943 3164 Philippi

1062 3144 1112 3177 dit
1123 3143 1252 3178 obsidio
1266 3143 1411 3184 Permtln,
1426 3161 1499 3182 nam
1511 3162 1585 3183 cum
1601 3153 1724 3185 cuneus
1734 3150 1807 3185 belh
1822 3164 1937 3198 saucibus

1063 3192 1219 3229 machinis
1231 3193 1361 3231 vexfissist
1371 3199 1513 3240 moenia,
1534 3200 1609 3234 urbs
1621 3211 1730 3235 tamen
1741 3204 1809 3244 ejus
1824 3206 1935 3243 eripuere.

1707 3261 1813 3298 erepta

1853 701 1932 729 cibiles
1940 713 1981 731 ar·
2029 722 2031 726 ·
