2048 3343
10 61 12 131 i
178 88 180 90 V
436 104 500 135 εἹ·
557 98 592 137 C
627 108 657 135 H
689 107 833 135 Rt>N
863 108 1002 136 ot.o
1036 106 1108 134 cx
1148 108 1218 134 ct

187 175 283 224 quim
294 169 475 207 nostrismct
488 171 626 218 ipsorum
643 172 748 206 oculis
759 170 856 205 fidere
870 167 936 215 ipse

183 224 324 270 judicet,
348 223 379 254 in
392 221 581 268 Alphabcto
594 222 794 256 Samaritano
807 244 817 258 ‚
844 217 935 266 quod

1281 99 1460 140 Lrss.1.
1658 109 1733 137 201

981 183 1179 211 commenta,
1190 171 1392 219 responsione
1412 173 1560 223 indigna.
1588 174 1735 221 Replica.
1757 170 1891 219 “fb¹⁴12'¹10⁴

981 221 1116 256 Nullum
1129 222 1192 256 hoc
1205 222 1298 256 estex
1311 223 1455 265 Buxrorfii
1466 223 1736 272 argumentis,sed
1751 224 1798 253 3¹⁴·

185 272 308 319 Scaliger
317 271 462 305 accurate
475 271 630 318 depinxit,
639 271 673 303 in
684 281 725 302 eo
735 269 833 302 etiam
844 265 935 314 quod

186 320 376 355 Bellarminus
394 321 625 354 Grammaticae
641 318 699 351 suae
719 317 863 351 Hebraeae
879 328 933 362 ap-

186 371 293 418 posuit
308 395 318 409 ‚
346 372 380 402 &
401 371 433 402 in
454 381 497 401 eo
509 368 601 414 quod
618 367 759 415 Crinefius
777 380 814 401 ex
829 377 933 399 mem-

186 419 287 455 branfi
317 415 535 464 manuscripta
562 417 603 451 ab
631 417 770 450 Oriente
797 416 934 449 Norim-

185 469 318 518 bergam
344 465 438 500 allata
464 465 667 514 elegantibus
702 467 787 513 typis
807 463 930 512 expres-

184 519 223 554 sit
239 542 249 558 ,
275 517 353 565 quin
373 517 471 550 etiam
500 517 533 550 in
548 515 618 562 ipso
637 518 797 549 Vaticano
817 516 934 549 Rornae

186 566 337 615 impresso
353 592 361 604 ‚
403 565 492 613 quod
527 564 698 599 VValtonus
731 564 830 599 nobis
863 563 916 597 dat
926 588 935 601 ‚

186 618 280 652 nulla
299 615 442 650 omnino
459 617 542 649 inter
560 615 670 649 Tau&
683 612 937 648 crncemlimili-

187 667 268 700 tudo
280 666 324 700 est
333 690 342 704 ‚
356 664 413 698 nisi
425 664 562 698 velimus
572 677 639 698 non
652 662 782 698 tantum
796 662 936 708 quadra—

186 729 218 750 re
228 715 396 753 circulum,
409 713 460 747 sed
470 715 628 747 circulum
638 711 794 747 affirmare
803 711 936 758 quadra—

186 776 272 804 tum,
289 768 320 798 δὲ
335 762 525 809 quadratum
537 763 693 796 circulum
709 787 718 802 ,
732 766 762 796 &
775 760 936 809 quidlibet

182 813 365 860 quodlibet.
375 811 478 858 Qod
490 810 566 846 vero
580 810 792 858 Villalpandm,
806 820 839 844 ut
849 809 938 843 vide-

183 860 466 902 tunexPontificia
474 861 522 895 sua
533 864 564 895 in
575 873 705 894 crucem
715 859 940 906 superstitione

185 912 294 948 exesas
311 914 440 959 aliquot
461 912 493 943 in
505 908 699 957 quibusdam
713 909 854 943 monetis
865 909 932 940 lite-

186 963 438 1008 rasdetorquere
451 971 586 994 conatur
597 959 633 992 ad
644 958 780 1004 figuram
794 968 862 990 non
873 956 939 987 Tau

185 1012 354 1056 majulculi
368 1010 558 1043 Graecorum
578 1009 627 1042 vel
641 1007 853 1040 Latinorum,
879 1017 937 1038 ne-

185 1074 252 1109 que
264 1063 330 1094 Tau
343 1059 535 1104 AEthiopum
545 1068 612 1104 quae
629 1054 741 1088 εκειᾶἐ
753 1065 878 1088 crucem
888 1066 938 1087 re-

187 1109 389 1159 praesentant‚
403 1107 458 1141 sed
468 1107 505 1140 ad
519 1106 711 1139 Graecorum
724 1106 745 1130 Χ
764 1104 853 1151 quod
865 1114 940 1136 cru·

980 269 1109 304 tantum
1128 270 1304 305 commoda
1324 274 1504 316 praeventio
1522 275 1662 320 primi&
1674 275 1737 320 pri-

981 320 1071 352 marii
1084 320 1313 354 Rabbinorum
1326 319 1527 360 testimonii,
1554 323 1642 370 quod
1653 335 1735 357 con-

981 377 1027 401 tra
1045 367 1149 413 ipsum
1178 367 1351 402 VValtonm
1370 365 1475 403 affert.
1517 371 1595 404 Hoc
1613 371 1700 419 quod
1719 370 1737 407 ἆ

981 416 1088 450 Rabbi
1107 414 1222 467 Chasda
1236 416 1409 451 VValtonm
1423 420 1502 452 citat
1512 442 1519 455 ,
1535 418 1736 455 demonstrat

982 465 1172 500 Rabbinum
1191 465 1283 500 illum
1304 467 1490 502 existimasse
1508 467 1594 516 legis
1611 468 1739 503 tabulas

981 514 1090 550 divina
1110 529 1207 551 manu
1218 515 1352 562 scriptas
1372 515 1551 551 charaetere
1577 517 1738 552 hodierno

989 565 1131 600 Hebraeo
1148 589 1156 602 ‚
1182 579 1249 600 non
1262 567 1474 600 Samaritico:
1499 566 1673 601 VValtonus
1684 566 1738 601 hic

983 614 1137 648 concedit
1149 614 1232 649 hanc
1249 613 1337 649 fuisse
1352 613 1473 662 Chasdae
1490 628 1634 651 mentem
1646 642 1656 657 ‚
1685 614 1739 651 sed

983 664 1090 696 nixam
1110 662 1189 697 falso
1209 675 1421 705 commento,
1451 666 1616 712 Buxtorfim
1634 678 1740 713 neque

983 710 1097 746 falsum
1110 713 1188 746 illud
1199 724 1425 748 commentum
1435 739 1445 754 ,
1475 728 1581 764 neque
1592 715 1678 750 aliud
1690 715 1742 749 ul-

983 763 1050 795 lum
1079 761 1270 797 Chasdianae
1295 763 1460 798 sententiae
1485 761 1740 799 fundamentum

984 811 1198 857 approbavit,
1226 812 1356 847 tantum
1377 810 1493 861 Chasdae
1513 815 1740 848 testimonium

985 873 1044 906 pro
1072 859 1123 892 sufi
1143 860 1296 894 sententia
1315 863 1427 895 citavit
1444 888 1453 901 ‚
1487 862 1579 910 quod
1604 863 1656 898 hic
1674 875 1742 897 tam

984 907 1156 942 VValtonus
1168 907 1268 954 quzim
1280 910 1416 955 Capellus
1427 910 1526 945 libere
1536 914 1718 956 largiuntur
1730 935 1743 949 ,

985 956 1040 990 etsi
1059 955 1156 1003 paulo
1172 958 1246 993 ante
1266 969 1400 1005 uterque
1413 965 1431 992 c
1441 956 1559 1003 hasalam
1571 951 1608 995 tit
1622 964 1742 1008 prima-

987 1008 1069 1040 rium
1081 1006 1204 1046 testem,
1218 1020 1278 1056 pro
1290 1004 1449 1042 contraria
1460 1005 1514 1041 sua
1525 1007 1684 1044 sententia
1694 1012 1741 1044 ci-

990 1065 1123 1091 tavent.

1034 1105 1087 1139 Ad
1114 1104 1271 1139 ultimum
1297 1107 1444 1151 Buxtorfii
1469 1118 1700 1155 argumentum
1724 1106 1874 1141 aludaeite-

985 1154 1094 1187 Fallere
1104 1164 1302 1196 mutuatum,
1319 1158 1474 1190 nimirum
1487 1156 1651 1192 anumero
1661 1170 1740 1205 gen-
1759 1153 1839 1182 ’Μνέῐῑ
1847 1155 1896 1180 Ca<

986 1204 1170 1251 tisJudaicae
1181 1228 1191 1244 ‚
1219 1203 1314 1251 quod
1326 1204 1454 1241 facilius
1466 1205 1528 1241 fuit
1538 1205 1612 1242 suos
1631 1206 1740 1241 chara·
1755 1196 1889 1235 pelloaccu-

985 1253 1085 1287 &eres
1098 1257 1129 1287 δε
1142 1254 1286 1301 linguam
1306 1253 1422 1291 servare
1443 1268 1541 1303 quam
1555 1258 1664 1304 paucis
1682 1258 1741 1291 Sa-
1754 1238 1898 1306 {1³:233-

187 1173 257 1195 cem
271 1156 538 1193 unclreaedietam
550 1176 558 1189 .
572 1151 764 1187 dccuffitam
775 1153 938 1200 exprimit,

187 1218 392 1255 nequaquam
428 1203 503 1239 vero
537 1214 666 1237 crucem
690 1201 806 1235 Chriffi
821 1227 830 1242 ‚
855 1201 939 1236 hanc

187 1255 364 1302 Villalpandi
384 1253 603 1288 detorlionem
617 1265 685 1287 non
703 1251 816 1286 debuit
835 1250 940 1286 VVal-

186 1317 269 1340 tonus
280 1303 410 1338 laudare
422 1307 451 1336 8(
464 1301 561 1351 sequi.

988 1305 1149 1337 maritanis
1161 1304 1194 1337 in
1203 1303 1341 1351 angusto
1350 1305 1510 1340 conclulis
1524 1307 1655 1354 angulo.
1673 1308 1741 1340 Re·-
1754 1320 1888 1359 gligentiae.

29 1361 140 1390 saman*-
234 1356 380 1388 Tertiam
393 1353 576 1402 argumenti
591 1350 740 1398 partema
753 1353 842 1386 Mem
856 1352 941 1386 clau-
986 1350 1122 1399 spondet
1135 1352 1206 1399 post
1218 1353 1368 1400 Capellam
1378 1357 1561 1393 VValtonus‚
1574 1368 1641 1390 non
1651 1368 1742 1402 quae-

6 1426 9 1431 -
28 1405 140 1431 taniam
185 1403 222 1439 so
241 1405 341 1446 lfa-9.
360 1415 391 1437 v.
404 1416 436 1450 7.
462 1404 496 1436 in
516 1402 627 1436 medio
649 1404 739 1436 vocis
760 1400 901 1443 Lemarbe
920 1400 941 1435 si
987 1404 1012 1436 ri
1026 1403 1104 1450 quid
1119 1404 1262 1449 potuerit
1273 1402 1365 1443 fieri,
1385 1404 1438 1440 sed
1452 1405 1531 1452 quid
1548 1404 1670 1440 faCtum
1683 1405 1743 1447 sit,

29 1443 117 1471 '’⁶1⁷⁰‘'
186 1454 270 1501 Ifiu'u
286 1456 330 1487 ita
346 1451 467 1499 scripsit
480 1477 489 1491 ,
514 1465 581 1486 non
598 1451 643 1485 est
656 1453 730 1486 usus
742 1454 774 1486 in
793 1450 844 1486 sua
856 1452 941 1485 Scri·
988 1454 1207 1486 mutationem
1229 1454 1330 1487 illam*
1348 1453 1407 1489 effe
1437 1453 1554 1489 factam
1576 1455 1668 1490 nulla
1686 1456 1744 1502 Ju-

29 1486 135 1561 {ZZ-Lm
185 1503 277 1551 pturfi
292 1503 472 1537 charaStere
488 1502 688 1536 Samaritano
704 1526 714 1540 ‚
743 1502 799 1549 qui
812 1502 941 1535 nullum
988 1502 1129 1537 daeorum
1142 1501 1353 1550 negligentia,
1371 1503 1427 1538 sed
1439 1517 1475 1538 ex
1488 1505 1627 1552 imperio
1639 1508 1741 1544 Eat-ae,

136 1549 142 1555 ’
188 1553 317 1591 habuit,
332 1551 503 1586 &nullum
516 1550 621 1585 adhuc
635 1551 732 1585 habet
744 1554 835 1585 Mem
846 1549 942 1584 finale
989 1563 1025 1586 ut
1043 1551 1194 1599 separaret
1213 1552 1342 1600 Judaeos
1363 1550 1379 1586 ὲ
1397 1555 1606 1588 Samaritanis
1619 1579 1628 1594 ‚
1655 1558 1686 1588 &
1699 1555 1746 1588 le-

190 1608 223 1638 &
243 1600 404 1641 clausum,
431 1603 473 1635 ita
495 1610 603 1635 autem
621 1598 743 1647 scripsit
759 1599 946 1648 Propheta,
990 1614 1067 1650 gem
1092 1602 1157 1635 Dei
1178 1603 1210 1635 in
1229 1603 1329 1637 literis
1349 1601 1550 1649 Assyriorum
1564 1603 1720 1637 scriberet
1734 1629 1745 1644 ,

190 1653 268 1700 quia
280 1664 338 1698 prav
346 1663 489 1698 terquam
503 1650 593 1698 quod
610 1652 646 1684 in
666 1649 823 1684 omnibus
834 1663 945 1684 exem·
991 1653 1047 1699 qui
1058 1651 1184 1685 mundo
1194 1661 1273 1685 tunc
1286 1652 1554 1692 dominabantur,
1565 1664 1602 1687 ut
1613 1654 1657 1687 ita
1668 1666 1748 1701 gen-

191 1701 333 1749 plaribus
351 1701 494 1735 Hebraeis
519 1703 563 1733 ita
584 1710 670 1733 extat
687 1723 695 1736 ‚
723 1701 819 1733 multi
846 1700 944 1733 etiam
992 1701 1079 1735 tibus
1090 1702 1263 1747 aperiretur
1281 1714 1375 1749 porta
1392 1703 1431 1736 ad
1447 1703 1692 1750 cognoscendas
1707 1704 1749 1736 li-

192 1763 259 1785 tam
272 1750 529 1784 Christianorum
543 1748 637 1796 quam
648 1748 833 1797 Judaeorum
846 1749 946 1784 inter·
991 1761 1076 1785 teras
1089 1749 1200 1785 sacraS.
1226 1752 1378 1798 Rephca,
1398 1751 1522 1786 fastum
1543 1752 1587 1787 est
1599 1752 1689 1800 quod
1699 1753 1752 1785 in-

192 1811 339 1847 pretum,
362 1800 552 1846 mysterium
565 1800 599 1832 in
612 1797 772 1833 hacliterzi
786 1797 891 1832 clausa
901 1799 945 1833 la·
993 1801 1104 1848 primis
1123 1810 1262 1846 negatur
1279 1804 1314 1834 &
1335 1802 1418 1836 ratio
1439 1803 1629 1849 negationis
1654 1800 1751 1837 faeti.

191 1848 258 1883 tere
267 1849 472 1883 arbitrantur.
499 1848 689 1895 Respondet
718 1860 748 1882 1.
762 1847 945 1888 VValtonus‚
994 1850 1082 1884 istius
1104 1848 1224 1883 scilicet
1250 1862 1306 1897 per
1323 1854 1440 1887 Ezram
1460 1851 1678 1889 mutationis,
1704 1850 1752 1885 est

192 1911 275 1933 vana
294 1895 352 1932 effe
373 1897 439 1933 haec
460 1897 617 1942 mysteria.
655 1910 687 1933 2.
715 1899 865 1932 Errorem
886 1897 946 1933 esse
995 1899 1132 1934 sublatio
1151 1902 1221 1943 ejus
1235 1899 1331 1933 causae
1345 1926 1354 1939 ,
1380 1901 1537 1935 nimirum
1568 1900 1751 1943 ludaeorurn

194 1958 294 1994 prout
307 1948 421 1981 Grotius
434 1947 517 1981 reete*
531 1948 671 1988 notavit,
685 1946 857 1993 scribarum
869 1950 948 1995 ,qui
995 1950 1146 1984 immanis
1163 1950 1369 1996 negligenriae
1388 1951 1421 1984 in
1442 1943 1596 1984 servanda
1618 1949 1669 1983 sua
1688 1951 1754 1984 lin-

194 1995 388 2032 Memfinale
400 1999 433 2031 in
446 1996 557 2031 medio
568 1999 659 2031 vocis
669 1996 870 2044 scripserunt.
882 1999 949 2032 Re·
996 1998 1060 2048 gua
1072 2022 1081 2035 ,
1108 2001 1138 2031 &
1152 2000 1267 2037 literis,
1289 2002 1322 2032 &
1341 1999 1574 2043 amplectendis
1589 2009 1656 2032 tam
1676 2000 1754 2032 lite-

195 2047 300 2093 plica‚
328 2046 519 2081 soliditatem
538 2045 635 2081 ullius
655 2044 707 2081 hic
728 2047 866 2092 mysterii
879 2059 949 2082 non
997 2052 1058 2088 ris,
1079 2045 1177 2095 quam
1190 2047 1301 2094 lingua
1317 2046 1755 2094 Chaldaeorummegligen-

194 2093 403 2129 defendimus
414 2119 423 2132 ‚
434 2097 564 2142 plurimi
575 2107 684 2130 tamen
697 2108 805 2142 praeter
815 2098 950 2144 Judaeo-
998 2100 1074 2133 tiam
1087 2097 1174 2131 illam
1187 2109 1255 2130 uno
1266 2097 1386 2143 Spiritu
1398 2098 1576 2132 VValtonus
1593 2095 1644 2130 hic
1654 2097 1752 2130 vide-

195 2157 267 2179 rum
284 2144 412 2179 turbam
427 2158 465 2179 ex
489 2145 681 2179 Christianis
692 2158 760 2180 non
777 2147 880 2181 modo
892 2160 950 2180 an—
998 2160 1052 2182 tur
1064 2148 1138 2181 cum
1152 2144 1308 2180 affirmare
1317 2157 1388 2180 tum
1400 2158 1532 2192 negare,
1550 2145 1633 2180 certe
1645 2158 1755 2193 popu-

196 2195 298 2240 tiquis
319 2193 371 2230 sed
383 2195 614 2229 recentioribus
627 2219 636 2234 ‚
668 2194 788 2229 scilicet
802 2199 950 2240 Lyranus,
998 2199 1050 2231 lus
1064 2196 1230 2244 judaicus,
1248 2194 1506 2243 quantiscunque
1518 2197 1603 2229 vitiis
1620 2196 1755 2229 immer-

198 2241 342 2278 Fabricius
355 2268 364 2281 ‚
376 2247 479 2290 Capua
490 2269 497 2280 ,
513 2243 665 2278 Galatinm
675 2268 684 2284 ,
698 2245 932 2278 Mirandulanus
942 2267 951 2282 ,
998 2245 1048 2279 sus
1067 2246 1274 2278 Samaritanis
1288 2243 1434 2279 Cuthaeis
1447 2245 1670 2293 negligentior
1682 2257 1753 2278 non

200 2292 438 2340 Oecolampadim
451 2318 460 2331 ,
479 2291 643 2326 Bibliander
657 2317 666 2332 ‚
683 2306 742 2339 pro
753 2295 905 2341 mysterio
917 2294 951 2327 in
1000 2294 1065 2330 fuit
1085 2296 1119 2328 in
1147 2293 1310 2328 servandis
1328 2295 1390 2328 suis
1417 2296 1516 2328 literis
1537 2307 1572 2328 ac
1590 2293 1713 2341 lingua.

201 2337 238 2372 ea
257 2340 345 2373 litera
366 2343 516 2375 citantur.
552 2343 613 2375 Sed
628 2341 666 2374 ad
686 2342 834 2376 nostrum
857 2356 952 2390 argu·
1049 2343 1152 2390 Qiod
1171 2343 1210 2377 ad
1226 2347 1314 2379 Eme
1332 2344 1519 2390 imperium,
1537 2343 1601 2377 hoc
1614 2343 1656 2376 est
1667 2340 1757 2388 quod

201 2399 350 2422 mentum
363 2390 436 2422 satis
447 2390 491 2423 est
503 2413 512 2429 ,
537 2389 559 2423 si
572 2392 605 2423 in
617 2390 654 2424 ea
663 2403 744 2424 voce
756 2393 846 2426 Mem
857 2390 952 2425 finale
1002 2395 1153 2441 quaeritur
1166 2415 1174 2428 ‚
1202 2394 1313 2425 multae
1326 2394 1392 2426 aliae
1404 2394 1543 2426 rationes
1554 2401 1642 2425 erant
1655 2391 1759 2437 magis

203 2436 480 2484 scriptumfuerit,
509 2451 586 2471 num
608 2452 647 2472 ex
667 2440 817 2485 mysterio
838 2454 876 2475 an
888 2441 952 2475 (ine
1001 2442 1108 2477 obviae
1127 2441 1165 2475 ad
1181 2440 1408 2487 obsepiendam
1429 2443 1543 2487 populi
1564 2442 1647 2474 viam
1670 2437 1759 2472 3182-

202 2488 431 2533 mysteriomos
439 2499 506 2520 non
516 2488 722 2534 inquirimus,
734 2501 836 2534 neque
844 2489 955 2536 Capella·
1002 2493 1167 2525 maritanis
1179 2515 1189 2529 ‚
1203 2489 1301 2535 quam
1316 2491 1507 2533 abjiciendo
1521 2513 1528 2524 ,
1542 2493 1574 2523 &
1589 2489 1759 2522 Samarita-

18 2557 20 2579 Ι
204 2537 398 2571 varialeftio
408 2549 643 2582 argumentum
656 2535 818 2571 infirmat:
844 2550 919 2572 nam
932 2538 953 2571 si
1002 2541 1051 2573 nis
1072 2539 1284 2584 relinquendo
1304 2537 1416 2584 priscas
1432 2537 1664 2583 Prophetarum
1679 2537 1757 2571 lite-

18 2583 20 2587 ’
203 2587 303 2620 leftio
313 2583 366 2618 illa
379 2591 456 2619 Mem
465 2585 557 2620 clausi
570 2585 667 2619 fuerit
679 2599 742 2620 una
753 2599 791 2620 ex
801 2589 955 2635 antiquis,
1003 2601 1050 2622 ras
1063 2612 1072 2624 ,
1091 2587 1173 2620 nihil
1186 2587 1248 2620 hoc
1260 2588 1391 2627 juvabat
1404 2587 1636 2633 separationem
1651 2599 1757 2634 quan-

202 2639 236 2668 &
250 2647 322 2668 vera
333 2659 343 2675 ‚
363 2635 420 2669 {int
433 2636 508 2669 licet
520 2637 652 2682 quotvis
661 2636 728 2669 aliae
738 2663 745 2674 ‚
757 2647 848 2671 tenet
860 2650 954 2684 argu·
1001 2638 1056 2671 diu
1068 2636 1219 2670 manebat
1239 2638 1349 2683 lingua
1368 2637 1556 2670 communis
1568 2661 1577 2676 ,
1602 2649 1676 2669 nam
1695 2637 1759 2669 lin-

18 2690 21 2720 Ξ
202 2696 362 2718 mentum.
380 2685 492 2717 Fateor
504 2684 696 2719 VValtoniex
707 2687 805 2720 Grotio
816 2685 950 2732 respon·
1001 2699 1075 2734 gua,
1091 2698 1159 2720 non
1169 2685 1275 2725 literae,
1288 2690 1321 2719 &
1334 2685 1544 2725 cbarafteres,
1558 2685 1758 2719 instrumen-

18 2722 21 2763 ἶ
202 2732 323 2767 sionem
338 2733 422 2767 reete
435 2745 602 2767 occurrere
614 2740 854 2781 argumento,&
867 2735 952 2769 illud
1003 2749 1072 2770 tum
1082 2735 1125 2769 est
1136 2736 1336 2769 commercii.
1348 2736 1448 2778 -Qiid
1461 2736 1499 2769 ad
1510 2749 1570 2769 nos
1581 2734 1668 2782 quod
1681 2747 1757 2768 cum

18 2771 21 2821 ¹2
204 2795 343 2816 evertere
356 2807 364 2821 ,
385 2782 493 2816 livera
505 2778 577 2816 ell'et
588 2805 597 2818 ‚
608 2783 660 2816 sed
673 2783 752 2817 absit
762 2808 770 2823 ,
799 2797 836 2818 ut
847 2787 896 2818 vel
908 2786 953 2818 illi
1003 2786 1149 2822 Latinis,
1165 2785 1255 2817 Italis
1267 2808 1275 2820 ‚
1286 2783 1447 2831 Hispanis,
1459 2784 1619 2822 Flandris,
1633 2783 1737 2818 Gallis
1748 2807 1758 2820 ‚

19 2828 21 2874 ᾗ
204 2832 256 2863 vel
277 2835 373 2865 Grotm
391 2834 422 2865 in
432 2831 621 2865 authentico
637 2844 728 2866 textu
740 2846 858 2867 errores
869 2846 953 2866 con-
1005 2838 1039 2868 &
1053 2834 1122 2866 aliis
1134 2857 1143 2872 ‚
1163 2832 1295 2866 eosdem
1318 2833 1490 2868 habeamus
1502 2836 1667 2867 literarum
1683 2833 1759 2868 cha-

19 2909 21 2930 4
206 2878 367 2921 cedamus,
381 2881 435 2915 nisi
449 2885 572 2926 majore
585 2881 703 2922 multo,
713 2881 810 2929 quam
821 2880 871 2916 hic
883 2895 956 2930 pre·
1005 2884 1140 2916 meteres
1152 2907 1161 2921 ‚
1176 2881 1252 2915 cum
1266 2887 1298 2917 in
1311 2884 1375 2917 istis
1391 2884 1477 2917 nulla
1490 2882 1525 2916 sit
1538 2884 1652 2931 linguae
1665 2895 1760 2916 com-

19 2931 22 2978 ᾇ
211 2930 329 2961 mimur
339 2929 527 2970 necessitate,
539 2931 809 2978 constringamur.
1005 2933 1136 2966 munio?
1148 2931 1252 2977 Qod
1265 2933 1304 2966 ad
1320 2931 1519 2980 Assyriorum
1535 2934 1654 2969 literas,
1665 2933 1757 2966 nullo

20 2982 22 3016 l
52 2990 110 3019 ‚An
119 2986 193 3014 Mem
259 2979 401 3013 Alterum
414 2993 641 3026 argumentum
665 2982 817 3025 Buxtorfio
829 2979 956 3015 ascribit
1003 2981 1105 3015 modo
1118 2981 1179 3014 istce
1190 2982 1345 3026 gentibus
1358 2981 1597 3017 subChaldaico
1613 2982 1756 3029 Imperio
1795 3000 1798 3002 ·

55 3033 149 3060 cysa·
212 3026 400 3067 Vlsaltonus,
419 3033 506 3062 Mem
529 3034 561 3063 &
586 3027 705 3065 samech
724 3031 826 3065 clausa
847 3028 956 3064 stetisse
1006 3033 1110 3078 legem
1136 3029 1325 3075 Judaeorum
1351 3031 1588 3078 propagzirunt.
1613 3031 1757 3078 quandiu

55 3068 193 3116 ’'f“l'st“‘·
214 3076 401 3110 miraculose
414 3079 444 3111 in
455 3079 662 3125 tabulislegis
674 3105 682 3119 ,
695 3084 769 3126 quia
780 3080 957 3127 absqucco-
1007 3082 1101 3114 lexin
1114 3078 1312 3126 Alsyriorum
1327 3078 1439 3127 lingua
1457 3079 1600 3114 nonfuit
1612 3081 1735 3127 scripta.

20 3125 23 3131 ’
56 3119 186 3178 :L'ZS'STZ‘
213 3124 360 3159 liaerentiai
382 3138 456 3159 curn
479 3127 541 3160 ulla
561 3130 716 3164 continua
729 3143 816 3175 parte
832 3131 957 3163 tabula-
1056 3130 1163 3162 Aliam
1173 3128 1279 3162 adbuc
1292 3132 1449 3163 rationem
1465 3130 1617 3174 Buxtorfio
1628 3131 1759 3176 Capellus
1779 3141 1897 3179 [ὤρη.

209 3186 283 3210 rum
295 3199 305 3212 ,
317 3175 372 3209 ista
382 3173 516 3210 affirmat
527 3178 699 3213 VValtonm
709 3181 892 3216 Rabbinica
903 3178 960 3214 effe
1009 3179 1152 3220 ascribit,
1163 3180 1310 3226 pervicax
1324 3177 1412 3217 valde
1425 3183 1459 3213 δέ
1472 3190 1562 3215 tenax
1576 3181 1758 3228 judaeorum
1773 3185 1891 3219 stnwnis.

1380 3229 1410 3262 C
1422 3240 1440 3262 c
1669 3230 1764 3274 inge-
