2048 3343
281 116 357 154 173
631 105 948 143 optimis

278 196 319 216 an
331 180 408 217 vero
427 182 514 217 intra
533 192 641 215 earum
663 182 821 216 terminos
839 178 1029 218 consistere3

277 246 348 280 quae
361 234 442 267 mira
452 232 496 266 est
510 228 671 265 confufio.

324 283 436 317 Unam
453 282 552 316 etiam
571 284 601 315 ὃ(
615 281 765 315 ultimam
784 278 1029 314 hebdomadam

274 329 384 365 eadem
396 330 586 366 confusione
598 331 742 364 involvit
759 343 768 364 2
791 342 866 364 nam
880 326 956 362 cum
968 341 1032 362 una

273 393 311 413 ea
322 381 430 428 aperte
443 382 591 428 sequatur
602 379 763 427 sexaginta
776 380 854 413 duas
864 379 947 426 apud
959 379 1032 411 ‘Da—

273 428 380 464 nielem
390 456 399 471 ‚
411 436 443 466 δι
459 428 535 466 vero
549 440 652 464 totam
665 428 928 478 septuagesimam
940 430 1029 462 clau-

275 479 329 513 dat
346 481 474 532 Scaliger
496 481 527 514 in
550 479 675 514 excidio
694 480 782 514 urbis
799 504 808 518 ,
838 491 908 511 eam
931 488 1029 510 unam

274 527 513 564 hebdomadam
536 531 569 563 in
586 527 649 578 qud
662 542 809 565 mortuus
825 528 870 561 est
888 525 1029 569 Meffias‚

273 579 396 614 necesse
413 580 509 614 habet
523 576 730 613 commiscere
743 579 790 612 vel
808 588 880 609 cum
897 574 1030 621 septem,

273 629 326 662 vel
340 641 416 664 cuin
427 628 594 678 sexaginta
611 629 753 667 duabus,
781 625 830 660 vel
845 636 919 658 cum
937 623 1029 658 utris-

1010 103 1489 143 H1sa-01t1c1

1086 178 1280 214 methodum
1293 180 1423 215 invertit
1436 184 1449 223 (
1461 191 1495 214 ut
1509 193 1611 229 nuper
1626 183 1837 225 dicebamus)

1085 242 1159 263 cum
1175 231 1249 264 serie
1264 241 1452 278 temporum
1467 243 1535 264 non
1552 234 1684 277 quadrat
1698 248 1706 274 ;
1733 247 1808 269 tiam
1821 236 1837 268 Ξι

1083 280 1241 326 vigesimo
1257 279 1430 326 Longcmam
1441 281 1477 314 ad
1497 282 1667 315 Harcanium
1679 285 1837 318 ultimum

1082 330 1341 364 Maccabaeornm
1355 331 1394 363 ab
1412 330 1529 364 Herode
1539 330 1681 364 occisum
1692 355 1702 370 ‚
1719 345 1837 368 nume-

1083 388 1127 411 rat
1139 390 1242 412 annos
1258 380 1515 428 quadringentos
1528 381 1662 427 triginta
1675 392 1816 429 quatuor
1828 405 1839 422 ,

1083 424 1134 459 seu
1147 427 1368 463 hebdomadas
1380 429 1545 478 sexaginta
1556 431 1648 470 duas,
1671 431 1788 466 &inde
1799 430 1838 465 ad

1082 472 1231 510 Christum
1249 490 1354 526 annos
1373 480 1585 526 quadraginta
1609 492 1727 515 novem
1750 507 1758 520 ,
1784 480 1836 515 seu

1080 523 1301 561 hebdomadas
1314 528 1448 575 septem.
1476 530 1665 574 Computus
1689 530 1741 563 hic
1759 543 1836 565 cum

1081 576 1200 610 nullius
1221 576 1452 626 Chronologi,
1478 578 1601 612 nullius
1617 577 1837 614 Historicira-

1079 626 1223 660 tionibus
1237 630 1408 662 convenit.

1131 677 1298 723 Qiartum
1309 676 1361 711 hic
1373 687 1515 712 errorem
1530 686 1683 710 notamus
1696 676 1837 725 Francifti
1854 688 1928 714 Error

299 691 350 713 ue.

272 691 295 726 q
1079 728 1192 760 Suarez,
1208 726 1317 761 saltem
1339 723 1540 771 Chrysostomi,
1568 728 1619 760 cui
1637 725 1690 760 hic
1704 726 1827 761 senten·
1854 728 1959 763 suarefii

322 730 381 763 Ob
401 727 484 762 hanc
512 725 748 760 intolerandam
783 721 1006 758 confusionem
1021 747 1028 758 ‚

115 738 182 767 Iunii
195 746 230 769 (9-

114 779 226 808 Deodata
273 778 414 829 Scaliger-i
430 778 576 823 sequaces
595 774 786 823 Magistrum
810 771 860 806 hic
880 786 948 806 non
977 784 1028 806 te-
1077 775 1155 807 tiam
1179 775 1268 810 istam
1290 779 1429 821 imputat
1445 775 1561 823 absque
1583 775 1686 810 multz‘l
1709 776 1830 811 snai'm-
1853 769 1977 815 (707ΰῖ

116 832 190 851 “⁷⁰²²
273 839 363 862 nent.
388 830 423 860 ln
446 824 622 862 secundum
644 823 723 872 ergo
740 823 965 857 diverticulum
981 821 1027 856 se-
1079 823 1287 868 probatione.
1316 827 1360 859 Hi
1382 825 1540 874 sexaginta
1561 827 1635 860 duas
1653 826 1835 862 hebdoma-
1847 808 1955 845 βψω·

273 878 394 911 cedunt
407 875 505 908 limina
517 878 547 908 δε
562 874 757 908 Deodatusin
774 871 831 906 suis
845 872 882 905 ad
896 875 978 907 Dan.
994 886 1029 915 9.
1080 872 1134 906 das
1155 873 1309 907 inchoant
1330 874 1369 907 ab
1392 878 1572 908 Aitaxerxis
1591 878 1762 910 Mnemonis
1778 877 1836 911 tri.

271 939 303 962 ν.
318 931 372 960 26.
393 927 660 963 commentariis,
685 927 715 956 8(
739 921 913 962 secundum
937 923 1009 969 prio
1078 923 1197 957 cesimo
1217 923 1362 957 secundo
1379 948 1387 963 ,
1410 927 1442 957 ὃ(
1459 924 1614 957 claudunt
1630 937 1704 959 ante
1727 924 1834 973 Christi

270 987 338 1009 rem
361 974 501 1025 &aligeri
521 985 665 1008 mertem
689 972 844 1006 inchoant
866 970 1027 1018 sexaginta
1078 985 1219 1007 mortem
1262 973 1332 1006 Istis
1352 973 1485 1007 Danielis
1512 985 1611 1006 unam
1632 974 1835 1019 subjiciunt,

271 1025 349 1059 duas
372 1025 442 1071 post
464 1023 562 1058 finem
581 1022 859 1058 hebdomadarum
881 1021 1026 1068 septem,
1077 1023 1270 1057 ascribentes
1292 1021 1426 1070 passioni
1451 1025 1563 1066 Messzae
1590 1022 1833 1059 hebdomadam

271 1072 645 1108 cArtaxerxistricesimo
658 1072 816 1117 secundo,
831 1076 861 1105 ἃ
877 1084 926 1104 eas
937 1072 1026 1105 clau·
1076 1072 1300 1119 sexagesimam
1317 1074 1445 1106 tertiam
1460 1098 1469 1112 ,
1498 1073 1548 1106 sex
1572 1071 1737 1120 sequentes
1750 1073 1835 1108 heb-

265 1123 346 1158 dunt
358 1124 494 1170 septimo
511 1135 586 1157 ante
599 1123 686 1157 urbis
698 1122 871 1156 excidium.
893 1121 957 1164 Sed
967 1133 1026 1155 nec
1074 1121 1227 1156 domadas
1244 1121 1260 1156 a
1273 1135 1377 1156 morte
1389 1120 1491 1167 Christi
1506 1122 1543 1155 ad
1561 1122 1647 1156 urbis
1663 1123 1832 1159 excidium

267 1172 335 1208 haec
355 1187 468 1208 eorum
483 1173 611 1207 admitti
626 1171 728 1219 potest
747 1172 933 1205 distributio
945 1193 952 1205 ‚
972 1184 1026 1217 per
1074 1184 1176 1205 annos
1188 1173 1400 1220 quadraginta
1413 1173 1494 1205 duos
1508 1183 1691 1214 numerant,
1706 1173 1832 1220 septua-

267 1236 335 1257 eam
349 1225 437 1257 enim
456 1222 635 1257 hebdomas
652 1235 713 1255 nna
723 1223 815 1255 tertia
833 1220 1022 1268 septuagesi-
1072 1221 1224 1268 gesimam
1239 1224 1384 1256 ultimam
1398 1221 1640 1256 hebdomadam
1655 1222 1704 1256 vel
1718 1234 1832 1258 vacare

266 1284 325 1306 mae
338 1274 459 1319 portio,
472 1271 761 1305 velcommiscetur
774 1284 846 1304 cum
864 1271 1024 1316 prioribus
1075 1273 1121 1304 vel
1137 1285 1192 1318 per
1205 1275 1292 1306 sunm
1305 1273 1435 1306 initium
1454 1273 1570 1318 prioris
1588 1272 1748 1318 attingere
1769 1285 1831 1321 pu..

263 1321 495 1368 portionibus,
521 1320 727 1355 consistendo
753 1323 835 1353 intra
861 1321 1023 1353 terminos
1072 1330 1153 1354 tant.
1185 1356 1187 1358 ,

263 1371 543 1405 hebdomadarum
558 1369 680 1417 septem
697 1395 704 1408 .
733 1381 787 1415 aut
808 1371 891 1402 intra
908 1370 1021 1402 termi-
1122 1368 1265 1404 Minime
1295 1368 1363 1404 sana
1389 1369 1431 1403 est
1452 1368 1518 1404 haec
1546 1368 1722 1411 sententia,
1751 1385 1830 1408 nam

263 1434 325 1455 nos
335 1421 499 1469 sexaginta
510 1421 643 1454 duarum
656 1419 900 1454 hebdomadum
914 1419 1020 1464 (quod
1069 1432 1180 1465 praeter
1217 1419 1434 1454 inversionem
1486 1419 1609 1453 ordinis
1645 1421 1831 1468 Prophetici

264 1469 360 1517 supra
371 1472 563 1515 rejecimus)
586 1472 637 1503 vel
651 1469 802 1504 eritillud
817 1467 1019 1515 septennium
1070 1468 1131 1516 qud
1144 1472 1284 1516 primum
1308 1468 1431 1502 faciunt
1453 1469 1608 1501 ultimum
1622 1472 1652 1501 ὅ(
1672 1470 1830 1505 ultimum

263 1532 338 1554 ante
347 1521 434 1554 urbis
447 1519 720 1566 excidium‚quod
731 1521 829 1552 etiam
844 1517 1018 1552 absurdum
1068 1520 1207 1552 medium
1219 1543 1229 1557 ‚
1255 1522 1285 1552 ὃ(
1300 1518 1442 1551 medium
1465 1519 1607 1563 primum
1621 1539 1630 1552 ‚
1654 1529 1769 1552 contra
1790 1533 1830 1554 0-

263 1569 328 1608 est;
357 1572 388 1604 in
407 1569 459 1603 illa
475 1572 560 1603 enim
575 1567 637 1602 und
658 1580 670 1603 t
687 1568 795 1602 hrtffus
815 1567 859 1602 est
870 1567 1016 1608 occisus,
1069 1581 1160 1602 mnes
1180 1568 1328 1602 au&ores
1356 1567 1579 1601 hebdomadas
1603 1566 1761 1601 inchoant
1785 1569 1829 1603 ab

260 1616 378 1654 Chru‘li
392 1631 498 1653 autem
518 1630 659 1652 mortem
677 1631 778 1653 nemo
797 1630 942 1663 unquam
957 1630 1014 1664 po-
1072 1619 1250 1653 Artaxerxis
1261 1617 1422 1651 tricesimo
1435 1615 1577 1650 secundo
1590 1640 1599 1656 ‚
1627 1620 1654 1650 ἃ
1671 1617 1828 1653 claudunt

259 1667 368 1702 suitin
382 1668 589 1703 hebdomada
609 1666 797 1702 immediate
819 1668 907 1701 urbis
930 1668 1014 1702 cxci>
1067 1679 1141 1703 toto
1154 1668 1322 1702 novennio
1335 1667 1405 1714 post
1418 1667 1502 1700 urbis
1522 1665 1687 1700 excidium
1702 1691 1710 1704 ‚
1736 1669 1828 1715 quod

261 1719 351 1753 dium
364 1718 591 1754 antecedente.
1069 1719 1111 1752 est
1136 1722 1167 1752 &
1197 1719 1314 1764 aperire
1337 1721 1366 1750 ἃ
1391 1716 1540 1749 claudere
1562 1729 1716 1764 magnam
1742 1717 1827 1752 hanc

105 1775 217 1803 Corrum-
310 1770 386 1802 Hoc
406 1780 440 1802 ut
458 1771 617 1803 evitarent
640 1766 733 1799 nimis
754 1764 885 1800 crassum
906 1766 1015 1801 absur-
1067 1768 1235 1815 Epocliam
1255 1779 1320 1799 non
1345 1765 1446 1800 modo
1469 1776 1583 1800 contra
1607 1778 1742 1800 omnem
1761 1769 1827 1802 hu-

99 1815 211 1854 punisa-
261 1818 335 1852 dum
351 1820 407 1851 viri
425 1818 619 1857 doffiffimi,
649 1828 772 1849 novum
794 1815 850 1849 sibi
864 1828 970 1863 neque
984 1816 1017 1851 id
1069 1832 1195 1852 manam
1210 1845 1218 1858 ‚
1246 1814 1300 1851 sed
1319 1828 1430 1850 contra
1451 1816 1594 1850 divinam
1615 1815 1752 1849 Danielis
1768 1829 1828 1851 au-

105 1865 234 1885 ‘mmm‘
262 1867 397 1916 quidem
411 1868 610 1902 tolerandum
621 1865 780 1913 effugium
792 1866 1019 1912 procuderunt,
1067 1871 1255 1903 &toritatem
1278 1878 1285 1902 t
1314 1866 1485 1900 statuendo
1519 1868 1588 1909 ejus
1625 1867 1823 1911 principium

104 1905 166 1928 tum.
261 1916 400 1952 Danielis
418 1928 547 1951 textum
577 1929 612 1960 9.
631 1927 660 1948 v.
684 1921 740 1950 26.
772 1927 908 1961 uterque
938 1916 1020 1950 male
1069 1918 1137 1965 post
1159 1920 1315 1952 ultimum
1328 1917 1518 1962 cujusquam
1538 1914 1706 1948 decretum
1720 1915 1757 1948 de
1773 1927 1826 1948 re-

261 1965 484 2001 transferendo
496 1967 661 2013 corrupit,
685 1964 830 1998 luniussic
845 1965 1017 2014 [poffftpti-
1068 1969 1264 2003 stauratione
1286 1964 1595 2009 Hierosolymarurn
1616 1965 1746 2011 integro
1767 1963 1826 1997 de-

260 2016 519 2067 man.15ft.1·aginta
530 2015 598 2048 duas
611 2013 700 2059 exctfh
712 2011 766 2046 Ch·
775 2014 850 2053 1510]
865 2027 961 2062 quem
974 2015 1019 2050 se·
1068 2020 1206 2059 cennio,
1235 2022 1266 2051 ὅ(
1282 2016 1382 2050 finem
1396 2026 1465 2049 tota
1478 2012 1682 2048 hebdomada
1696 2016 1729 2047 ὃ(
1743 2012 1827 2048 duo-

258 2068 370 2112 quitur
384 2065 534 2100 Deodatus
547 2062 768 2106 [Stermmatoil
780 2066 906 2109 Messia]
933 2076 1019 2099 uter—
1069 2068 1229 2103 busannis
1239 2068 1308 2115 post
1317 2064 1455 2100 excisam
1471 2064 1598 2099 urbem.

260 2128 322 2163 que
336 2113 433 2148 semel
452 2120 480 2147 ὃ(
496 2117 615 2148 iterum
630 2125 745 2147 contra
762 2113 893 2147 Danielis
907 2113 1020 2149 diserta

260 2163 378 2203 verba,
399 2176 473 2196 nam
487 2164 669 2196 Hebraicus
690 2172 799 2196 textus
809 2163 853 2198 est
864 2174 915 2202 ⁵:¹95
927 2167 1020 2199 tertia
1232 2158 1307 2198 QJJ
1329 2159 1366 2184 AE
1394 2156 1409 2181 S
1431 2156 1458 2180 T
1479 2156 1491 2182 ¹
1515 2155 1542 2180 Ο
1583 2152 1657 2179 XV’

263 2211 367 2247 summ
393 2213 422 2245 N
438 2223 447 2243 ¹
466 2222 484 2242 ι’
504 2224 526 2244 H
545 2225 565 2245 Α
580 2224 600 2244 1.
637 2212 786 2244 excidetur
807 2236 817 2249 ‘
854 2214 944 2258 q¹¹0d
972 2215 1018 2246 iffi
1142 2230 1194 2260 De
1206 2223 1400 2260 Hebdomada
1415 2222 1474 2257 und
1484 2225 1600 2275 e’jufilue
1612 2223 1744 2259 dimidio.

262 2272 394 2295 vertunt
411 2271 466 2307 per
478 2261 682 2307 participium
696 2260 888 2304 pra-teritum
905 2263 1019 2307 [exusti]

264 2311 453 2351 [Herminato]
470 2310 588 2344 deinde
607 2306 713 2353 Christi
732 2319 872 2341 mortem
891 2335 898 2346 ,
921 2322 1018 2356 quam
1067 2307 1346 2366 LOnginquior
1364 2307 1396 2340 in
1418 2304 1639 2352 superioribus
1661 2317 1755 2338 mora
1768 2302 1822 2339 hic

262 2358 381 2394 Daniel
391 2355 671 2393 affirm'ateveniss'e
683 2357 752 2405 post
764 2355 863 2391 finem
875 2356 1017 2406 sexagin-
1134 2357 1296 2391 breviores
1315 2354 1446 2389 efficiet.
1485 2357 1563 2389 Duo
1592 2354 1663 2388 sunt
1684 2355 1716 2386 in
1736 2367 1825 2401 qua:-

261 2420 291 2443 ta
303 2407 712 2447 duarumhebdomadnm‚
732 2408 778 2440 'illi
790 2408 997 2442 contradicen
1009 2429 1018 2433 -
1067 2406 1198 2448 stione3'
1218 2407 1326 2453 prittS,
1345 2417 1492 2454 quaenam
1507 2429 1516 2444 ,
1539 2409 1569 2438 &
1584 2402 1824 2451 quotahebdo-

261 2470 308 2493 tes
325 2456 485 2492 affirmant
496 2456 634 2492 evenisse
646 2468 720 2491 ante
738 2455 847 2491 finitas
861 2456 1017 2506 sexaginta
1067 2457 1204 2490 madum
1227 2455 1264 2490 sit
1286 2469 1348 2489 una
1370 2457 1423 2489 illa
1444 2453 1460 2488 Ξι
1482 2455 1619 2487 Daniele
1642 2463 1824 2486 memorata

260 2509 337 2542 duas
356 2508 576 2551 hebdomadas
589 2532 597 2544 ‚
623 2511 657 2541 δε
684 2509 766 2540 intra
783 2518 891 2540 earum
904 2511 1018 2542 termi-
1066 2520 1136 2553 cap.
1149 2519 1184 2550 9.
1195 2519 1248 2551 27,
1261 2505 1418 2552 posterius
1430 2528 1439 2541 ‚
1456 2503 1543 2551 quod
1556 2503 1592 2537 sit
1604 2501 1820 2536 hebdomadae

263 2571 332 2592 nos.
359 2552 409 2591 Eii
434 2556 501 2605 quo
527 2559 614 2590 viros
635 2554 874 2604 cordatissimos
900 2569 1017 2604 parvus
1064 2556 1296 2593 dimidiiim‚de
1309 2554 1532 2601 quoibidtm?
1558 2585 1562 2588 ,

264 2608 465 2652 diagono-lm&
484 2606 641 2653 abripuit.
1113 2609 1148 2639 In
1160 2606 1255 2651 priori
1268 2617 1327 2637 nos
1346 2613 1556 2637 communem
1569 2599 1735 2648 sequimur
1751 2599 1823 2633 sen-

106 2660 245 2690 ffieodoreti
318 2660 351 2690 ln
379 2659 506 2690 tertiam
536 2655 673 2689 deviavit
703 2653 895 2688 sententiam
916 2652 1016 2688 Theo·
1063 2657 1199 2688 tentiam
1220 2665 1317 2699 quam
1346 2652 1648 2698 Chronologorum
1676 2653 1707 2683 ἃ
1734 2650 1820 2682 Scri-

107 2714 174 2732 ΕΓῙΟΥ-

265 2707 377 2740 domus
390 2709 420 2739 in
432 2709 517 2741 Dan.
532 2719 563 2747 9.
577 2715 611 2737 ut
624 2703 706 2737 reeie
723 2704 873 2737 observat
887 2709 1016 2739 Sanc‘lms

263 2759 298 2791 in
322 2757 469 2790 eundem
490 2756 600 2788 locum
632 2752 776 2787 Danielis.
809 2755 1015 2801 Septuaginta

262 2806 482 2840 hebdomadas
502 2818 575 2838 cum
590 2805 756 2845 Africano,
777 2804 903 2836 veritati
924 2804 1014 2838 valde

263 2857 482 2902 propinquus,
515 2853 531 2888 a
550 2851 702 2888 vicesimo
722 2853 914 2886 <Artaxerxis
932 2857 1013 2887 Lon-

260 2905 369 2950 gzmani
394 2906 526 2939 inchoat
550 2931 558 2943 ‚
582 2908 612 2937 &
635 2905 668 2936 in
688 2899 794 2938 Christi
825 2915 928 2936 morte
951 2916 1011 2938 ter—

264 2956 389 2994 minat,
415 2953 465 2988 sed
491 2955 591 2988 totius
609 2950 844 2999 septuagesimae
874 2954 1009 2998 primam

264 3005 452 3048 portionem
490 3001 566 3036 facit
605 3002 825 3036 hebdomadas
862 3002 1009 3051 sexagin-

264 3061 298 3083 ta
323 3051 397 3083 duas
414 3078 421 3089 ‚
457 3057 487 3086 ὃς
514 3052 735 3086 hebdomadas
759 3050 873 3097 septem
901 3050 1008 3086 secun-

264 3099 337 3133 dam
367 3123 376 3137 ‚
419 3102 461 3133 ita
494 3101 562 3134 illas
601 3101 722 3148 septem
751 3102 834 3135 inter
869 3102 1010 3149 sexagin-

265 3159 297 3182 ta
331 3147 407 3181 duas
440 3153 470 3181 ὃ(
505 3162 599 3182 unam
636 3152 802 3196 interjicit.
845 3153 1011 3186 Sententia

264 3196 328 3233 haec
348 3207 558 3245 praetetquam
579 3200 668 3245 quod
687 3202 809 3248 Angeli
826 3205 857 3235 &
875 3200 1012 3237 Danielis

1064 2714 1161 2749 pturae
1172 2705 1384 2750 interpretum
1400 2703 1536 2748 vulgus,
1557 2711 1623 2734 tarn
1635 2698 1818 2734 Protestan-

1061 2755 1144 2786 tium
1178 2751 1275 2800 quam
1299 2750 1573 2786 *Pontificiorum
1612 2757 1777 2783 mutuatur
1800 2745 1817 2780 ὲ

1061 2800 1239 2836 Theodoreto
1249 2804 1281 2835 in
1294 2803 1419 2845 Dan.9.
1429 2801 1507 2836 vers.
1523 2812 1576 2844 27.
1589 2809 1686 2832 unam
1700 2794 1817 2829 scilicet

1062 2851 1112 2886 liic
1125 2852 1361 2887 hebdomadam
1376 2851 1432 2885 essc-
1445 2846 1705 2895 septuagesimam
1721 2849 1752 2879 &
1766 2845 1814 2878 ul-

1061 2904 1174 2935 timam
1196 2916 1204 2935 t
1233 2903 1266 2935 id
1286 2902 1454 2946 Propheta:
1476 2897 1566 2931 verba
1581 2895 1649 2930 satis
1672 2894 1817 2928 demon-

1060 2951 1142 2985 stant
1154 2951 1231 2984 vers.
1247 2956 1364 2995 25,26.
1379 2953 1408 2982 &
1424 2961 1476 2990 27.
1508 2947 1593 2979 Nam
1614 2943 1723 2992 primo
1740 2945 1813 2977 An-

1058 3002 1148 3048 gelus
1186 2997 1303 3033 Gabriel
1336 2994 1600 3044 septuagesimam
1645 2993 1750 3028 secans
1776 2994 1811 3027 in

1058 3049 1217 3088 membra,
1231 3048 1300 3094 post
1312 3046 1430 3094 septem
1446 3046 1649 3091 &sexaginta
1659 3045 1734 3078 duas
1747 3056 1812 3076 no-

1059 3102 1159 3133 mimt
1179 3111 1275 3132 unam
1296 3110 1330 3131 ut
1351 3096 1531 3130 membrum
1547 3097 1711 3128 ultimum.
1740 3095 1811 3126 De-

1058 3149 1130 3183 inde
1142 3147 1217 3183 vers.
1229 3159 1280 3193 25.
1298 3145 1475 3181 affirmatur
1489 3147 1524 3179 :id
1535 3157 1679 3190 tempora
1692 3141 1808 3187 Messiae

1059 3199 1125 3234 fore
1133 3197 1351 3234 hebdomadas
1362 3195 1483 3244 septem
1495 3195 1703 3240 &sexaginta
1714 3191 1806 3243 duas,

1760 3249 1805 3271 ita
