2048 3343
506 71 517 85 Γ

528 99 958 139 ErisTOLic

204 172 266 209 sam
283 173 457 209 doctrinam
475 172 574 207 multo
593 171 770 208 faciliorem
790 176 822 208 &
841 171 960 218 planio-

204 227 292 258 rem?
312 222 405 270 Resp.
430 220 558 257 Miseret
570 223 612 257 ita
624 222 682 257 tea
696 222 857 272 Spalatensi
869 219 959 254 dece-

203 285 291 320 ptum
303 298 313 313 ,
339 286 379 308 eo
393 272 480 320 quod
494 271 663 320 neglexeris
675 272 836 306 citationes
848 272 913 314 ejus
926 270 960 302 in

202 321 342 357 sontibus
356 322 512 369 inspicere.
536 322 587 355 En
598 320 752 368 duplicem
766 318 817 352 hi'c
829 320 893 361 ejus
902 315 958 352 fal-

202 373 320 407 laciam.
344 370 452 406 Primo
464 393 474 409 ‚
500 371 563 404 vult
581 365 755 403 te'crederc
773 363 933 400 obscuram
946 390 957 406 ‚

202 422 240 456 de
253 423 315 468 qua
325 421 370 454 ibi
381 419 520 466 loquitur
533 417 733 467 Augustinus,
752 415 956 464 quaestionem

202 469 260 507 esse
273 471 311 504 de
325 468 590 515 praedestinatione
603 482 611 502 ι
637 468 715 502 nihii
729 464 832 507 minus
843 464 888 498 est
901 477 954 499 ve-

201 533 288 560 rum;
307 531 377 552 nam
390 532 430 553 eo
443 519 505 551 loci
514 517 594 551 nulla
606 516 650 550 est
664 518 701 550 de
715 515 955 563 praedcstinatio-

197 582 238 604 ne
250 567 358 615 syllaba
372 591 380 604 ‚
407 567 473 601 imo
487 568 518 600 in
535 578 606 600 toto
619 567 672 600 illo
687 566 770 600 libro
783 577 890 611 parum
902 564 954 598 ad-

196 619 328 653 modum
341 618 377 651 dc
392 617 448 651 hac
458 616 584 651 materici
596 617 697 651 videre
712 614 768 648 cst.
793 612 955 654 Obscura,

195 669 234 703 de
246 671 308 716 qua
319 667 363 701 ibi
375 667 528 714 loquitur,
542 665 671 713 quaestio
683 663 727 699 cst
735 664 772 698 de
786 663 956 698 concordia

194 719 296 766 gratiae
304 730 374 752 cum
382 717 483 750 libero
496 713 806 761 arbitrio‚quomodo
820 725 885 746 non
895 712 955 745 ob-

193 767 342 802 stantibus
360 765 508 799 omnibus
527 766 579 811 Sp.
596 764 700 798 saneti
721 761 955 810 operationibus

193 818 226 850 in
238 816 340 850 anima
353 815 492 849 voluntas
505 825 607 847 tamen
621 813 716 851 libera
735 823 871 850 maneat,
893 822 956 844 tam

194 867 226 900 in
238 866 359 899 actibus
374 864 467 898 bonis
479 863 572 910 quam
586 863 682 896 malis.
709 863 741 896 si
761 863 831 895 libri
851 859 956 894 titulus

194 927 260 954 non
275 912 452 962 persuadeat
464 937 475 952 ‚
500 913 554 960 qui
573 911 618 946 est
641 912 679 946 de
698 912 794 958 gratia
808 915 838 945 &
856 910 956 943 libero

194 965 325 1000 arbitrio
332 988 342 1003 ,
356 975 421 997 non
428 973 529 996 autem
538 962 575 996 de
581 961 846 1008 praedcstinatione
854 963 884 993 δι
893 970 957 1005 gra·

197 1015 257 1053 tifi,
271 1012 361 1061 ipsius
375 1010 537 1061 Augustini
549 1011 789 1045 commentarius
801 1021 896 1043 omne
903 1009 956 1041 du-

199 1064 288 1098 bium
310 1062 496 1096 removebit.
523 1064 557 1095 In
576 1056 715 1107 epistolis
733 1058 791 1094 suis
806 1057 856 1092 isti
878 1058 960 1091 libro

198 1113 360 1157 subjectis,
373 1123 467 1157 quern
478 1110 515 1144 ad
528 1112 715 1143 Valentinum
727 1106 960 1145 Monachorum

199 1163 326 1197 illorum
346 1161 503 1194 Abbatem
522 1158 645 1198 scribit,
672 1158 800 1205 exponit
821 1167 959 1204 quaenam

198 1211 293 1246 fuerit
304 1209 437 1245 difficilis
453 1210 500 1243 illa
516 1208 645 1256 quaestio
655 1233 665 1249 ,
682 1209 720 1242 de
732 1209 794 1252 qua
805 1205 958 1252 loqueba-

198 1273 258 1296 tur.
270 1263 364 1295 Forte
374 1257 575 1306 (inquitipse)
584 1271 649 1292 non
656 1256 850 1302 intelligitur,
863 1266 955 1301 quan-

198 1312 243 1345 do
255 1309 467 1344 difficillimam
479 1313 511 1344 &
525 1308 626 1356 paucis
639 1305 867 1352 intelligibilem
876 1316 955 1350 qua:-

197 1361 333 1394 stionem
347 1359 481 1393 enodare
492 1368 638 1395 conatur,
651 1353 710 1402 ipsa
725 1355 769 1388 est.
777 1352 906 1401 quaestio
919 1352 956 1386 de

197 1411 373 1457 gratia,quae
386 1405 506 1445 fecit,ut
517 1405 662 1439 homines
675 1417 740 1439 non
755 1404 957 1450 intelligentes

197 1468 337 1506 putarent
346 1455 533 1503 Apostolum
541 1455 674 1490 Paulum
681 1454 794 1492 dicere,
800 1454 957 1498 faciamus

197 1509 298 1546 mala,
316 1516 350 1538 nt
362 1508 502 1538 eveniant
517 1503 602 1537 bona.
626 1503 669 1536 Et
681 1503 804 1538 iterum.
828 1503 882 1535 De
897 1504 958 1548 qua

196 1556 378 1591 difficillima
390 1552 575 1602 quaestione,
590 1552 653 1586 hoc
669 1551 730 1591 est,
751 1553 788 1586 de
801 1552 957 1585 voluntate

198 1611 230 1642 δι’
246 1606 342 1654 gratia
354 1608 415 1639 &a
433 1604 475 1637 Et
491 1604 562 1637 licet
575 1600 777 1650 quaestiouem
790 1602 828 1635 de
845 1600 957 1647 praede-

197 1656 363 1690 stinatione
375 1651 511 1688 vocasset
524 1651 737 1686 difficillimam
748 1675 759 1691 ,
779 1650 855 1684 nihil
868 1652 900 1684 in
918 1662 958 1684 eo

196 1704 298 1740 fuisset
310 1702 523 1742 incommodi,
544 1701 616 1736 cum
630 1702 661 1735 in
679 1701 715 1735 eei
728 1699 898 1749 quaestione
911 1703 957 1734 A-

196 1754 338 1803 postolus
363 1752 572 1788 exclamaverit
588 1751 603 1784 ὃ
613 1752 787 1800 profunda!
804 1749 954 1791 Facilitas,

197 1806 389 1852 quamintua
401 1803 438 1837 de
452 1801 717 1849 praedestinatione
730 1799 956 1847 sententiapro-

195 1854 292 1889 fiteris
307 1879 316 1894 ‚
341 1866 408 1888 eam
423 1852 521 1886 reddit
534 1850 700 1899 suspectam
713 1876 723 1890 ,
748 1851 834 1898 quod
847 1862 911 1884 non
923 1849 958 1884 sit

196 1903 348 1951 Apostoli
361 1901 596 1950 praedestinatiO,
610 1914 702 1948 quam
715 1902 739 1934 is
753 1912 814 1934 tam
828 1897 955 1947 profun-

196 1955 268 1987 dam
282 1954 415 1987 invenit:
434 1963 591 1998 utcunque
610 1950 686 1984 nihil
699 1964 739 1984 eo
749 1950 811 1984 loci
829 1952 866 1984 de
880 1962 956 1996 prae-

198 2002 417 2036 destinatione:
437 2006 466 2036 &
481 2002 665 2049 Spm'atenfis,
683 2001 736 2047 qui
749 2000 805 2034 tibi
818 1999 957 2047 persuasit

197 2053 387 2086 contrarium
396 2076 405 2090 ,
418 2053 479 2098 agit
492 2050 710 2097 impostorem.

246 2103 363 2135 Verum
378 2099 504 2134 secunda
520 2103 583 2144 ejus
599 2098 712 2133 fallacia
727 2099 828 2133 multo
842 2099 886 2134 est
900 2112 955 2146 pe—

199 2152 251 2194 jor
265 2150 361 2196 priori
375 2174 384 2188 ‚
409 2151 483 2183 dum
497 2149 699 2199 Mtgustmus
713 2150 749 2183 de
762 2149 820 2182 illis
838 2152 953 2183 Mona-

199 2199 263 2232 chis
276 2200 472 2246 loquen5,qui
481 2201 585 2232 omnia
593 2199 955 2248 nonintelligebanr‚quae

198 2246 259 2295 ipse
272 2248 309 2282 de
322 2249 453 2295 gratia&
463 2248 564 2282 libero
576 2249 704 2281 arbitrio
718 2246 886 2294 scripserat,
899 2262 954 2282 eos

199 2309 277 2335 orat,
293 2309 337 2335 ut,
353 2309 419 2343 quae
431 2298 654 2334 intellexerunt,
664 2295 792 2329 firmiter
805 2307 954 2333 tenerent,

197 2351 229 2381 &
243 2359 309 2393 quoe
324 2343 678 2391 nondumintelligebant
688 2367 697 2381 ,
712 2344 956 2389 peterentaDeo

198 2397 300 2429 lucem
310 2396 346 2429 ad
359 2394 413 2428 ista
426 2395 517 2428 etiam
531 2394 725 2440 intelligenda
733 2416 742 2430 ,
757 2392 871 2426 interea
880 2393 954 2427 dum

987 100 1505 141 ACotLAT1o.
1693 118 1756 156 149

997 185 1058 220 que
1077 175 1142 218 ejus
1160 174 1262 209 seculo
1274 187 1309 208 ac
1321 173 1438 222 semper
1449 175 1556 222 postea
1568 176 1756 215 orthodoxi

996 235 1124 257 omnem
1144 225 1380 272 ‘Pelagianorum
1392 226 1609 260 tolerationem
1623 227 1756 276 denega-

997 270 1072 306 bant
1088 286 1098 312 3
1123 285 1178 307 eos
1189 275 1272 307 enim
1289 272 1329 306 ab
1341 274 1466 308 ecclesia
1482 278 1754 312 excommunican-

994 320 1062 360 dos,
1074 322 1247 368 &imperio
1255 322 1405 355 Romano
1412 324 1581 367 ejiciendos
1588 326 1752 362 docebant.

994 370 1094 418 Qod
1108 369 1173 405 haec
1185 370 1348 418 Augustini
1360 383 1446 405 mens
1459 377 1489 407 &
1503 374 1580 408 illius
1589 372 1677 408 seculi
1687 388 1753 422 pra-

991 419 1035 451 xis
1049 416 1140 451 fuerit
1149 442 1159 456 ,
1189 419 1209 453 si
1222 420 1356 459 dubites,
1369 421 1472 454 multis
1485 421 1668 458 testimoniis
1681 438 1753 472 pro-

993 466 1064 500 bare
1080 465 1212 514 possum.
1231 470 1303 515 Jam
1316 480 1417 504 autem
1430 472 1483 518 qui
1495 471 1526 504 in
1540 473 1753 519 quaestioneil-

992 517 1032 556 la,
1042 529 1134 564 quam
1147 527 1236 551 vocat
1248 515 1417 555 difficilem,
1430 519 1594 569 Augustino
1606 521 1633 555 se
1647 536 1752 570 oppo-

991 566 1125 606 nebant,
1139 565 1226 613 quod
1239 578 1303 600 non
1318 566 1368 599 alii
1382 565 1495 603 fuerint
1509 570 1602 617 quam
1618 574 1753 620 Pelagta-

990 618 1022 648 m‘
1034 639 1042 652 ‚
1063 616 1177 649 clarum
1192 614 1236 649 est
1253 629 1263 656 3
1289 627 1360 649 nam
1374 628 1573 664 praeterquam
1587 619 1675 668 quod
1686 632 1753 655 tum

990 666 1140 712 temporis
1157 677 1274 699 nomen
1297 665 1555 711 cMzffilienfium
1575 673 1604 703 δι
1623 673 1753 719 Semipe-

990 716 1176 763 lagianormm
1191 715 1332 748 nondum
1345 714 1436 750 fuerit
1450 717 1599 757 auditum,
1612 718 1753 760 obscura,

991 764 1134 811 quamibi
1148 763 1278 804 discutit,
1290 764 1419 811 quaestio
1434 765 1487 802 est,
1501 778 1575 800 num
1583 767 1754 802 actuslibe-

991 815 1016 846 ri
1031 814 1148 848 arbitrii
1163 825 1337 847 mercantur
1357 816 1501 862 gratiam:
1519 814 1695 853 affirmativa
1708 817 1754 852 est

992 864 1159 909 praecipuus
1173 865 1285 911 Pelagii
1297 863 1469 903 erroneum
1480 864 1754 902 maximedeviaret

992 913 1008 946 a
1020 924 1107 951 vero,
1122 915 1154 946 &
1166 913 1219 958 qui
1233 925 1290 958 pro
1298 913 1432 959 parteibi
1441 912 1609 949 affirmante
1623 914 1751 956 stabant,

992 973 1082 995 vocat
1096 959 1233 1008 expresse
1246 961 1389 996 homines
1402 963 1574 998 vaniffimos
1588 969 1619 999 δε
1632 978 1752 1012 perver-

993 1010 1130 1049 fiffimos,
1139 1023 1203 1044 non
1216 1008 1402 1050 defensores,
1413 1011 1462 1046 sed
1470 1012 1624 1048 inflatores
1635 1019 1751 1062 &prae-

993 1061 1168 1106 cipitatores
1182 1060 1270 1094 liberi
1283 1061 1417 1095 arbitrii:
1441 1062 1528 1108 quod
1540 1062 1635 1110 longe
1648 1064 1751 1098 aberat

994 1110 1174 1143 abonisillis
1189 1109 1425 1158 Monachis‚qui
1439 1110 1630 1146 nihilcontra
1642 1116 1751 1161 Augu—

986 1158 1101 1203 stinum
1115 1157 1307 1194 affirmabant
1321 1183 1331 1198 ‚
1356 1161 1410 1207 qui
1431 1160 1467 1194 de
1480 1163 1545 1206 ejus
1558 1161 1704 1196 sententia
1717 1167 1750 1197 &

993 1208 1191 1242 conclufione
1203 1209 1280 1242 nihil
1295 1208 1476 1243 dubitabant
1482 1211 1618 1249 ,tantum
1633 1223 1752 1259 partem

993 1260 1125 1305 aliquam
1153 1259 1218 1301 ejus
1244 1269 1498 1305 argumentorum
1523 1272 1588 1293 non
1601 1262 1753 1308 percipie-

992 1307 1083 1346 bant,
1105 1319 1172 1353 quae
1190 1317 1223 1340 ut
1237 1308 1429 1354 perciperent
1442 1307 1571 1343 orabant
1585 1313 1708 1350 Deum,
1722 1314 1754 1345 &

990 1356 1029 1389 ab
1043 1352 1082 1390 eo
1095 1356 1172 1389 hanc
1190 1357 1317 1404 gratiam
1330 1369 1403 1390 mox
1418 1356 1483 1391 sunt
1499 1357 1697 1406 consequuti:
1716 1373 1755 1393 o—

992 1418 1077 1439 mnes
1090 1406 1190 1445 enim,
1205 1416 1237 1439 ut
1248 1405 1317 1452 ipsis
1331 1407 1611 1454 proximaepistolfi
1625 1411 1754 1457 eAngu-

984 1455 1080 1498 stz'nus
1091 1456 1321 1502 congratulatur
1330 1479 1338 1491 ‚
1353 1453 1415 1490 viso
1430 1454 1568 1502 sequenti
1579 1460 1644 1502 ejus
1653 1458 1751 1499 libro,

992 1504 1081 1552 plene
1099 1504 1154 1537 fibi
1168 1502 1351 1538 satisfactum
1362 1502 1489 1551 professi
1506 1504 1582 1540 sunt.

1040 1553 1142 1604 Qod
1155 1553 1191 1588 ad
1205 1552 1426 1602 eAugustz'num
1437 1579 1447 1594 ‚
1464 1558 1495 1589 &
1508 1566 1636 1589 caeteros
1652 1554 1695 1590 sui
1708 1555 1754 1591 se-

972 1625 974 1640 ι
991 1605 1051 1638 culi
1064 1608 1185 1643 Patres,
1204 1602 1225 1637 fi
1240 1615 1349 1637 eorum
1363 1616 1502 1638 mentem
1519 1602 1592 1639 scire
1605 1605 1754 1641 desideras

993 1654 1030 1688 de
1043 1665 1149 1688 errore
1161 1654 1193 1686 in
1206 1654 1303 1700 capite
1317 1653 1604 1700 praedestinationis,
1621 1668 1754 1703 perpen-

992 1703 1029 1738 de
1043 1714 1104 1738 tres
1116 1702 1210 1736 hosce
1222 1703 1312 1736 locos
1328 1717 1336 1736 :
1363 1703 1497 1750 primum
1511 1704 1548 1739 ad
1571 1706 1754 1755 Qodvult-

992 1755 1083 1788 deum
1096 1751 1199 1787 haerefi
1215 1754 1265 1787 88.
1291 1753 1359 1786 Dei
1382 1754 1397 1798 (
1411 1754 1539 1801 inquit)
1560 1756 1674 1802 gratiae,
1692 1754 1754 1803 qua

991 1802 1193 1851 praedestinati
1214 1800 1315 1836 sumus
1338 1802 1372 1836 in
1390 1803 1598 1850 adoptionem
1613 1803 1753 1840 filiorum

991 1866 1044 1901 per
1052 1850 1156 1900 Jesum
1171 1850 1331 1886 Christum
1343 1876 1353 1891 ,
1372 1856 1403 1887 &
1417 1855 1480 1900 quii
1493 1854 1630 1888 eruimur
1642 1855 1680 1889 de
1692 1867 1752 1902 po-

993 1903 1099 1937 testate
1111 1901 1308 1936 tenebrarum
1321 1902 1608 1937 &transferimurin
1621 1916 1752 1952 regnum

992 1955 1055 1998 ejus
1063 1977 1072 1992 ,
1086 1962 1213 2000 propter
1224 1951 1311 1998 quod
1322 1952 1373 1990 ait,
1386 1953 1484 1985 Nemo
1497 1956 1581 1986 venit
1591 1953 1634 1986 ad
1643 1967 1690 1987 me
1699 1953 1755 1998 mſs

983 2004 1082 2048 fuerit
1097 2002 1201 2035 datum
1214 2006 1240 2033 ει
1252 2000 1271 2033 ά
1284 2003 1385 2034 *Patre
1396 2014 1459 2034 meo
1468 2026 1478 2040 ,
1503 2003 1535 2034 in
1557 2013 1675 2036 tantum
1689 2004 1750 2036 ini-

992 2053 1064 2086 mici
1078 2050 1155 2091 sunt,
1169 2062 1201 2084 ut
1216 2049 1276 2084 fine
1289 2049 1345 2084 hac
1358 2050 1443 2097 poffe
1457 2050 1581 2085 credant
1593 2055 1653 2086 &c.
1683 2053 1751 2086 Pri-

991 2115 1077 2136 mum
1091 2105 1121 2135 &
1133 2101 1311 2148 primarium
1331 2102 1443 2149 Pelagii
1464 2112 1603 2134 errorem
1617 2101 1667 2134 hic
1678 2099 1750 2135 facit

990 2155 1054 2197 ejus
1069 2151 1262 2184 inimicitiam
1275 2149 1377 2196 gratiae
1396 2148 1668 2196 praedestinationis
1680 2174 1689 2187 ‚
1716 2155 1749 2186 &

990 2204 1054 2246 ejus
1068 2201 1265 2247 negationem
1280 2211 1385 2246 primae
1401 2203 1431 2233 &
1445 2200 1584 2233 maximae
1599 2200 1664 2233 Dei
1677 2212 1749 2247 erga

989 2264 1048 2284 nos
1066 2248 1280 2283 misericordiae
1298 2249 1329 2281 in
1347 2247 1453 2284 nostra
1472 2248 1627 2283 electione
1648 2248 1664 2282 εὶ
1688 2249 1749 2295 quz‘i

988 2299 1124 2345 pendent
1140 2301 1172 2331 &
1193 2297 1292 2330 fluunt
1311 2309 1420 2330 omnes
1439 2296 1626 2344 posteriores
1645 2298 1747 2344 gratiae

988 2346 1182 2390 adoptionis,
1196 2346 1384 2383 vocationis,
1402 2345 1492 2383 fidei,
1504 2345 1748 2388 justificationis,

989 2392 1236 2427 sanctificationis
1248 2397 1279 2426 &
1292 2390 1529 2438 perseverantiae.

1035 2444 1113 2477 Non
1127 2440 1171 2475 est
1190 2440 1314 2475 firmum
1335 2441 1415 2484 Voffit
1435 2453 1650 2490 argumentum
1663 2467 1673 2483 ‚
1705 2456 1745 2478 eo
1758 2461 1869 2489 fallacia

989 2492 1076 2540 (11le
1090 2490 1236 2540 eAugust,
1257 2491 1288 2524 in
1301 2491 1409 2537 primis
1427 2490 1483 2525 suis
1499 2504 1569 2526 cum
1583 2494 1746 2541 Pelagiamsss
1757 2503 1834 2530 etiam
1844 2497 1891 2538 Vos-

988 2541 1242 2590 disputationibus
1260 2553 1315 2574 eos
1338 2542 1490 2588 praecipue
1507 2554 1699 2589 oppugnaret
1713 2539 1792 2576 infit·

199 2445 338 2492 quaedam
358 2443 476 2478 suarum
495 2445 649 2477 rationum
664 2454 730 2475 nou
743 2453 901 2489 caperent,
922 2446 953 2476 δι

198 2508 257 2541 pro
272 2495 340 2528 luce
353 2495 383 2527 in
396 2495 452 2528 illis
467 2496 572 2528 Deum
594 2503 806 2540 precarentur;
827 2492 955 2539 optabat

199 2545 410 2590 acaetcris,qui
422 2542 803 2590 omniaintelligcbant,ne
817 2542 892 2575 alios
907 2554 953 2575 re-

199 2595 342 2637 jicerent,
357 2592 405 2627 sed
420 2606 559 2627 amorem
575 2597 604 2627 δι
619 2604 725 2640 pacem
734 2604 805 2625 curn
818 2591 953 2625 iiscole-

199 2654 284 2681 rent,
299 2656 362 2676 non
370 2643 511 2677 obstante
522 2655 632 2677 eorum
644 2641 787 2681 ruditate,
798 2654 852 2689 per
863 2654 954 2688 quam

199 2693 290 2726 initio
303 2705 367 2726 non
380 2704 521 2739 caperent
534 2693 650 2731 omnia,
660 2704 726 2738 quae
739 2692 890 2726 acutiores
897 2690 953 2725 sta-

200 2743 256 2775 tim
271 2754 468 2787 acceperant;
495 2755 530 2775 ex
548 2741 611 2776 hoc
624 2739 753 2776 discursu
771 2741 956 2775 concludere

201 2803 231 2826 te
239 2791 331 2825 docet
337 2791 605 2840 Spalatc‘nfis,quod
614 2792 803 2839 Auguffmus
810 2790 872 2825 istis
879 2804 955 2826 con-

204 2841 325 2874 cederet
343 2842 462 2886 plenam
483 2842 653 2875 libertatem
672 2841 882 2874 contradicere
901 2839 956 2875 suae

202 2889 294 2929 thesi,
314 2894 343 2925 δι
357 2890 433 2924 hanc
447 2891 726 2925 contradictionem
739 2889 889 2937 perpetuo
903 2891 956 2924 de-

200 2939 334 2978 fendere,
345 2941 410 2974 imo
419 2945 447 2976 ἃ
458 2940 636 2974 hominibus
645 2938 875 2987 quibuscunque
882 2952 956 2974 con-

202 2990 288 3023 cedat
308 2987 387 3023 suam
410 2992 439 3024 in
459 2991 505 3025 liis
525 2989 747 3037 quaestionibus
777 2988 956 3024 seutentiam

202 3051 395 3085 oppugnare,
411 3040 503 3087 idque
520 3042 551 3073 in
567 3051 766 3088 perpetuum,
782 3043 813 3073 &
829 3040 882 3086 qui
892 3038 955 3073 hoc

201 3087 336 3121 facerent
351 3088 421 3122 velit
434 3091 555 3123 tolerari
570 3114 578 3129 ‚
605 3094 634 3124 ὃ(
649 3102 719 3122 cum
732 3089 768 3122 iis
781 3087 956 3123 charitatem

201 3142 230 3171 ἃ
242 3149 346 3183 pacem
359 3139 432 3172 coli.
461 3137 647 3182 Huiusmodi
657 3137 870 3172 conclusiones
883 3151 955 3184 pro-

202 3188 249 3221 cul
260 3196 344 3220 erant
357 3188 395 3222 ab
403 3189 564 3237 Augustani
577 3199 698 3224 mente:
712 3188 736 3222 is
745 3185 958 3223 enimomnes-

987 2592 1146 2626 erroribus
1159 2591 1196 2624 de
1210 2590 1364 2637 Originali
1379 2601 1505 2636 peccato
1518 2596 1548 2625 &
1569 2593 1688 2626 Libero
1701 2605 1746 2626 ar-

989 2642 1098 2680 bitrio,
1116 2639 1245 2688 quaestio
1259 2639 1336 2673 vero
1345 2640 1383 2673 de
1398 2639 1662 2686 praedestinatione
1672 2653 1745 2676 tunc

989 2690 1060 2726 effet
1073 2690 1233 2724 adventitia
1246 2713 1254 2725 ‚
1279 2701 1344 2722 nou
1357 2691 1431 2726 verb
1445 2691 1603 2736 primarius
1615 2702 1744 2725 contro-

987 2740 1086 2776 verfiae
1095 2737 1288 2787 status,quod
1297 2739 1369 2772 hinc
1382 2738 1532 2787 sequatur,
1541 2739 1744 2787 quaestionem

988 2793 1025 2826 de
1043 2788 1310 2838 praedestinatione
1327 2788 1439 2823 eodem
1458 2789 1531 2823 loco
1552 2788 1669 2836 semper
1689 2789 1745 2824 ha-

988 2841 1120 2875 bendam
1131 2837 1188 2872 effe
1201 2862 1210 2878 ,
1221 2851 1286 2872 non
1299 2837 1343 2872 est
1350 2836 1493 2873 solidum:
1508 2851 1578 2872 nam
1586 2839 1744 2874 multoties
1786 2875 1789 2877 ,

989 2890 1051 2924 istae
1066 2887 1265 2936 quaestiones,
1284 2901 1351 2934 qua:
1369 2889 1429 2921 litis
1443 2888 1532 2921 initio
1545 2887 1611 2922 sunt
1622 2889 1743 2924 tantum

989 2939 1210 2977 accidentariae‚
1226 2941 1258 2972 δε
1273 2938 1376 2971 obiter
1388 2937 1541 2977 incidunt,
1556 2937 1663 2984 postea
1675 2952 1743 2972 eva-

987 2991 1062 3025 dunt
1073 2986 1287 3023 controverfiae
1299 2987 1488 3034 principales,
1497 2998 1546 3021 aut
1558 2988 1636 3027 inter
1647 2989 1743 3022 maxi-

990 3040 1040 3074 ιῃὲ
1053 3039 1227 3085 praecipuas.
1249 3035 1356 3076 Nosti,
1366 3049 1433 3083 quae
1445 3036 1540 3071 hodie
1552 3049 1622 3071 cum
1633 3039 1742 3071 Ponti-

990 3089 1067 3122 ficiis
1089 3085 1273 3134 disputamus
1298 3086 1335 3121 de
1358 3086 1519 3131 Scripturis
1538 3090 1569 3121 ὃ(
1588 3087 1742 3126 Ecclesia,

990 3148 1222 3184 quantacunque
1239 3135 1395 3169 volumina
1413 3136 1451 3169 de
1469 3133 1549 3170 hisce
1563 3139 1623 3180 jam
1636 3136 1742 3182 scripta

991 3187 1063 3227 sint,
1076 3198 1179 3221 tamen
1193 3186 1285 3219 initio
1299 3185 1417 3219 tantum
1429 3198 1483 3232 per
1497 3186 1654 3226 accidens,
1672 3185 1744 3219 obi-

1382 3235 1425 3268 Tt
1451 3248 1463 3280 3

1698 3244 1745 3267 ter
