2048 3343
420 110 487 139 ET
547 103 1214 142 Cnssouotoercr

1271 99 1300 138 L
1318 111 1332 138 1
1352 112 1389 142 Β.
1419 102 1448 141 Ι.
1645 101 1732 147 273>

172 178 274 213 Rom.
299 187 349 211 11.
370 186 403 210 v.
418 186 469 222 15.
492 174 633 224 expresse
653 185 789 210 vocatur
810 174 928 218 refime-
976 168 1104 213 Ezekiel
1123 181 1306 214 memorat,
1328 185 1399 208 non
1418 172 1733 222 legimusftMacc34

172 228 226 262 {lio
245 225 410 266 dmm-tuis,
429 227 506 273 quid
524 239 604 274 ergo
615 235 704 260 vetat
721 221 929 259 resurreetio-

173 288 248 311 nem
269 274 389 309 lsra'e'lis
409 275 448 309 ab
469 274 610 314 Ezekiele
628 273 687 308 suo
709 271 871 307 tricesimo
883 268 929 302 se-

171 327 280 372 ptimo
292 336 357 359 tam
369 323 437 359 fule
446 348 455 364 ,
467 335 532 357 tam
545 321 686 357 dilucide
697 347 706 361 ‚
718 324 753 354 δε
767 316 928 366 pathetice

170 374 342 421 expreffim
354 398 364 413 ,
385 374 466 406 ultra
479 372 614 406 reditum
632 370 649 405 Ξι
660 371 846 417 captivitate
863 369 927 401 Ba-

173 421 324 468 bylonica
341 422 378 456 de
390 419 560 455 novissim&
572 417 733 468 plen-‘tque
750 418 927 453 restitutio-

171 484 212 507 ne
239 472 350 519 populi
378 469 465 505 istius
492 472 694 517 interpretari
712 473 724 503 ?
762 468 927 516 Imprimis

171 520 246 556 cum
258 522 450 568 repetitione
461 521 529 567 typi
546 519 749 554 demonstret
765 517 927 564 Propheta

172 583 380 619 nequaquam
400 569 430 604 se
454 570 548 618 loqui
569 569 608 604 dc
627 570 683 603 tali
701 567 945 602 resurreetione.

174 619 296 654 Israelis
307 644 316 659 ‚
332 633 401 668 quae
413 619 450 654 ad
463 620 550 654 solos
561 619 681 654 iudaeos
692 618 845 665 spectaret
855 641 863 655 ,
877 615 929 649 sed

172 670 212 704 de
229 671 284 704 tali
304 683 376 717 quae
394 681 497 703 totam
517 670 653 704 domum
665 665 758 702 Iacobi
771 692 780 706 ‚
803 665 929 700 duode-

172 722 236 754 cim
249 731 365 753 omues
378 720 484 753 tribus
494 719 534 753 ab
545 720 641 753 exilio
653 726 835 752 revocaret:
860 717 929 748 imo

171 768 251 803 vero
270 781 338 815 quae
357 781 472 803 omnes
491 766 547 802 sub
564 767 692 801 Davidis
705 770 736 801 ὃ(
751 762 850 803 Christi
866 777 929 812 gu-

171 817 361 852 bernamine
377 829 525 865 poneret.
562 818 702 852 Certum
729 815 772 850 est
791 814 846 849 ista
856 825 929 848 ante

170 868 238 902 dies
250 866 411 902 »Antiochi
423 881 490 901 non
505 866 598 902 faeta,
613 870 643 900 &
657 878 734 900 num
746 866 815 898 talis
828 866 930 898 totius

171 915 389 952 domfislacobi'
401 915 592 951 resurreetio
603 916 639 949 ad
653 915 737 949 hunc
750 915 837 948 diem
848 927 927 948 con-

173 969 295 1014 tigerit,
308 965 427 1000 merito
438 966 614 1000 dubitatur.
628 964 727 999 Certe
738 963 926 997 restauratio

171 1016 189 1050 i
202 1016 364 1063 Propheta
386 1014 535 1062 promisso.
555 1016 700 1062 jungitur
720 1025 793 1046 cum
807 1025 926 1059 purga-

172 1067 264 1100 tione
277 1065 387 1099 decem
408 1066 551 1100 tribuum
571 1075 638 1098 non
656 1060 788 1096 tantum
800 1061 840 1095 ab
852 1061 928 1095 ido-

976 220 1051 256 baeis
1060 231 1283 268 perpetratam.

1021 269 1176 316 Septimo.
1202 271 1275 304 Rex
1286 269 1422 321 Goguuz}
1432 285 1506 307 cum
1520 272 1577 309 suo
1585 276 1733 311 exercitu

973 328 1041 351 uno
1056 318 1186 353 tantum
1198 321 1309 367 praelio
1322 323 1353 353 in
1365 332 1434 367 quo
1453 321 1532 355 nihil
1543 336 1659 372 pugnae
1669 323 1733 359 fuit

975 369 1110 414 populi,
1128 368 1181 403 sed
1194 380 1301 403 totum
1314 370 1375 403 Dei
1397 370 1428 403 in
1450 373 1619 408 montibus
1638 373 1734 409 lsrae'-

963 417 1009 449 'lis
1043 418 1248 456 conciditur,
1286 421 1318 452 &
1346 417 1413 466 ipse
1440 422 1504 470 Gog
1533 433 1600 455 non
1621 422 1731 458 minus

971 465 1066 512 quim
1085 469 1152 511 ejus
1176 469 1336 500 exercitus
1356 468 1464 508 cadit,
1498 466 1634 518 ipsc'que
1660 485 1730 514 non

973 514 1082 550 minus
1100 515 1197 564 quim
1216 515 1262 550 sui
1288 517 1407 551 milites
1424 517 1574 565 sepelitur
1594 521 1626 553 in
1652 521 1732 557 terrz'i

973 565 1184 611 Judaeotum:
1211 567 1315 614 Atqui
1335 566 1419 601 nihil
1441 569 1503 604 tale
1520 566 1559 602 de
1580 567 1731 617 Epiphani-

975 628 1084 650 verum
1097 613 1170 649 fuit.
1441 627 1446 632 ·

1026 663 1169 699 Offavo.
1197 666 1318 700 Deleto
1328 665 1470 701 exercitu
1483 666 1729 715 Gogi,1srafflitae

975 726 1089 748 eorum
1101 714 1212 748 omnia
1222 728 1309 750 arma
1324 713 1464 750 flammis
1475 716 1730 765 absumpserunt,

975 767 1009 797 Sc
1029 762 1084 811 ipsi
1100 765 1133 797 in
1147 764 1265 812 magnii
1281 776 1359 812 pace
1372 766 1541 801 vixerunt:
1565 770 1733 816 Atquilu-

974 813 1032 847 daei
1048 814 1193 847 extincto
1208 811 1360 848 Antiocho
1379 812 1528 862 Epiphane
1541 817 1628 853 nulla
1645 832 1732 854 arma

975 861 1246 907 consumpserunt
1259 887 1267 902 ‚
1285 865 1335 899 sed
1356 864 1455 911 qudm
1476 877 1616 914 potuere
1626 871 1734 915 pluri-

976 923 1029 945 ma
1045 910 1288 957 recollegerunt
1300 939 1308 950 ,
1330 913 1488 960 urbesque
1509 919 1543 950 &
1561 928 1645 952 arces
1664 919 1732 953 suas

975 961 1284 1000 communiverunt,
1314 973 1348 995 ut
1373 974 1485 997 contra
1508 964 1732 1002 formidabiles

974 1007 1226 1058 frequentesque
1245 1007 1455 1047 successorum
1467 1012 1616 1049 Antiochi
1632 1018 1733 1051 insul-

975 1070 1024 1094 tus
1036 1056 1066 1093 se
1077 1071 1269 1094 tutarentur.

172 1114 300 1150 lolatrizi
311 1141 320 1154 ‚
348 1114 399 1149 sed
425 1119 456 1148 ὅ(
476 1115 515 1147 ab
532 1113 623 1148 omni
636 1113 810 1159 iniquitate
823 1108 927 1158 quiise
1023 1107 1128 1156 Qod
1139 1109 1178 1143 ad
1189 1107 1380 1144 sententiam
1394 1108 1525 1145 alteram
1535 1112 1733 1147 Pontificio-
1749 1118 1839 1145 Contra

177 1166 363 1213 polluerunt
374 1167 406 1197 in
418 1164 496 1196 locis
507 1163 550 1196 sui
562 1161 647 1196 exilii
659 1174 686 1195 c.
702 1174 755 1207 37.
767 1174 796 1194 v.
810 1173 826 1194 2
835 1173 865 1193 z.
874 1161 926 1192 in·
975 1160 1117 1205 rum,qui
1128 1158 1426 1206 bellumGogicum
1436 1171 1501 1194 tam
1512 1164 1624 1196 loannis
1634 1160 1730 1212 quzim
1745 1168 1848 1186 comm»-
1872 1197 1877 1203 ,

170 1215 283 1261 primis
300 1212 340 1246 ab
358 1211 547 1246 infidelitate
566 1214 600 1244 &
615 1210 797 1246 rebellione
813 1220 927 1243 contra
974 1206 1131 1248 Ezekielio,
1144 1209 1263 1243 volunt
1280 1209 1338 1242 effe
1353 1211 1448 1244 unius
1460 1209 1636 1257 Antichristi
1651 1225 1733 1247 con-
1746 1203 1876 1246 neq-'ron-

170 1262 382 1308 Euangelium
396 1285 404 1297 ‚
418 1265 485 1306 jam
499 1259 577 1295 vero
595 1262 668 1295 talis
686 1260 735 1294 vel
749 1260 928 1306 plerorum·
975 1269 1023 1292 tra
1036 1257 1208 1293 Ecclesiam
1228 1260 1261 1292 in
1282 1256 1347 1292 fine
1365 1258 1484 1302 seculi,
1506 1261 1623 1296 &hinc
1635 1275 1729 1298 unam
1741 1245 1889 1317 ᾖζῖἑᾜῖη,

171 1324 235 1360 que
247 1310 446 1359 Judseorum,
459 1310 579 1344 nedum
593 1312 821 1356 plerorumque
832 1309 929 1343 1srae‘-
976 1307 1101 1342 suarum
1115 1307 1434 1343 demonstrationum
1447 1321 1599 1345 extruunt
1617 1311 1655 1346 de
1669 1325 1731 1347 no-
1748 1333 1875 1363 argumm.

169 1362 299 1396 litarum
324 1361 470 1408 purgatio
486 1360 636 1394 nondum
658 1369 805 1405 apparuit
820 1383 829 1399 ,
854 1369 930 1392 tan-
978 1356 1034 1391 ἣτ’-3
1045 1356 1448 1406 haeresiblasphemiaque,
1465 1361 1521 1407 qui
1536 1360 1733 1397 Pontificem
1747 1372 1785 1394 ta.

172 1409 244 1445 tum
260 1410 346 1444 abest
366 1422 402 1445 ut
415 1410 482 1445 dies
500 1407 645 1443 Antiochi
665 1405 821 1456 Epiphanis
839 1418 929 1443 aute-

173 1460 307 1495 cesserit.

220 1505 337 1543 Tertio
378 1509 449 1541 Rex
463 1511 537 1559 Gog‚
548 1506 588 1542 de
598 1521 666 1555 quo
678 1505 803 1547 Ezek-el
813 1532 821 1547 ‚
833 1507 931 1541 innu-

174 1558 367 1594 merabilem
387 1557 531 1592 habebat
551 1559 728 1591 exercitum
743 1581 752 1596 ‚
781 1556 932 1591 constan-

175 1620 242 1642 tem
257 1607 402 1652 inprimis
417 1620 454 1641 ex
466 1606 592 1654 Scythis
604 1606 932 1653 Septentrionalibus,

178 1662 211 1692 &
232 1656 446 1700 AEthiopibus
472 1668 508 1689 ac
531 1655 618 1690 Afris
643 1656 933 1691 Meridionalibus:

175 1709 224 1742 At
238 1702 404 1740 Antiochus
416 1703 579 1753 Epiphanes
590 1706 715 1739 nullum
725 1719 869 1753 unquam
885 1706 934 1741 vel

177 1768 291 1791 contra
302 1757 473 1800 AEgyptios
487 1755 537 1788 vel
550 1751 656 1789 Persas
669 1780 678 1796 ,
694 1756 811 1789 nedum
822 1767 935 1791 contra

176 1804 469 1853 infirmosjudaeos
487 1806 665 1838 exercitum
683 1804 774 1839 duxit
795 1818 933 1840 numero

175 1855 267 1890 valde
282 1854 464 1889 notabilem
478 1855 526 1889 vel
539 1853 744 1902 singularem:
769 1860 799 1889 δέ
814 1854 891 1891 vero
903 1857 935 1890 in

175 1908 244 1948 ejus
265 1905 409 1939 exercitu
431 1905 667 1952 nulliunquam
681 1904 829 1951 Scythae,
855 1907 936 1940 nulli

177 1953 348 1999 AEthiopes
372 1964 550 1994 notantur3
577 1954 657 1987 nulli
678 1953 811 1989 istorum
831 1968 934 2002 popu-

179 2004 287 2037 lorum
297 2004 485 2050 Epiphaniae
496 2003 629 2037 ditionis
641 2001 783 2043 fuerunt,
794 2017 852 2039 nec
864 2005 938 2052 Epi-

175 2051 279 2100 phanis
293 2053 399 2087 seculo
420 2054 454 2087 in
476 2053 563 2100 Syriai
583 2065 704 2088 merere
718 2053 875 2102 stipendia
889 2056 938 2088 (0-

183 2103 305 2137 lebant.

234 2149 378 2197 Qiarto.
405 2151 580 2186 Invadente
593 2157 671 2203 Gogo
684 2177 692 2190 ,
716 2153 780 2187 Dei
795 2155 938 2201 populus

183 2203 217 2235 in
230 2204 313 2236 villis
324 2203 442 2248 apertis
455 2200 622 2237 habitabat
635 2202 742 2236 secure
755 2227 763 2239 ‚
785 2216 844 2237 nec
858 2205 939 2238 ullas

184 2263 270 2285 arces
289 2262 343 2285 aut
368 2252 511 2285 munitas
535 2253 682 2286 civitates
709 2251 848 2286 habebat
869 2266 938 2300 cap,

192 2301 246 2344 38.
257 2313 285 2333 v.
304 2312 315 2332 1
329 2312 356 2333 1.
384 2302 486 2346 Atqui
497 2301 610 2335 diebus
622 2297 768 2336 Antiochi
779 2299 934 2349 Epiphanio

186 2348 282 2381 multi
296 2348 392 2391 Iudoei
402 2347 628 2383 munitissimas
641 2351 786 2383 civitates
799 2350 938 2396 postide-

187 2395 279 2434 bant,
289 2401 319 2429 δε
332 2396 559 2443 Hierosolyma
572 2398 690 2432 talibus
703 2400 801 2432 muris
813 2411 848 2432 ac
861 2412 938 2446 pro-

186 2446 382 2491 pugnaculis
403 2449 526 2479 munita
541 2445 600 2479 fuit
611 2472 621 2485 ‚
638 2458 672 2481 ut
686 2444 840 2494 Epiphanio
851 2447 939 2484 visu-

189 2493 341 2528 stinendae
355 2492 518 2528 suffecisset
532 2520 537 2531 ,
552 2495 572 2529 si
585 2494 727 2529 abfuisset
739 2497 843 2530 dolus.

241 2542 387 2587 Quinto.
417 2545 491 2594 Gogi
510 2546 630 2579 milites
651 2546 772 2579 mutuis
785 2544 813 2579 se
828 2546 941 2580 vulne-

189 2592 278 2627 ribus
301 2593 517 2628 confecerunt
541 2596 705 2637 38.v.21.
736 2595 841 2643 Atqui
862 2595 943 2629 nihil

186 2643 250 2676 tale
264 2643 297 2676 in
319 2640 464 2676 Antiochi
484 2645 625 2677 exercitu
645 2643 761 2678 accidit
779 2668 787 2682 ‚
814 2643 944 2678 fuerunt

187 2691 320 2739 quidem
342 2693 448 2725 civilia
469 2694 553 2726 inter
578 2691 736 2741 Epiphanis
754 2693 944 2728 succefforcs

185 2740 271 2775 bella
284 2766 292 2779 ,
315 2739 366 2774 sed
381 2742 487 2775 nullus
505 2741 601 2788 ipsius
614 2745 773 2777 exercitus
791 2756 846 2789 per
858 2746 943 2778 inte-

187 2790 302 2824 stinam
315 2789 510 2826 seditionem
527 2794 647 2826 mutuis
665 2793 852 2827 vulneribus
863 2806 945 2827 con-

191 2837 292 2874 fectus
303 2839 357 2875 est.

244 2888 352 2923 Sexto.
379 2889 454 2939 Cogi
468 2892 628 2925 exercitus
647 2891 719 2938 igne
731 2889 769 2923 de
790 2889 875 2924 coelo
889 2901 945 2923 ex-

195 2939 399 2972 traordinarifi
410 2944 510 2987 strage
521 2941 644 2974 delatus
658 2940 701 2974 est
712 2965 720 2980 ,
749 2942 871 2973 Verum
882 2938 946 2972 hoc

194 2985 333 3021 nonfuit
352 2989 390 3022 de
413 2989 579 3035 Epiphane‚
606 2989 746 3037 insignes
767 2989 897 3037 quidem
913 2992 944 3022 &

195 3035 331 3069 illustres
351 3037 440 3071 valde
469 3038 598 3074 fuerunt
625 3040 887 3075 Maccahaeorum
907 3038 945 3071 de

194 3081 345 3119 Antiocho
358 3087 497 3121 vietoriae
508 3112 517 3127 ‚
533 3101 718 3124 nontamen
728 3086 945 3124 miraculosae:

195 3134 299 3167 multa
311 3134 356 3167 illi
368 3133 507 3169 hostium
524 3140 622 3172 millia
633 3141 723 3173 variis
738 3140 849 3185 praeliis
860 3138 945 3171 ceci-

192 3182 309 3218 derunt
319 3208 328 3223 ,
350 3182 401 3219 sed
414 3195 479 3222 tam
491 3186 684 3225 immensam
694 3189 832 3239 stragem
845 3199 944 3236 quam

977 1408 1165 1442 Romanum
1186 1407 1344 1442 docemus
1361 1408 1602 1452 eAntichristum.
1630 1411 1737 1446 Nolu-

980 1468 1051 1491 mus
1068 1456 1120 1491 hic
1137 1457 1271 1505 quidem
1290 1457 1416 1505 ingredi
1445 1459 1559 1494 locum
1586 1473 1742 1497 commu-

980 1520 1054 1541 nem
1068 1506 1107 1540 de
1127 1503 1309 1548 Antichristo
1331 1521 1342 1540 .-
1366 1506 1452 1542 εετῐὲ
1472 1507 1614 1544 &multis
1634 1513 1743 1546 maxi-

981 1558 1041 1590 mis
1050 1556 1239 1603 Theologis
1259 1555 1323 1590 alte
1341 1556 1423 1591 adeo
1435 1556 1612 1606 Antichristi
1627 1559 1743 1595 chara.

979 1608 1080 1641 &eres
1091 1604 1249 1641 Pontifici
1269 1607 1423 1640 Romano
1435 1608 1575 1655 impressi
1589 1608 1662 1644 sunt
1673 1634 1682 1646 ‚
1703 1619 1741 1644 ut

980 1657 1068 1691 nulla
1084 1668 1229 1702 unquam
1250 1654 1443 1701 Jesuitarum
1463 1670 1511 1691 ars
1534 1659 1572 1692 iis
1597 1658 1741 1694 delendis

979 1705 1147 1741 suffr-&ura
1163 1705 1222 1745 [it3
1248 1718 1309 1753 ego
1327 1702 1457 1740 tantum
1474 1719 1576 1754 pauca
1591 1721 1630 1743 ex
1647 1721 1741 1744 textu

980 1769 1040 1804 prae
1054 1755 1208 1790 manibus
1226 1767 1343 1791 contra
1356 1756 1440 1791 hunc
1462 1760 1743 1794 commentarium

982 1804 1154 1854 proferam.

1031 1854 1154 1890 Primo·
1183 1855 1246 1902 Gog
1264 1853 1309 1888 est
1333 1855 1486 1904 Princeps
1508 1858 1661 1905 gentium
1681 1857 1742 1892 Se-

982 1903 1247 1952 ptentrionalium
1265 1906 1322 1952 qui
1341 1909 1499 1940 maximas
1515 1908 1627 1952 copias
1638 1905 1744 1940 addu-

983 1956 1028 1989 cit
1050 1957 1084 1989 in
1105 1965 1223 1989 terram
1252 1954 1468 1990 Isra'e'litarum
1492 1966 1527 1991 ut
1555 1956 1669 2002 perdat
1685 1955 1745 2001 Ju-

982 2005 1067 2040 daeos
1090 2017 1097 2037 :
1127 2005 1229 2050 Atqui
1253 2002 1486 2046 eAntichristus‚
1513 2005 1534 2038 si
1560 2003 1745 2040 Pontificiis

984 2054 1166 2090 credimus,
1186 2051 1324 2099 eritipse
1343 2053 1467 2101 Judaeus
1489 2056 1521 2087 δε
1535 2053 1652 2100 judaeis
1664 2055 1748 2087 ami-

984 2103 1142 2139 cissimus,
1160 2100 1230 2136 imo
1252 2101 1439 2146 Judaeorum
1451 2101 1744 2144 Pseudo-Messias,

985 2156 1039 2203 qui
1059 2153 1200 2202 judaeam
1223 2162 1338 2186 contra
1353 2162 1470 2200 gentes
1486 2163 1610 2186 exteras
1622 2151 1747 2186 tutabi-

984 2215 1058 2245 tur·,
1086 2207 1118 2236 &
1138 2201 1326 2250 Judaeorum
1343 2204 1438 2235 armis
1464 2202 1583 2235 multas
1602 2199 1747 2248 splendi-

984 2253 1038 2286 das
1058 2252 1211 2286 victorias
1232 2249 1271 2284 de
1287 2250 1445 2285 omnibus
1456 2250 1612 2299 gentibus
1627 2263 1746 2299 repor-

984 2301 1078 2336 tabit.

1035 2350 1195 2386 Secundo.
1229 2347 1445 2395 <Antichristus
1467 2349 1511 2384 est
1535 2348 1745 2394 Pseudopro-

986 2399 1082 2447 pheta
1103 2402 1158 2447 qui
1178 2399 1240 2433 suis
1263 2400 1426 2432 miraculis
1447 2396 1744 2444 seducebatgentes

986 2461 1098 2483 coram
1114 2448 1257 2483 bestia&
1279 2445 1452 2496 purpurat&
1471 2447 1657 2486 meretrice,
1684 2447 1744 2494 qui

987 2496 1049 2532 una
1068 2511 1143 2532 cum
1172 2496 1269 2532 bestia
1288 2498 1453 2542 projectus
1475 2497 1509 2530 in
1527 2497 1635 2529 lacum
1658 2496 1744 2543 ignis

989 2550 1096 2594 Apoc.
1114 2559 1169 2590 19.
1190 2557 1265 2580 ante
1279 2556 1432 2578 exortum
1446 2545 1520 2578 belli
1534 2545 1659 2591 Gogici
1671 2557 1744 2592 cap.

992 2609 1047 2630 20.
1076 2599 1188 2642 Itaque
1202 2595 1327 2628 bellum
1340 2593 1420 2627 illud
1435 2594 1608 2641 Gogicum
1622 2595 1745 2630 nonest

990 2643 1168 2688 Antichrisii
1181 2669 1190 2684 ,
1207 2645 1261 2692 qui
1280 2643 1334 2677 diu
1347 2642 1421 2677 ante
1432 2642 1610 2677 debellatus
1623 2667 1632 2681 ,
1664 2647 1698 2678 δε
1709 2647 1745 2679 in

990 2695 1136 2743 stagnum
1151 2695 1234 2739 ignis
1247 2694 1461 2740 praecipitatus
1472 2691 1544 2726 fuit.
1571 2693 1673 2739 Qod
1686 2707 1749 2729 au..

991 2756 1057 2778 tem
1071 2742 1359 2790 Pseudopropheta
1371 2755 1444 2790 cap.
1459 2755 1470 2776 1
1480 2754 1511 2784 9.
1523 2741 1558 2776 lit
1569 2741 1747 2777 mntichri-

989 2794 1042 2837 [ius
1054 2819 1060 2830 ,
1071 2791 1233 2827 affirmant
1245 2792 1298 2839 ipsi
1311 2791 1453 2838 Jesuitae,
1467 2791 1614 2833 Sanfflus,
1626 2790 1743 2835 Ribera,

992 2844 1259 2885 Alcasszrfflererius
1272 2846 1306 2876 &
1321 2843 1385 2876 alii.

1041 2891 1171 2926 Tertio.
1207 2891 1281 2925 Post
1306 2903 1449 2926 mortem
1482 2887 1673 2929 «Antichrisii
1705 2890 1745 2926 ad

993 2941 1105 2975 mundi
1118 2941 1218 2976 finem
1230 2941 1378 2976 suntdies
1395 2943 1523 2975 tantum
1535 2940 1746 2989 quadraginta

991 2993 1155 3039 quinque,
1182 2990 1358 3025 secundum
1378 2990 1582 3024 Beuasmi‘num
1599 2993 1632 3024 δε
1652 3003 1749 3025 com-

992 3054 1089 3075 mune
1108 3039 1357 3075 Pontificiorum
1377 3041 1532 3087 placitum
1551 3054 1560 3080 ,·
1595 3038 1658 3075 Sed
1675 3040 1746 3086 post

992 3101 1134 3124 mortem
1162 3091 1235 3139 Gogi
1258 3101 1405 3123 numerat
1429 3086 1558 3129 Ezekiel
1577 3101 1679 3124 annos
1699 3088 1745 3125 se-

991 3151 1078 3185 ptem
1097 3138 1215 3189 quibus
1227 3142 1296 3185 ejus
1306 3152 1393 3174 arma
1408 3137 1547 3175 lsratlitae
1567 3139 1743 3175 combure-

991 3188 1081 3226 bant·
1579 3191 1582 3196 '

1337 3238 1377 3274 M
1387 3249 1420 3274 m
1640 3233 1742 3283 jesui-
