2048 3343
12 739 14 756 i
21 727 149 758 tndaemm

11 770 97 808 ¹rfiam
109 780 142 796 ιο-

11 821 62 839 ‘naes
66 810 130 846 refic-

10 861 12 889 i
21 858 112 880 tantur.

423 98 486 127 ΕΤ
543 88 1203 127 Canonorocxcx

176 168 262 218 Ergo
286 163 360 203 ante
394 160 701 210 Hierosolymorum
729 158 923 194 excisionem

174 220 262 256 venit
283 218 318 251 in
337 213 495 249 mundum
512 216 542 246 &
565 209 696 256 publice
716 206 772 241 suo
788 218 923 240 munere

172 268 306 304 sanetus
324 264 381 299 est.
417 260 654 308 Responfiones
677 255 862 304 Judaeorum
885 255 922 288 ad

173 314 366 354 antecedens
393 320 585 346 communes
605 305 672 339 duae
697 302 781 338 sunt.
811 304 923 339 Prior,

172 366 312 415 Mcssiam
332 360 474 397 occisum
493 369 561 391 non
582 351 672 389 fuisse
692 353 902 401 principalem
915 375 924 388 ‚

171 416 282 451 filium
293 411 410 447 scilicet
424 404 548 441 David&
558 429 568 444 ‚
587 403 640 438 sed
655 404 776 451 Regem
790 402 922 454 eAgrip-

169 478 251 514 μω,
260 459 393 510 Agrippa
404 456 507 491 filium
549 452 708 487 Posterior
719 478 729 494 ‚
740 465 837 499 quem
851 454 923 485 Da-

174 511 236 548 niel
245 509 378 546 affirmat
391 503 587 542 confirmasse
605 502 709 537 foedus
719 514 793 537 cum
812 501 925 536 multis

175 560 265 598 fuiffe
277 571 343 595 non
357 559 414 592 Me
426 569 491 589 stam
503 579 511 593 ‚
530 552 580 588 sed
595 552 697 587 ‘Titum
711 554 745 586 V
742 553 922 598 espafianum,

175 614 233 661 qui
258 607 354 659 paulo
375 605 446 641 ante
472 603 676 640 obsidionem
703 601 792 635 urbis
820 597 925 634 foedus

177 673 252 696 cum
280 659 391 693 multis
411 655 526 702 judaeis
538 653 684 699 pepigit,
711 651 764 684 cui
784 660 852 683 non
867 647 925 681 diu

176 711 261 746 stetit
284 704 476 752 foedifragus
503 701 653 736 evadens.
690 698 833 746 Replica.
859 697 924 731 Re-

176 758 364 808 sponfiones
391 754 438 788 hae
471 750 630 800 prioribus
657 761 727 784 non
742 746 900 782 absimiles
913 770 923 786 ‚

176 808 350 845 mendaciis
369 802 487 852 putidis
504 799 626 835 referxae
646 797 729 831 sunt.
754 797 839 832 Nam
859 794 926 842 pri-

175 857 234 894 mo
256 855 375 906 Messiaa
384 853 422 887 dc
433 863 501 899 quo
520 847 634 885 Daniel
648 845 712 880 fuit
722 845 906 892 principalis
920 865 929 878 ‚

176 911 211 943 &
231 905 318 941 filius
334 901 484 939 Damas,
503 910 598 946 quem
620 895 793 930 secundum
809 904 925 927 omues

175 955 352 1003 Prophetas
369 949 516 998 oportuit
526 945 632 981 occidi
643 972 651 984 ‚
672 947 703 978 δε
719 941 770 976 sua
784 940 923 989 pastione

175 1018 272 1053 opera
291 999 519 1048 redemptionis
544 992 710 1030 a‘Dam'ele
742 1000 922 1024 memorata

175 1053 339 1103 perficere.
364 1045 523 1085 Secundo.
558 1043 705 1093 eAgrippa
720 1038 807 1075 nulla
828 1051 921 1074 com-

175 1101 274 1140 moda
298 1101 421 1136 tatione
446 1095 511 1129 dici
537 1102 679 1138 unquam
708 1091 816 1136 potuit
835 1088 920 1122 ullus

173 1152 308 1200 Messism
319 1159 376 1183 nec
388 1146 437 1179 hic
449 1152 606 1189 unquam,
619 1151 654 1173 ut
665 1137 760 1185 supra
768 1137 920 1176 vidimus,

173 1198 298 1236 occisus
309 1196 371 1232 fuit
385 1208 392 1228 :
419 1191 488 1228 im&
501 1190 579 1224 vero
599 1202 637 1223 ex
655 1185 823 1235 quatuor&
834 1186 920 1220 Scri-

171 1246 265 1298 ptutii
279 1244 464 1281 memoratis
478 1236 643 1276 Herodabus
659 1237 766 1272 nullus
776 1237 921 1270 omnino

171 1297 218 1333 est
234 1294 381 1333 occisus,
407 1290 459 1326 sed
479 1301 596 1324 omnes
610 1287 702 1322 domi
723 1285 781 1321 suae
801 1284 921 1333 absque

170 1344 235 1382 ulla
246 1341 386 1380 humana
397 1342 429 1376 vi
438 1337 633 1386 expirarunt.
661 1336 786 1370 Primus
799 1332 922 1381 Ascalo-

170 1393 344 1432 nitadickus
355 1401 491 1439 magnus
502 1412 511 1427 ‚
537 1385 747 1426 infanticida,
768 1384 813 1419 ob
824 1385 920 1417 innu-

169 1457 258 1481 mera
269 1442 322 1478 sua
333 1439 448 1477 scelera
461 1463 471 1478 ‚
484 1435 591 1472 divina
609 1447 706 1469 manu
717 1433 834 1469 morbo
847 1445 920 1480 gra—

169 1492 299 1530 viffimo
317 1489 503 1538 permultos
523 1487 587 1521 dies
606 1495 712 1519 tortus
729 1484 814 1518 obiit
833 1494 921 1515 mor-

172 1555 252 1578 tem.
280 1542 370 1575 Alter
383 1536 512 1572 Herodes
531 1532 708 1574 Taras-cha,
727 1533 838 1567 Ioannis
856 1534 921 1564 Ba·-

171 1594 263 1642 ptissae
273 1600 419 1625 necator.
433 1588 466 1622 in
485 1585 601 1619 Galliis
612 1596 688 1618 eum
702 1595 802 1617 uxore
821 1584 922 1616 Hero-

175 1641 260 1676 diade
271 1643 303 1675 in
316 1637 430 1674 misero
441 1635 541 1670 exilio
552 1634 716 1682 elanguit:
732 1633 844 1666 tertius
857 1633 921 1664 He-

173 1691 256 1726 rodes
271 1688 392 1737 Agrippa
401 1682 703 1730 Hierosolymorum
715 1685 748 1715 &
759 1680 918 1726 totiusJu-

173 1741 246 1776 daeae
264 1736 336 1774 Rex
350 1763 360 1776 ‚
381 1735 470 1770 Iacoln
484 1730 632 1781 Apostoli
646 1729 823 1779 perennet,
847 1741 920 1764 cum

172 1790 303 1824 divinos
321 1783 489 1822 admisisset
505 1783 648 1816 honores
662 1805 672 1821 ,
700 1793 737 1815 ex
758 1778 920 1826 phthiriasi

171 1838 421 1881 ὀκωληκόζρωτζῲ·
453 1833 588 1867 interiit·
640 1832 782 1872 Quartus
811 1839 918 1863 autem

172 1888 288 1935 prioris
302 1884 388 1920 filius
400 1907 409 1923 ‚
420 1882 580 1917 Romanis
592 1879 629 1913 ad
641 1879 729 1913 suum
741 1889 919 1914 extremum

171 1934 381 1972 amicissimus
396 1957 405 1971 ,
436 1931 508 1980 post
528 1927 629 1965 excisa
647 1927 874 1975 Hierosolyma
888 1931 920 1962 &

172 1996 332 2034 patratum
345 1982 467 2018 bellum
481 1979 655 2027 Judaicum
666 2002 675 2015 ,
693 1980 725 2012 in
743 1976 772 2013 V
773 1979 922 2025 espafiano-

169 2048 234 2070 rum
253 2035 349 2082 patris
366 2036 398 2066 &
417 2029 492 2065 filiis
511 2028 611 2078 gratia
622 2039 815 2075 permanens
833 2026 922 2074 supra

168 2096 286 2120 omnes
308 2081 455 2129 judaeos,
483 2078 546 2113 vita
572 2076 712 2112 decessit.
736 2076 793 2110 Ista
810 2078 921 2110 omnia

171 2130 300 2182 Ioftphus
316 2155 325 2169 ‚
353 2133 385 2164 &
403 2129 454 2162 alii
472 2127 564 2161 testes
583 2151 593 2168 ,
623 2123 724 2172 longe
741 2127 867 2171 nuperis
883 2139 920 2160 o-

171 2182 306 2218 mnibus
343 2176 552 2214 mendacibus
588 2174 749 2210 Rabbinis
777 2173 920 2220 superio·

177 2244 243 2267 res.

222 2281 270 2314 Ex
290 2278 399 2314 iisdem
425 2287 515 2324 patet
538 2275 625 2323 quod
650 2273 689 2308 de
710 2273 780 2308 Tito
798 2271 919 2307 addunt

173 2328 296 2361 nullam
314 2329 433 2362 meteri
447 2325 545 2360 fidem
563 2340 571 2358 τ
597 2333 809 2371 praeterquam
829 2323 917 2355 enirn

172 2375 266 2423 quod
278 2374 382 2409 foedus
392 2376 475 2408 illud
492 2373 725 2420 Euangelicum
735 2395 744 2410 ,
756 2371 868 2404 ultima
879 2383 917 2404 ex

171 2425 372 2472 septuaginta
387 2421 602 2457 hebdomadis
623 2418 853 2455 confirmatum
873 2418 917 2453 est

171 2486 248 2509 cum
269 2474 381 2507 multis
408 2469 613 2507 credentibus
632 2468 648 2502 a
665 2465 784 2501 christo
805 2472 836 2501 &
855 2470 919 2510 ejus

171 2522 420 2570 Apostolisante
431 2531 544 2555 natum
555 2519 675 2555 Titurm
696 2514 808 2551 falsum
820 2517 917 2549 etiam

171 2572 218 2607 est
237 2573 337 2606 ullum
359 2582 502 2618 unquam
520 2567 627 2603 foedus
647 2566 749 2601 Titum
769 2562 895 2598 violasse
908 2588 918 2604 ‚

171 2634 232 2657 nec
249 2633 322 2656 cum
339 2619 452 2665 Judaeis
470 2620 574 2653 ullum
586 2628 730 2663 unquam
743 2612 851 2648 foedus
864 2626 918 2660 pe-

170 2672 274 2718 pigit:
300 2681 376 2704 narn
394 2667 501 2702 statim
519 2677 592 2701 ante
609 2666 697 2700 urbis
712 2663 917 2698 obsidionem

170 2717 362 2754 Alexandria
373 2719 458 2751 venit
469 2715 729 2759 Hierosolymam
741 2738 751 2753 ‚
767 2713 856 2746 annis
866 2709 917 2745 su⁴

172 2766 353 2814 perioribus
366 2764 498 2800 Galilaea
515 2768 545 2798 δι’
566 2762 674 2808 Judaefi
693 2764 709 2795 a
728 2760 756 2794 se
767 2773 919 2808 patreque

173 2816 311 2851 subacta.
339 2816 453 2850 Voluit
478 2813 608 2861 quidem
627 2811 766 2845 libenter
791 2807 919 2842 mitissi-

173 2877 245 2899 mus
257 2866 406 2912 Princeps
419 2863 602 2910 Judaeisjam
615 2859 752 2895 subaftis
767 2861 797 2892 δέ
810 2855 918 2890 subdi-

174 2916 216 2948 tis
233 2914 439 2948 condition'es
458 2914 544 2959 pacis
557 2923 623 2944 non
645 2908 775 2943 foederis
795 2904 919 2945 dedisse:

172 2960 226 2996 sed
239 2961 455 2997 seditiolorum
473 2961 571 2996 faeiio
590 2971 654 2994 tam
667 2956 742 2992 dura
752 2955 920 3004 tyrannide

172 3009 330 3058 populum
343 3008 497 3045 obsessum
515 3010 554 3045 ad
572 3011 728 3044 ultimum
746 3009 844 3053 ulque
857 3005 918 3037 ob—

172 3060 303 3096 fidionis
316 3061 398 3093 diem
410 3059 647 3105 comprimebat
660 3081 669 3097 ‚
690 3060 721 3090 ὅ(
741 3053 812 3101 ipsis
829 3052 918 3087 furiis

171 3110 288 3144 divinis
301 3107 341 3141 εὸ
354 3108 450 3155 usque
463 3109 608 3142 amentia:
618 3104 818 3154 populusiste
829 3103 917 3136 afius

172 3158 238 3201 est,
262 3170 297 3193 ut
309 3169 445 3193 omnem
459 3168 569 3204 pacem
581 3153 742 3193 obstinate
756 3152 915 3192 reculam,

1266 86 1445 127 an.1.

971 161 1088 196 nedum
1111 170 1146 195 ut
1166 170 1241 194 cum
1262 159 1331 193 Tito
1355 162 1387 196 in
1406 160 1506 197 ullum
1533 160 1642 198 foedus
1661 161 1721 197 de-

972 221 1106 244 venerit.

1642 95 1719 135 187

1119 297 1419 334 Quffisrro
1460 298 1570 327 xvii.

970 367 1061 417 Quid
1075 367 1109 401 de
1125 366 1294 415 temporibus
1304 368 1390 403 trium
1409 368 1575 404 ultimorum
1593 369 1718 419 Prophe·-

1031 429 1125 452 tarum
1146 417 1304 464 Haggaei‚
1321 417 1496 456 Zachariae,
1520 417 1558 453 ό*
1578 421 1652 455 Ma-

1181 465 1291 501 lachiae
1300 466 1511 513 statuendum?

1043 543 1115 592 Esp.
1141 546 1192 580 De
1203 544 1327 581 duobus
1337 546 1496 592 prioribus
1511 546 1635 582 constat
1647 560 1720 583 mu-

992 642 1007 647 ..
1044 606 1121 628 nera
1133 593 1188 629 sua
1199 593 1369 630 exercuiffe
1386 609 1474 631 anno
1486 597 1624 632 secundo
1643 599 1718 632 Da-

971 656 1024 682 ru,
1036 655 1112 678 cum
1124 644 1204 689 lafita
1220 648 1252 679 δι
1264 644 1427 692 Zorobahel
1434 647 1592 694 templum
1604 645 1720 681 seeun-

972 691 1051 726 dum
1068 703 1253 728 extruerent
1266 716 1277 735 ‚
1302 693 1352 729 sed
1371 708 1487 743 magna
1505 696 1544 730 de
1553 692 1650 730 Dario
1663 697 1722 731 illo

972 741 1200 780 controversia,
1217 742 1448 790 Prophetarum
1463 746 1562 779 etiam
1587 744 1723 780 istorum

972 801 1100 839 tempus
1111 792 1356 828 controversum
1376 792 1452 828 facit
1472 809 1481 829 ι
1506 805 1569 828 tres
1578 792 1653 828 sunt
1663 795 1722 829 hae

973 839 1012 874 de
1025 853 1058 874 re
1074 840 1249 876 sententiae.

1022 887 1145 923 Primo.
1170 889 1376 930 Tertullianus,
1388 889 1517 923 Clemens
1527 891 1722 939 Hierosoly-

971 937 1114 971 mitanus
1123 961 1133 976 ‚
1156 937 1348 971 Genebrardus
1360 943 1423 978 ,λᾶε
1434 941 1487 973 alii
1509 941 1633 974 Darium
1646 944 1724 976 Me-

970 986 1039 1020 dum
1060 987 1261 1035 intelligunt.
1297 987 1434 1021 Istorum
1461 988 1723 1025 anachronismus

970 1035 1014 1069 est
1027 1034 1212 1071 manifestus
1223 1061 1233 1076 ,
1252 1040 1282 1071 ὅ(
1295 1037 1396 1070 nimia
1414 1036 1625 1082 exprcffarum
1638 1040 1723 1073 Scri-

970 1096 1136 1131 pturarum
1161 1087 1398 1133 incogitantia3
1424 1080 1498 1119 nam
1515 1088 1664 1137 Haggaeus
1689 1091 1725 1122 &

969 1131 1125 1168 Zacharias
1140 1134 1195 1169 sub
1206 1147 1245 1168 eo
1258 1136 1353 1169 Dario
1363 1132 1618 1181 Prophetarum,
1634 1138 1726 1180 cujus

968 1181 1056 1217 sexto
1068 1185 1182 1230 templi
1194 1182 1325 1218 secundi
1342 1183 1503 1218 extructio
1517 1183 1660 1230 perfetsta
1670 1184 1726 1225 est,

968 1234 1056 1280 atqui
1068 1233 1178 1267 Darim
1190 1233 1303 1266 Medm
1321 1234 1372 1267 vix
1393 1232 1474 1267 duos
1493 1245 1597 1268 annos
1617 1232 1726 1280 Baby-

969 1283 1045 1316 lone
1057 1283 1222 1330 regnavit:
1249 1293 1434 1329 utcunque,
1445 1284 1513 1327 ejus
1532 1280 1663 1316 finitum
1679 1283 1725 1318 est

968 1333 1142 1379 imperium
1162 1329 1348 1380 priusquam
1369 1331 1432 1373 Cyri
1451 1330 1642 1366 inchoatum
1660 1331 1724 1373 est,

969 1384 998 1415 δι
1013 1381 1090 1416 vero
1102 1381 1210 1415 nullus
1227 1381 1395 1428 intemplo
1407 1381 1597 1427 lapisja&us
1609 1380 1653 1415 est
1667 1394 1724 1416 an-

969 1441 1000 1465 te
1012 1431 1078 1475 Cyri
1095 1442 1164 1466 non
1176 1427 1277 1464 modo
1296 1430 1468 1477 imperium
1490 1428 1540 1463 sed
1558 1431 1655 1464 etiam
1666 1430 1726 1466 de-

970 1491 1096 1515 cretum
1134 1479 1173 1514 de
1208 1479 1416 1514 restaurandis
1459 1478 1700 1526 Hierosolymis
1714 1491 1725 1513 e

969 1531 1086 1576 templi
1107 1541 1239 1577 quoque
1257 1527 1412 1562 strue'tura
1429 1528 1583 1575 impedita
1605 1528 1669 1563 fuit
1686 1542 1726 1563 o-

970 1578 1103 1614 mnibus
1121 1577 1232 1613 diebus
1259 1588 1335 1614 tam.
1353 1578 1421 1622 Cyri
1447 1579 1544 1625 quam
1569 1580 1638 1622 ejus
1663 1576 1724 1612 filii

971 1627 1125 1674 Cambjfis.

1017 1679 1089 1712 Hac
1101 1675 1179 1724 ergo
1189 1673 1348 1711 infrunita
1364 1675 1452 1711 valde
1463 1674 1500 1710 de
1511 1675 1609 1711 Dario
1625 1673 1722 1710 Medo
1741 1678 1841 1708 Darius

968 1726 1124 1763 sententia
1135 1725 1268 1772 rejefifi,
1290 1725 1432 1761 secundo
1448 1727 1523 1759 loco
1536 1726 1634 1760 multi
1653 1727 1722 1758 Da·
1741 1724 1856 1748 '¹⁰¹²N0·

965 1778 1039 1812 rium
1058 1773 1195 1811 Nothum
1216 1776 1333 1810 volunt
1351 1789 1359 1809 :
1388 1776 1546 1821 templum
1568 1773 1638 1821 post
1652 1773 1723 1817 Cyri
1738 1760 1856 1828 ‘gmsff

966 1827 1107 1862 editstum
1127 1826 1218 1859 annis
1235 1823 1326 1873 supra
1346 1835 1476 1859 centum
1496 1826 1529 1857 in
1548 1822 1719 1858 ruderibus
1738 1803 1867 1869 ttfnstffiff

965 1873 1094 1922 jacuisse
1105 1874 1276 1909 statuentes
1289 1899 1300 1914 ‚
1329 1877 1360 1908 &
1380 1870 1563 1907 zorobabelis
1581 1897 1592 1910 ‚
1616 1873 1719 1920 Iofhae‚
1737 1851 1856 1912 confudit.

970 1924 1093 1975 Haggaei
1105 1949 1114 1965 ‚
1125 1922 1272 1958 Zachamae
1284 1947 1291 1959 ‚
1303 1935 1338 1956 ac
1350 1924 1533 1957 multorum
1545 1934 1582 1956 ex
1598 1922 1722 1970 populo

969 1986 1074 2010 aetates
1092 1975 1174 2008 ultra
1198 1972 1345 2006 humanae
1362 1974 1435 2007 vitae
1456 1971 1591 2005 modum
1608 1981 1723 2005 exten·-

970 2024 1090 2058 dentes
1107 2023 1225 2071 gratis,
1252 2033 1286 2054 ac
1306 2020 1369 2055 fine
1390 2021 1459 2054 ullo
1483 2019 1609 2054 idoneo
1627 2032 1722 2068 argu-

971 2085 1096 2108 mento.
1124 2073 1286 2119 Magnum
1302 2069 1389 2104 hunc
1404 2068 1543 2119 Scaligeri
1555 2093 1565 2109 ‚
1580 2068 1677 2109 Iunii,
1689 2072 1723 2103 &

969 2125 1107 2158 aliorum
1129 2116 1416 2155 anachronismum
1443 2117 1619 2166 quaestione
1638 2117 1725 2152 sexti}

970 2171 1092 2220 prolixe
1103 2170 1327 2205 refutavimus.

1016 2222 1162 2254 Tertiam
1183 2220 1223 2252 de
1244 2217 1336 2252 Dario
1360 2216 1503 2265 fflstaspis
1528 2213 1719 2251 sententiam

969 2271 1064 2305 variis
1081 2271 1114 2303 in
1126 2267 1161 2303 ee'i
1180 2266 1358 2315 quaestione
1378 2267 1579 2314 argumentis
1594 2263 1722 2300 confit-

968 2321 1149 2355 mavimus:
1173 2317 1223 2351 hic
1240 2314 1319 2364 ergo
1337 2329 1405 2351 non
1423 2314 1619 2362 postulamus
1631 2338 1641 2353 ‚
1667 2312 1720 2347 sed

969 2379 1003 2402 ut
1023 2369 1110 2415 prius
1132 2365 1306 2414 probatum
1326 2364 1483 2399 sumimus
1506 2385 1518 2399 ,
1552 2366 1720 2411 Haggaeum

968 2417 1163 2465 Prophetam
1190 2426 1282 2462 agere
1309 2412 1438 2460 coepiffe
1467 2423 1554 2445 anno
1578 2409 1720 2445 secundo

969 2467 1056 2500 Dani
1067 2464 1204 2512 Hystaspis
1216 2486 1226 2503 ,
1247 2461 1355 2497 mense
1368 2461 1454 2496 istius
1463 2461 1536 2494 anni
1550 2458 1638 2493 sexto
1650 2481 1660 2496 ‚
1686 2467 1722 2492 ut

968 2516 1103 2561 legimus
1114 2513 1253 2559 Haggaei
1271 2509 1387 2545 1.vers.
1404 2521 1432 2543 1.
1451 2505 1625 2542 Zachariam
1639 2505 1719 2542 verb

967 2563 1079 2597 eodem
1101 2571 1188 2594 anno
1206 2556 1336 2594 duobus
1356 2567 1485 2591 tautum
1502 2556 1662 2590 menfibus
1672 2555 1719 2591 se-

967 2610 1031 2646 rius
1051 2609 1174 2645 inivisse
1192 2608 1283 2643 suum
1305 2605 1471 2647 officium,
1498 2616 1533 2639 ut
1553 2618 1590 2640 ex
1611 2606 1732 2652 capite1

967 2665 1036 2705 ejus
1051 2672 1076 2693 1-
1089 2672 1119 2693 v.
1136 2670 1163 2692 1.
1176 2667 1275 2704 patet-

1016 2711 1139 2743 Cavete
1160 2706 1240 2755 ergo
1258 2704 1274 2740 Ξι
1291 2704 1469 2740 doctiffimi
1488 2702 1605 2738 Iuniiin
1619 2700 1716 2738 ealo'-
1734 2704 1817 2739 lunii,

968 2772 1015 2798 ca,
1028 2756 1307 2806 quemadmodum
1319 2756 1413 2789 etiarn
1427 2756 1459 2788 in
1472 2752 1571 2787 Eldrae
1581 2765 1614 2799 4.
1624 2764 1715 2798 v·24.
1735 2747 1863 2780 Deodazi,

969 2809 1130 2842 annotatis
1144 2831 1154 2845 ,
1176 2817 1249 2839 nam
1259 2804 1304 2838 ibi
1317 2807 1443 2838 Darium
1457 2828 1465 2840 ‚
1492 2800 1546 2835 sub
1557 2814 1623 2848 quo
1637 2805 1713 2836 Pro·
1735 2797 1769 2818 Ψ
1781 2792 1853 2819 ‘²⁰²‘

970 2856 1070 2903 phctae
1083 2867 1143 2902 prae
1155 2853 1301 2888 manibus
1313 2854 1461 2887 vixerunt
1473 2874 1482 2886 ‚
1496 2852 1566 2885 vult
1577 2847 1713 2885 Norbam
1733 2836 1870 2900 nstmzzrcuam-

969 2915 1084 2939 contra
1102 2905 1277 2938 veritatem.
1305 2901 1455 2936 Deodatus
1472 2901 1504 2934 in
1523 2901 1634 2947 primis
1651 2898 1712 2934 suis
1732 2893 1817 2937 noru‘in
1828 2920 1857 2936 a-

969 2954 1130 2988 annotatis
1143 2953 1256 2987 abhoc
1273 2964 1381 2985 errore
1396 2951 1466 2984 satis
1477 2948 1531 2983 libi
1544 2950 1627 2983 cavit
1639 2974 1648 2990 ,
1659 2947 1712 2983 sed
1732 2951 1870 2986 ambronis-

969 3004 1112 3037 editione
1126 3001 1291 3048 posteriori
1306 2997 1647 3046 Italicfi‚Anglicejam
1658 3011 1712 3032 ex·
1731 3003 1789 3021 ''¹¹¹‘-

968 3050 1064 3100 press'a
1076 3053 1108 3085 in
1124 3064 1196 3084 eum
1209 3050 1333 3084 incidit.
1360 3052 1579 3082 Annotatorcs
1596 3048 1714 3094 Angli-

967 3104 1035 3135 cani
1051 3098 1260 3135 Genevenscs
1270 3100 1329 3131 viri
1341 3097 1429 3131 (1οᾶὶί
1441 3100 1474 3131 &
1487 3098 1622 3144 optimi,
1641 3095 1714 3130 Cal.

966 3151 1030 3186 vini
1049 3153 1079 3184 ὃ(
1093 3152 1199 3190 Bru,
1225 3148 1381 3184 Marianis
1401 3145 1600 3195 temporibus
1614 3144 1713 3180 fami-

1306 3198 1338 3233 A
1352 3208 1368 3231 a
1395 3208 1412 3232 a
1605 3196 1711 3233 liarcs,

1746 905 1863 943 Infrunie

1742 954 1780 974 ius
1787 948 1846 973 Ter-

1742 988 1838 1014 tuumne

1742 1037 1800 1054 anat
1805 1027 1861 1054 bro-

1743 1068 1842 1100 msmus,
