2048 3343
108 1393 203 1417 Secun-

109 1430 177 1458 dnm.

258 137 302 189 3²⁴
630 119 939 156 OPERIS

253 200 358 231 vetitae
370 191 443 227 sunt
460 205 468 225 :
496 194 532 225 δε
544 189 618 225 vero
632 189 807 226 Pontifices
819 203 886 224 non
900 188 1008 223 minus

207 244 211 248 ⁴
253 244 292 278 de
303 243 352 276 his
362 241 462 289 quim
475 241 539 274 illis
550 239 746 286 dispensant,
762 252 838 273 nam
850 250 883 273 ut
895 239 1009 272 austo—

251 293 343 326 ritate
356 290 658 337 Papaliobmerum
678 289 932 324 incommodum
952 299 1007 321 cu-

253 342 299 374 ria
321 341 479 373 Romanae
494 339 654 373 celebrate
678 338 747 373 sunt
770 349 874 382 nuper
891 339 1009 382 nuptiae

251 389 351 435 Regis
362 387 581 434 Hispanorum
591 400 665 422 cum
676 386 798 422 sororis
809 385 868 420 suae
879 384 953 424 filia,
967 387 1010 419 ita

255 441 290 472 &
303 438 591 485 ReginaePoloniae
614 448 690 470 cum
704 436 833 471 duobus
854 432 1009 469 fratribus

253 489 401 521 uterinis.
424 487 472 520 Sic
483 485 651 520 homoille
668 486 789 528 οἱίὀμζᾶι
802 486 834 518 in
852 485 925 518 luce
938 497 1008 518 me-

255 535 452 580 ridianfijura
468 535 699 571 omniadivina
716 539 748 570 ὃ(
765 534 905 569 humana
918 533 1011 567 audet

253 584 457 620 conculcare.
529 623 532 626 ‚

304 632 448 682 Qarto.
460 634 583 681 Magna
592 632 635 668 est
647 633 727 667 inter
737 631 901 666 Geneseos
914 629 1011 675 quin-

255 682 281 717 ti
300 683 499 718 tricesimum
517 682 712 720 secundum,
731 685 766 714 δε
786 678 948 713 undecimi
962 679 1009 712 vi-

255 731 415 778 gesimum
428 731 554 767 sextum
566 728 795 766 diffimilitudo
806 751 814 764 ‚
832 740 908 761 nam
920 724 1016 764 Noah

255 781 345 816 filios
362 782 435 816 suos
445 792 508 816 tres
523 783 608 816 intra
622 778 804 816 biennium,
823 777 879 825 qui
896 775 947 811 hic
959 776 1012 810 ad-

256 830 383 866 versarii
401 831 472 865 sunt
484 855 492 867 ‚
516 824 674 879 generasse
691 828 810 862 volunt
824 850 834 864 ,
860 823 911 859 sed
930 827 1013 858 inter

256 878 404 915 filiorum
416 876 514 912 ‘Tharae
526 878 711 913 nativitates
729 874 894 923 sexaginta
914 874 1014 907 mini-

258 927 354 964 mum
368 925 680 962 annosinterceffisse
695 924 814 960 docent
829 937 837 957 ε
862 923 1015 958 immanis

259 978 305 1013 est
315 977 380 1012 haec
393 974 612 1022 discrepantia.

309 1024 456 1074 Qinto.
489 1025 581 1060 Dato
614 1021 836 1060 eAbrahamum
871 1022 1015 1057 filiorum

258 1073 363 1110 ‘Jharae
373 1086 452 1110 natu
464 1073 554 1108 fuiffe
566 1075 756 1109 minimum,
773 1072 854 1106 nihil
866 1072 928 1106 hoc
938 1069 1017 1105 facit

259 1125 301 1160 ad
315 1125 520 1159 nativitatem
538 1126 608 1167 ejus
625 1121 859 1158 excludendam
874 1121 915 1155 ab
926 1132 1014 1154 anno

259 1175 360 1221 patris
381 1172 632 1220 septuagesimo,
655 1184 732 1206 nam
752 1170 834 1205 nihil
846 1181 933 1205 vetat
952 1169 1016 1203 hoc

261 1225 362 1258 etiam
381 1221 545 1269 suppolito
572 1219 777 1257 Abrahamum
801 1232 890 1254 anno
917 1219 1014 1266 patris

263 1271 511 1319 septuagesimo,
527 1275 558 1305 ὃ(
569 1270 681 1307 fratres
692 1273 830 1317 majores
842 1269 952 1303 multo
963 1280 1018 1302 an-

262 1332 294 1356 te
308 1320 397 1356 fuisse
408 1331 597 1369 prognatos.

311 1366 703 1419 Argumentorsecundo.
730 1367 801 1402 Nisi
814 1365 1019 1403 «Abrahamus

263 1430 357 1456 natus
368 1433 455 1454 anno
472 1421 570 1467 patris
589 1417 820 1465 septuagesimo
839 1416 1019 1452 secundum

263 1471 358 1513 Mofis
370 1469 672 1517 verbaintclligatur
685 1491 694 1507 ‚
711 1468 858 1506 nativitas
875 1463 1020 1501 eAhralm

261 1520 463 1566 relinquetur
473 1520 605 1553 incerta.
620 1515 717 1552 Nahor
726 1517 777 1551 vel
787 1522 884 1550 Haran
892 1514 1020 1562 septua-

261 1568 387 1617 gesimo
397 1565 499 1602 Tlmrae
511 1569 575 1602 nati
586 1567 735 1602 dicentur
745 1588 754 1602 ‚
770 1565 899 1611 quando
912 1575 1019 1599 autern

262 1615 419 1656 Abraham
453 1628 547 1652 natus
580 1617 617 1651 fit
643 1617 745 1662 M⁰ft1
781 1627 851 1650 non
879 1614 997 1649 dixerit
1012 1627 1020 1647 ε

265 1665 497 1714 Chronologia
510 1664 595 1699 sacra
608 1666 640 1699 in
653 1660 826 1699 Abrahamo
844 1663 1019 1711 abrumpe-

265 1726 320 1750 tur
331 1741 340 1755 ,
367 1718 400 1749 δέ
427 1715 593 1749 additione
621 1713 786 1761 sexaginta
805 1725 967 1748 annorum
984 1712 1022 1746 ad

266 1764 379 1810 Mosen
389 1775 623 1812 corrumpetur.
650 1761 1023 1810 RespondetTorniellm,

269 1814 309 1849 ad
319 1826 416 1862 quem
428 1817 540 1848 Panem
551 1838 561 1855 ‚
571 1813 696 1847 Rivetm
705 1836 714 1850 ,
728 1823 782 1845 aut
793 1813 847 1846 alii
857 1838 866 1852 ,
877 1812 959 1846 nihil
971 1811 1022 1846 vel

270 1875 386 1910 parum
398 1862 528 1898 addunt,
540 1864 666 1897 calculo
679 1861 932 1908 Chronologico
943 1861 1023 1895 nihil

272 1912 356 1951 addi,
373 1911 427 1946 sed
438 1910 597 1958 sexaginta
616 1924 720 1945 annos
743 1909 825 1944 male
843 1911 1023 1956 expunctos

271 1960 360 1996 recte
371 1963 550 2007 recuperari
562 1979 571 2001 ς
583 1960 621 1995 de
633 1973 720 1994 anno
733 1961 910 1994 nativitatis
921 1957 1024 1995 Abra-

274 2008 355 2044 hami
377 2023 445 2044 non
464 2010 552 2045 silere
572 2012 682 2057 Mosen
693 2010 785 2050 ,licet
798 2011 874 2044 loco
886 2023 946 2056 prae
959 2021 1025 2043 ma-

274 2059 372 2094 nibus
383 2059 421 2093 de
433 2072 472 2093 eo
485 2072 552 2093 non
564 2060 717 2107 loquatur
727 2082 736 2095 ‚
745 2057 822 2092 alibi
835 2070 944 2093 tamen
955 2059 1026 2093 satis

275 2108 428 2147 indicare,
438 2121 492 2155 per
505 2110 600 2143 claras
612 2107 871 2155 consequentias.
885 2109 1026 2155 Replica.

278 2168 310 2190 1.
329 2157 517 2191 Confessam
531 2157 695 2204 sexaginta
716 2169 876 2191 annorum
899 2158 939 2192 ad
955 2158 1028 2193 vul-

276 2217 390 2253 gatum
417 2217 614 2252 computum
648 2206 848 2241 additionem
875 2220 1026 2255 magnam

276 2253 400 2289 efficere
411 2255 444 2288 in
456 2252 682 2303 Chronologizi
694 2257 926 2295 mutationem,
940 2255 1026 2289 certe

277 2315 351 2349 quae
362 2303 399 2337 de
416 2302 615 2349 Eclipfibus‚
634 2308 667 2338 δε
686 2305 825 2350 antiquis
845 2304 1026 2337 coelestium

276 2355 451 2395 ssaqvosm'vmv
464 2352 748 2388 observationibus
766 2377 775 2392 ‚
800 2362 854 2386 aut
868 2352 1027 2398 Jubilaeo-

275 2414 350 2436 rum
387 2412 546 2449 computo
582 2401 756 2439 doetiffimi
791 2402 886 2435 multi
907 2403 968 2437 viri
988 2402 1027 2436 ad

277 2450 517 2497 Chronologiae
527 2448 621 2486 sacrae
632 2451 694 2498 qua
710 2449 998 2486 confirmationem
1017 2476 1027 2492 ‚

275 2498 338 2546 qua
349 2499 597 2535 illustrationem
610 2502 820 2537 adduxerunt,
832 2499 889 2534 hac
901 2503 1027 2536 ratione

275 2547 426 2583 funditus
436 2560 624 2584 evertuntur
635 2576 644 2589 ,
663 2563 721 2585 nec
733 2563 769 2584 ea
779 2549 900 2584 additio
909 2550 1026 2584 admit-

278 2597 376 2632 tenda
386 2597 430 2632 est
439 2622 447 2634 ‚
457 2597 516 2632 nisi
526 2602 646 2641 majore
660 2597 842 2633 necessitate
854 2600 1029 2645 compella-

279 2658 365 2729 mufr,
377 2645 475 2694 quam
488 2659 678 2695 argumenta
687 2647 792 2683 adhuc
814 2647 947 2682 adducta
967 2661 1030 2695 prae

280 2695 314 2730 se
344 2706 447 2731 erunt⁴

326 2743 486 2779 Secundo.
510 2745 637 2779 Exzfflcae
656 2745 749 2784 Mofis
760 2745 972 2792 Genealogiae
990 2746 1030 2779 ab

282 2793 420 2827 ‘Adamo
431 2794 471 2828 ad
483 2789 683 2827 Abrahamum
694 2796 725 2826 &
737 2793 924 2839 aliquandiu
937 2793 1010 2841 post
1018 2820 1027 2833 ‚

283 2840 366 2875 fiunt
382 2856 437 2888 per
458 2854 603 2889 tempora
622 2842 797 2876 nativitatis
823 2844 1031 2878 Patriarchia·

281 2896 353 2924 rum
367 2892 402 2925 in
413 2891 496 2926 reffli
515 2890 635 2927 Christi
654 2889 738 2924 linea
757 2892 1008 2927 constitutorum
1020 2917 1031 2934 ‚

282 2939 304 2974 fi
315 2949 419 2973 autern
430 2954 532 2976 annus
543 2938 639 2975 Tharae
647 2939 892 2988 septuagesimus
903 2955 970 2977 non
981 2955 1030 2976 re-

282 2987 400 3023 feratur
410 2989 448 3024 ad
455 2991 697 3037 generationem
712 2988 904 3031 oAhrahami,
913 2990 965 3026 sed
974 2993 1025 3026 vel

285 3035 411 3071 Nabaris
439 3040 487 3074 vel
506 3041 629 3074 Haranbs
654 3038 830 3074 mutabitur
854 3050 924 3074 tota
950 3042 1031 3076 ratio

290 3084 524 3136 Chronologiae
536 3088 667 3136 Μαρία
677 3089 710 3122 in
719 3087 786 3135 ipsa
794 3087 924 3135 person&
933 3090 1031 3124 Abra-

287 3128 332 3165 lm
357 3158 368 3172 ²
402 3141 492 3179 cujus
515 3139 758 3184 generationem
786 3142 817 3172 δέ
837 3150 940 3173 annos
960 3142 1030 3187 plus

285 3179 384 3228 quam
400 3184 477 3219 alius
502 3185 719 3235 cujuscunque
738 3187 925 3225 Patriarchae
953 3190 1035 3231 ΜοΙῐ

1000 112 1478 155 H1sr01ttct

1057 187 1170 236 scopus
1191 192 1224 224 δε
1242 188 1426 224 institutum
1448 189 1494 225 est
1514 187 1744 233 manifestare}
1771 203 1808 227 ut

1058 236 1139 272 clare
1156 237 1234 272 fluat
1254 239 1361 272 cursus
1380 249 1567 286 temporum
1585 254 1620 276 ac
1635 241 1754 276 Christi
1768 243 1812 276 li-

1058 299 1129 323 nea.
1147 286 1228 321 nihil
1244 286 1282 320 ad
1302 287 1482 328 Christum,
1497 287 1578 322 nihil
1588 290 1626 323 ad
1637 291 1810 325 Ecclesiam

1058 348 1126 382 quo
1137 349 1223 370 anno
1235 333 1336 371 'Tlmrae
1345 339 1469 384 genitus
1480 337 1527 378 fit,
1540 338 1589 372 vel
1601 341 1707 372 Har-an
1719 352 1808 386 patet

1060 383 1281 434 [Moabitarum
1295 387 1345 421 vel
1358 384 1463 421 Nahor
1472 397 1561 434 patet
1575 385 1703 422 familia:
1717 387 1808 434 Aisy-

1061 440 1162 467 riatae.

1105 480 1232 517 Tertio.
1255 483 1418 518 Nativitas
1440 485 1594 519 omnium
1605 486 1741 520 aliorum
1754 489 1813 520 Pa-

1059 530 1270 565 triarcharurn
1282 531 1324 566 est
1335 544 1479 567 enarrata
1491 532 1508 567 ὲ
1524 536 1612 581 Adose
1624 534 1729 569 verbis
1744 536 1814 582 pla-

1061 581 1109 614 nis
1127 583 1158 614 &
1175 579 1315 621 disertis,
1342 595 1408 616 non
1426 583 1535 617 relieta
1556 594 1594 617 ut
1613 583 1816 631 indagaretur

1061 642 1115 674 per
1126 630 1227 664 varias
1238 630 1388 678 ambages
1406 632 1714 680 consequentiarum
1729 647 1738 673 3
1763 637 1819 668 A-

1059 675 1190 712 brahami
1209 681 1393 726 propinqua
1419 683 1453 714 &
1479 682 1625 716 eminens
1651 683 1688 717 ad
1708 682 1816 718 foedus

1060 728 1169 776 gratiae
1181 739 1215 762 ac
1227 730 1386 775 populum
1401 730 1464 764 Dei
1487 735 1519 765 &
1542 730 1707 766 Christum
1731 734 1818 767 rela-

1061 779 1107 811 tio
1128 790 1195 811 non
1213 790 1286 812 eum
1306 781 1429 826 patitur
1445 777 1498 813 suxi
1524 778 1575 815 hic
1604 780 1817 831 praerogativa

1060 823 1200 872 spoliari.

1113 874 1214 919 Qiod
1224 874 1264 908 de
1275 878 1297 907 S
1300 872 1381 909 hemo
1389 876 1426 910 ad
1438 876 1582 913 nauseam
1598 890 1747 926 regerunt
1760 904 1770 920 ,
1781 890 1817 914 ut

1063 933 1166 968 nuper
1181 921 1306 955 dictum
1318 947 1328 961 ‚
1356 936 1426 957 non
1451 925 1546 961 solvit
1571 941 1816 974 argumentum.

1062 971 1148 1005 Nam
1181 982 1211 1004 1.
1227 971 1278 1010 Si,
1290 972 1452 1006 tit-volunt
1462 976 1580 1012 multi,
1600 974 1720 1012 Shemus
1739 976 1814 1013 fue-

1062 1020 1102 1054 rit
1112 1020 1186 1054 Noae
1198 1021 1438 1067 primogenitus
1447 1044 1457 1059 ,
1470 1023 1596 1057 tollitur
1610 1029 1719 1061 omnis
1732 1041 1816 1075 quae-

1065 1068 1133 1103 stio.
1161 1081 1193 1103 2.
1215 1068 1410 1104 Licetfuerit
1422 1065 1820 1117 Iaphetojuniorbiennio.

1065 1119 1148 1152 inter
1162 1118 1241 1152 duos
1253 1130 1354 1153 annos
1366 1117 1480 1159 Shnni,
1494 1124 1527 1154 &
1540 1119 1722 1158 eAbrahami
1732 1124 1823 1159 sexa-

1064 1169 1156 1216 ginta
1178 1166 1260 1203 vasta
1280 1167 1323 1202 est
1343 1166 1528 1204 differentia.
1557 1182 1586 1214 3.
1607 1172 1679 1217 Qi
1703 1174 1822 1208 volunt

1064 1214 1202 1251 Shemum
1215 1214 1334 1265 Iapheto
1346 1219 1506 1252 minorem
1517 1243 1527 1259 ‚
1542 1219 1574 1253 id
1584 1218 1615 1253 se
1626 1220 1731 1255 facere
1744 1236 1823 1269 pro-

1064 1265 1197 1300 fitentur
1221 1279 1275 1313 per
1293 1265 1446 1313 expressas
1474 1269 1751 1316 Scripturas‚non
1766 1284 1822 1318 per

1065 1314 1321 1363 consequentias.
1347 1330 1384 1359 4.
1406 1316 1658 1365 Consequentioe
1680 1319 1822 1366 proban-

1065 1376 1113 1399 tes
1128 1363 1329 1400 Abralmmum
1340 1376 1452 1400 natum
1465 1380 1553 1402 anno
1572 1365 1674 1402 Tlmrae
1687 1370 1823 1404 centcfi-

1067 1427 1125 1449 mo
1144 1415 1310 1463 trigesimo
1326 1414 1512 1464 longinquae
1522 1416 1615 1458 sunt,
1628 1421 1673 1457 δε,
1694 1429 1729 1452 ut
1742 1417 1823 1453 fate-

1066 1475 1118 1498 tur
1127 1464 1302 1505 Torniellus,
1313 1463 1456 1499 obscurae
1465 1490 1473 1502 ‚
1483 1465 1536 1500 sed
1546 1491 1555 1506 ,
1566 1477 1603 1501 ut
1614 1465 1751 1503 affirmat
1762 1471 1821 1502 Pe-

1066 1513 1154 1547 rarius
1166 1538 1175 1550 ,
1189 1512 1273 1548 falsae
1283 1539 1293 1554 ,
1309 1526 1378 1561 qua:
1391 1514 1472 1549 nihil
1485 1515 1642 1563 probant.

1119 1565 1326 1611 Argumenta
1336 1563 1475 1598 Tomtelli
1484 1578 1543 1611 pro
1555 1563 1653 1600 alterii
1664 1564 1822 1600 sententia
1840 1563 1939 1599 ,Argu-

1068 1611 1246 1647 suntvaria.
1276 1622 1304 1648 1.
1323 1614 1413 1648 Vixit
1424 1611 1520 1648 Terah
1539 1628 1641 1650 annos
1668 1615 1824 1649 ducentos

1068 1663 1216 1710 quinque
1232 1666 1263 1696 &
1277 1673 1428 1697 mortuus
1439 1663 1482 1698 est
1493 1659 1656 1703 charram,
1668 1661 1823 1698 Abraham

1842 1612 1921 1630 menta

1840 1644 1953 1671 Torm‘elli

1842 1693 1876 1714 ey*
1889 1683 1969 1711 Parm'

1069 1723 1174 1745 autem
1185 1723 1318 1747 mortuo
1329 1722 1417 1758 patre
1432 1712 1599 1759 profe&us
1617 1711 1662 1747 est
1675 1709 1822 1748 charram
1841 1726 1954 1762 refutan-

1068 1762 1102 1794 in
1114 1758 1305 1796 Clmnanaeam
1321 1773 1410 1795 anno
1421 1763 1493 1796 vitae
1512 1761 1575 1795 suae
1591 1761 1820 1810 septuagesimo
1837 1773 1888 1795 tur.

1069 1813 1199 1857 quinto,
1222 1822 1325 1844 annus
1348 1809 1426 1858 crgo
1448 1808 1613 1846 Abrahami
1633 1812 1822 1860 septuagesi-

1070 1873 1143 1894 mus
1154 1861 1287 1907 quintus
1298 1858 1512 1906 respondebat
1523 1873 1612 1894 anno
1629 1863 1727 1908 patris
1745 1862 1824 1897 ulti-

1073 1921 1131 1942 mo
1144 1908 1367 1943 ducentefimo
1383 1910 1498 1954 quinto
1511 1933 1521 1948 ,
1548 1919 1642 1944 natus
1660 1910 1740 1958 erg&
1760 1909 1826 1945 fuit

1071 1955 1223 1993 Abraham
1235 1969 1322 1992 anno
1334 1959 1429 2004 patris
1448 1958 1624 1992 centesimo
1636 1956 1800 2006 trigesimo
1811 1984 1824 2000 ,

1072 2008 1273 2055 septuaginta
1293 2009 1439 2054 quinque
1454 2006 1574 2041 scilicet
1590 2019 1664 2042 ante
1686 2012 1754 2053 ejus
1766 2008 1825 2042 du-

1072 2058 1282 2092 centesimum
1302 2058 1454 2103 quintum
1479 2059 1512 2090 in
1529 2069 1754 2104 quomortuus
1771 2057 1828 2093 cst.

1074 2105 1171 2154 Resp.
1197 2106 1370 2145 Tor-niellus,
1382 2109 1415 2140 ὅ(
1427 2106 1571 2153 sequaces
1580 2107 1780 2153 triumphant
1789 2108 1824 2141 in

1074 2156 1138 2190 hoc
1149 2166 1341 2204 argumento
1357 2166 1392 2189 ut
1400 2154 1679 2189 demonstratione
1693 2154 1824 2192 invicta,

1075 2206 1202 2239 Per-erim
1221 2216 1332 2245 tamen
1350 2226 1358 2238 ‚
1384 2206 1417 2237 &
1439 2215 1553 2237 omnes
1570 2205 1625 2251 qui
1644 2203 1826 2252 sequuntur

1074 2254 1271 2303 Augustinum
1281 2278 1288 2290 ,
1297 2251 1368 2286 satis
1380 2250 1474 2286 facile
1485 2250 1691 2299 respondent.
1703 2253 1827 2287 Omnis

1074 2303 1259 2348 argumenti
1271 2301 1314 2334 vis
1335 2302 1367 2333 in
1380 2313 1418 2334 eo
1432 2301 1507 2341 stat,
1524 2302 1611 2350 quod
1624 2299 1827 2338 eAbmhamm

1075 2363 1145 2384 non
1165 2349 1201 2384 sit
1217 2347 1379 2397 profecotus
1394 2352 1427 2383 in
1444 2349 1632 2384 clmnanaeam
1643 2363 1717 2386 ante
1728 2353 1828 2385 Patris

1076 2411 1234 2435 mortem:
1252 2410 1356 2434 narrat
1368 2400 1499 2446 quidem
1513 2402 1613 2448 M⁰se³
1622 2399 1725 2435 Tharae
1735 2412 1827 2434 mot-

1075 2461 1141 2483 tem
1162 2451 1195 2482 in
1213 2448 1279 2483 fine
1296 2449 1411 2495 capitis
1426 2461 1474 2483 11.
1494 2451 1581 2483 Gen,
1600 2455 1631 2483 &
1646 2448 1827 2484 eAbrahami

1077 2496 1315 2546 profeciionem
1327 2499 1422 2531 initio
1437 2511 1449 2532 1
1460 2498 1548 2532 2.sed
1558 2498 1633 2533 hinc
1642 2512 1710 2533 non
1724 2498 1827 2545 sequi-

1076 2559 1127 2581 tur
1144 2544 1327 2582 eAbralmmi
1348 2545 1586 2593 profeffionem
1610 2547 1699 2581 fuisse
1718 2548 1827 2593 postc-

1075 2598 1191 2631 riorem
1206 2608 1310 2630 morte
1320 2597 1428 2642 patris,
1439 2596 1511 2629 satis
1522 2597 1608 2629 enirn
1619 2596 1663 2630 est
1671 2595 1825 2642 frequens

1076 2648 1110 2680 in
1123 2643 1342 2679 historiasacrfi
1352 2654 1385 2676 ut
1397 2656 1466 2690 quae
1477 2641 1631 2691 posterius
1641 2644 1726 2693 gesta
1741 2644 1827 2686 sunt,

1078 2692 1165 2739 prius
1177 2701 1342 2726 narrentur
1360 2717 1369 2731 ‚
1401 2693 1493 2740 quod
1515 2706 1550 2727 ex
1570 2693 1644 2741 ipsis
1662 2695 1743 2728 locis
1762 2707 1825 2741 prae

1078 2741 1226 2776 manibus
1239 2751 1325 2788 patet
1337 2766 1345 2778 ‚
1362 2754 1436 2775 nam
1450 2743 1544 2777 initio
1562 2745 1675 2790 capitis
1690 2756 1701 2777 1
1711 2756 1826 2778 1.nar-

1079 2801 1164 2825 ratur
1186 2789 1340 2825 structura
1368 2792 1463 2825 turris
1486 2790 1574 2826 Bahel
1588 2818 1598 2833 ‚
1624 2806 1692 2840 quae
1712 2792 1826 2826 diebus

1080 2839 1167 2891 Peleg
1181 2839 1264 2874 faeta
1278 2839 1321 2873 est
1332 2864 1339 2876 ,
1357 2840 1463 2874 multo
1480 2852 1553 2876 ante
1571 2851 1761 2889 prognatam
1778 2844 1827 2874 Io-

1077 2889 1164 2923 ‹ff'anis
1183 2888 1283 2940 Pelegi
1303 2888 1404 2923 fratris
1426 2891 1590 2924 secundam
1611 2891 1800 2936 progeniem
1814 2915 1824 2929 ‚

1079 2952 1148 2987 quae
1165 2951 1235 2985 cap.
1249 2951 1300 2972 10.
1327 2937 1518 2973 describitur
1532 2965 1539 2977 ,
1567 2938 1636 2972 imo
1657 2937 1734 2973 vcro
1754 2939 1824 2986 post

1078 2986 1180 3022 Tharae
1191 2998 1330 3021 mortem
1344 2989 1439 3021 initio
1452 2989 1824 3034 capiti812.mandatum

1078 3038 1141 3071 Dei
1155 3034 1324 3071 Abrabamo
1336 3039 1508 3082 imperans,
1520 3048 1553 3070 ut
1565 3039 1759 3084 relinqueret
1771 3051 1825 3085 pa-

1079 3088 1171 3120 triam
1182 3090 1225 3119 Ur
1233 3083 1441 3121 Chaldaeorum,
1451 3097 1486 3119 ac
1496 3086 1632 3120 domum
1645 3098 1826 3134 paternam,

1080 3146 1113 3169 ut
1145 3137 1179 3170 in
1215 3132 1407 3169 Clmnasmam
1428 3133 1679 3182 proficisceretur
1699 3161 1709 3177 ,
1745 3138 1824 3170 licet

1078 3186 1218 3233 capstz.
1244 3185 1447 3231 exponitur,
1474 3182 1630 3221 excessum
1653 3197 1820 3267 tamenhex

1734 3237 1754 3267 C
1778 3233 1825 3267 ul·-
