2048 3343
480 101 558 128 ετ
625 85 1540 140 ΟΗΚΟΝΟιοοΙει,Ι,ιΒ.ΙῘ.
1747 101 1780 128 11

59 166 91 194 ab
107 160 200 194 invito
227 161 277 198 sed
306 160 401 196 Galba
425 159 659 209 Hispanicarum
683 162 842 209 legionum
861 159 984 193 ductori
1022 159 1168 206 repperit,
1182 167 1215 191 ut
1229 157 1701 194 nondifficultermcdiocricum
1712 172 1782 207 pru-

58 206 130 244 Rufo.
225 212 393 246 traderetur
407 211 579 258 imperium.
605 215 726 246 Contra
735 209 898 245 Vindicem
912 220 983 241 cum
1022 209 1124 242 dentia
1141 207 1304 254 imperium
1324 209 1459 253 potuerit
1473 206 1640 242 retinuisse:
1661 207 1781 244 sedsta-

66 870 170 898 Neronis

60 920 125 937 mors
145 912 194 938 mi-

223 261 417 295 Germanico
432 261 566 295 exercitu
580 261 678 294 movit
692 259 795 293 Rufus
808 271 817 297 ;
831 256 985 290 obsidenti

220 307 447 345 Vesuntionem
456 309 544 344 Rufo
553 309 687 342 occurrit
695 307 827 343 Vindex,
837 303 907 351 post
917 305 983 338 col-

222 359 367 407 loquium
377 357 553 393 consensisse
566 368 731 402 utrumque
741 355 771 388 in
780 355 907 388 Neronis
920 353 983 387 exi-

223 409 300 443 tium
314 407 475 456 putabatur
489 431 499 446 ,
526 404 575 440 sed
588 405 661 439 dum
676 403 904 440 Vesontionem
918 414 983 437 ten-

223 459 310 493 deret
319 457 451 496 Vindex,
467 460 496 491 δε
506 455 582 490 Rufi
594 456 706 489 milites
720 464 827 488 contra
840 451 867 487 se
881 453 984 486 venire

224 507 446 546 existimarent,
465 505 526 540 sine
540 505 673 552 imperio
687 504 823 551 legiones
837 503 892 536 illae
905 502 983 544 Gal-

223 558 295 591 licas
309 556 344 590 ad
357 568 490 604 pugnam
505 556 664 602 imparatas
678 553 858 588 invadunt&
868 552 984 585 multo-

223 618 292 640 rum
305 619 376 640 cum
390 605 472 640 caede
485 605 636 652 dissipant:
651 604 771 637 Vindex
785 601 840 635 fibi
855 600 908 647 ipsi
922 613 984 634 ma-

225 667 281 690 nus
295 654 386 690 infert
400 667 513 703 magno
527 667 597 688 cum
612 652 686 687 Rufi
701 652 821 686 dolore.
861 651 984 685 Omnes

224 716 290 739 tum
304 703 392 739 Rufo
407 705 571 751 imperium
586 701 708 738 offerre,
723 699 783 748 ipse
796 700 872 734 vero
886 697 983 746 despi-

223 755 308 789 ciens
321 753 497 789 constanter
510 754 654 798 rejicere,
674 751 798 785 Senatui
811 761 912 783 tamen
926 762 983 796 po-

224 804 363 851 puloque
375 801 455 836 suam
470 815 595 849 operam
610 811 716 836 contra
728 802 877 834 Neronem
890 811 984 832 vove-

226 853 366 887 re.Nero
373 852 508 900 primum
516 863 727 889 contemnere,
737 848 784 884 sed
795 860 827 882 ut
833 861 896 882 non
905 848 984 882 Gal-

226 903 298 937 licas
311 905 429 938 tantum
444 927 453 941 ‚
479 900 528 936 sed
544 902 637 935 etiam
652 899 854 934 Germanicas
871 910 904 932 ac
922 898 982 931 Hi-

1021 257 1078 290 tim
1094 255 1358 303 suaimprudentifi
1371 257 1496 290 exitium
1511 257 1566 291 fibi
1579 259 1750 292 maturavit.

1074 306 1122 338 Ex
1141 305 1289 339 claffiariis
1308 305 1390 339 Nero
1408 305 1565 350 legionem
1579 305 1798 348 confecerat„

1024 364 1103 399 quos
1117 355 1148 387 in
1162 355 1271 388 urbem
1285 353 1321 387 ad
1332 365 1414 387 arma
1422 357 1452 387 &
1461 355 1575 401 aquilas
1586 357 1778 403 accipiendas

1021 402 1161 443 vocz‘irat,
1182 402 1240 436 hos
1254 402 1357 436 Galba
1369 402 1447 446 justit
1460 405 1496 436 ad
1510 403 1664 440 classem&
1674 419 1779 440 remos

1021 452 1137 491 redire,
1153 449 1320 486 recusantes
1334 464 1442 497 magna
1454 450 1552 498 strage
1565 453 1595 485 in
1608 456 1709 499 primo
1723 454 1778 489 suo

1021 501 1106 536 urbis
1114 499 1244 548 ingressu
1254 500 1411 547 dissipavit.
1427 501 1617 535 Praetorianis
1629 505 1779 537 Laconem

1022 549 1182 598 praeposuit
1193 550 1357 584 hominem
1366 550 1542 585 vecordem,
1557 548 1720 597 saperbum
1732 564 1779 586 ta-

1022 614 1094 634 men
1113 604 1145 635 &
1158 598 1201 634 sui
1216 598 1367 646 propositi
1379 599 1598 633 tenaciffimum
1612 625 1621 640 ,
1649 604 1777 635 Vinium

1021 649 1107 684 suum
1127 651 1158 684 in
1176 647 1322 696 Hispanid
1339 648 1472 696 legatum
1492 647 1660 683 Consulem
1675 649 1777 686 secum

1021 699 1114 739 dixit,
1138 701 1248 732 Icelum
1260 698 1403 733 libertum
1417 699 1555 732 maximis
1567 699 1659 732 rebus
1669 699 1777 746 praefe-

1021 750 1080 789 cit,
1107 748 1145 783 ab
1161 747 1275 782 horum
1293 747 1525 783 triumvirorum
1545 748 1675 782 consilio
1691 760 1777 783 totus

1021 798 1186 846 pendebat:
1212 798 1404 832 Praetorianis
1419 797 1597 832 donativum
1610 800 1778 845 expedian-

1020 849 1101 883 tibus
1115 847 1192 881 nihil
1204 847 1304 886 dedit,
1320 847 1380 894 legi
1392 843 1443 882 ase
1456 859 1521 881 non
1534 848 1595 882 emi
1607 847 1702 882 solere
1715 848 1777 883 mi-

1020 899 1087 932 lites
1101 896 1253 943 inquiens.

56 950 171 987 ftrrima.
1073 945 1166 981 Otho
1185 944 1229 978 ob
1243 947 1400 993 ‘Poppaeam
1413 957 1542 980 uxorem
1556 946 1587 980 in
1598 949 1775 995 Hispaniam
1790 956 1858 985 otho
1874 958 1936 982 Pm-

1020 996 1035 1031 ὲ
1051 999 1183 1045 :Nerone
1199 994 1367 1041 ablegatus,
1390 994 1442 1028 etsi
1455 996 1535 1029 vitiis
1550 996 1697 1045 plerisque
1710 999 1775 1032 Ne-
1790 998 1899 1024 tatianos

1018 1050 1083 1079 roni
1090 1044 1188 1092 prope
1197 1054 1364 1091 par,tamen
1373 1045 1475 1092 magni
1483 1045 1574 1078 animi
1582 1049 1613 1079 ὃ(
1621 1046 1774 1081 industriae
1788 1048 1801 1065 c
1803 1042 1900 1072 ormmp
1903 1036 1924 1061 '³'
1927 1053 1933 1060 ⁴

227 950 358 999 spanicas
373 963 480 986 contra
498 950 525 985 se
544 951 682 998 legiones
695 960 823 983 movere
836 947 922 981 certo
937 946 982 980 di-

227 1002 319 1042 dicit,
344 1013 409 1036 tum
426 1000 575 1048 trepidare
588 1005 620 1035 &
634 1000 738 1033 animo
751 998 886 1045 cogitare
902 1008 982 1043 quo-

226 1052 327 1086 modo
340 1050 416 1086 caeso
428 1052 539 1084 Senatu
553 1054 581 1085 &
591 1049 666 1082 urbe
681 1048 792 1081 iterum
806 1047 930 1080 incensi!
939 1047 981 1079 A-

64 2247 149 2275 Galba
167 2245 218 2283 pos-

226 1101 411 1136 lexandriam
425 1100 456 1133 in
470 1102 653 1148 effigyptum
665 1095 784 1144 fugeret
797 1111 805 1130 :
826 1094 875 1130 sed
889 1095 981 1140 trepi-

225 1151 349 1185 dantem
358 1150 468 1185 milites
481 1146 672 1187 omnes,imo
681 1145 752 1180 servi
761 1144 921 1180 domestici
929 1144 981 1176 de-

222 1199 336 1245 serunt.
362 1199 523 1234 Convenit
531 1199 656 1231 Senatus
669 1206 703 1230 ut
716 1196 753 1229 dc
766 1207 805 1229 eo
812 1192 905 1228 ferret
918 1191 980 1226 sen-

225 1250 363 1284 tentiam,
378 1248 511 1281 omnino
524 1245 640 1280 nescius
652 1258 716 1293 quo
729 1242 756 1278 se
769 1253 899 1278 verteret
911 1255 982 1276 cum

224 1298 322 1332 tribus
335 1297 452 1331 libertis
464 1299 566 1345 Sporo‚
581 1298 708 1330 Phaone,
722 1298 753 1329 &
766 1291 982 1341 Epaphrodito:

224 1347 260 1381 ad
274 1347 446 1395 proximam
455 1345 591 1379 ‘Phaonis
605 1345 706 1379 villam
721 1343 885 1379 vilivec‘tus
900 1354 983 1389 equo

225 1401 256 1432 &
270 1396 366 1432 velat&
383 1393 458 1430 facie
474 1393 570 1443 fugit,
589 1394 644 1428 ubi
657 1395 688 1427 in
701 1393 818 1427 lectulo
835 1391 922 1437 super
933 1403 982 1427 ve-

225 1457 273 1481 tus
294 1446 418 1493 pallium
438 1445 628 1479 decumbens
644 1439 787 1491 transegit
809 1442 937 1476 noCtem
951 1442 983 1474 in

225 1494 347 1530 summo
367 1495 476 1528 mortis
494 1494 767 1541 appropinquantis
779 1503 885 1526 metu:
911 1503 982 1525 cum

225 1555 329 1579 autem
341 1557 378 1578 ex
397 1543 524 1576 Phaonis
536 1542 621 1577 servo
634 1540 782 1576 didicisset
793 1565 800 1577 ,
819 1540 942 1575 hostem
955 1538 983 1574 se

225 1595 244 1630 ὲ
257 1597 369 1629 Senatu
386 1593 508 1627 dietum
521 1593 575 1640 qui
594 1604 682 1626 more
696 1595 848 1636 majorum
862 1590 983 1638 punire-

225 1653 291 1684 tur,
318 1647 350 1678 &
363 1654 434 1677 eum
448 1655 570 1677 morem
583 1640 759 1690 accepisset,
782 1639 919 1675 hominis
927 1652 985 1673 nu-

225 1694 258 1728 di
271 1694 385 1728 collum
399 1691 484 1727 furca
497 1691 722 1740 constringere,
744 1687 914 1737 corpusque
928 1689 985 1725 vir-

226 1745 272 1792 gis
280 1743 316 1777 ad
329 1753 464 1777 mortem
477 1742 603 1782 caederc;
617 1741 785 1775 abhorrens
798 1738 985 1787 supplicium,

226 1794 307 1828 duos
321 1795 475 1840 pugiones
489 1790 677 1840 deprompsit
695 1802 728 1826 ut
740 1789 768 1824 se
781 1787 985 1824 confoderet:

227 1841 278 1877 sed
298 1842 540 1890 pusillanimitate
559 1842 704 1889 languens
725 1840 756 1874 in
775 1841 911 1888 vaginam
928 1853 985 1887 pu-

226 1893 336 1940 giones
350 1890 494 1940 reposuit,
509 1903 599 1925 orans
616 1892 746 1925 libertos
761 1900 793 1924 ut
806 1889 859 1937 ipsi
873 1889 984 1924 vellent

226 1939 340 1975 inferre
354 1954 478 1982 manus3
493 1953 598 1977 verum
611 1940 659 1975 his
673 1939 892 1979 recusantibus,
912 1939 984 1974 dum

226 1991 346 2038 equites
361 1991 396 2025 ad
410 1990 438 2024 se
457 1992 556 2024 vivum
574 1989 901 2037 comprehendendum
914 1987 983 2023 mis-

226 2037 276 2073 sos
289 2040 325 2073 ad
340 2040 473 2074 cubiculi
488 2039 571 2074 fores
588 2041 720 2079 audivit,
747 2038 981 2088 cumsspaphro-

227 2089 285 2122 diti
302 2102 364 2137 ope
385 2091 555 2137 pugionem
575 2090 684 2137 jugulo
706 2089 867 2136 impressit,
890 2088 984 2122 excla-

230 2140 432 2186 mans,qualis
445 2138 550 2173 artifex
565 2152 659 2186 pereo
674 2139 681 2172 l
696 2140 763 2174 vitae
776 2137 930 2173 tricesimo
942 2135 986 2172 se—

230 2188 345 2228 cund0‚
360 2189 483 2235 imperii
499 2189 623 2222 decimo
634 2189 741 2223 tertio.

290 2238 392 2272 Galba
405 2237 590 2273 nobiliffima
603 2249 688 2272 ortus
702 2235 824 2276 familia,
841 2236 989 2271 omnibus

57 2285 145 2324 sessum
169 2288 218 2312 im-
233 2286 346 2320 militia:
366 2288 508 2333 gradibus
527 2301 597 2321 cum
618 2287 742 2321 honore
762 2284 938 2325 defunctus,
957 2287 988 2318 in

61 2333 160 2363 penum
168 2327 216 2352 im-

61 2366 194 2404 prudenter
239 2379 244 2382 ·

64 2404 120 2433 unax
141 2415 199 2432 cum

234 2334 342 2382 Qalltd,
358 2335 534 2374 Germanid,
547 2335 706 2383 Hispaniis,
732 2339 763 2369 δέ
777 2337 848 2369 alibi
861 2336 877 2369 a
889 2337 988 2369 Nero-

233 2396 268 2416 ne
282 2384 456 2431 legionibus
476 2385 507 2418 in
523 2387 667 2432 Hispania
682 2385 894 2427 Tarraconensi
907 2386 988 2418 Prae-

65 2447 128 2472 vita
150 2446 218 2473 ami-
233 2431 334 2467 fectus
347 2431 415 2467 fuit.
447 2434 538 2472 Varia
557 2435 586 2467 ei
597 2434 720 2482 auguria
732 2434 809 2466 olim
823 2433 988 2480 Imperium

58 2483 120 2521 fies.

232 2480 440 2529 spondebant:
455 2482 474 2517 fi
487 2483 640 2517 credimus
654 2484 796 2517 omnium
810 2484 873 2526 ejus
881 2480 988 2516 aevihi-

233 2532 420 2567 storicorum
434 2531 636 2567 consentienti
653 2531 851 2570 testimonio,
872 2529 935 2564 fere
951 2543 988 2564 o-

233 2583 353 2617 mnium
362 2586 587 2630 Imperatorum
599 2581 657 2616 fata
664 2581 808 2616 Diabolo
816 2581 906 2615 Deus
919 2591 989 2627 per-

232 2631 313 2666 misit
327 2646 379 2680 per
392 2632 578 2680 haruspices,
599 2631 833 2666 mathematicos
845 2657 855 2671 ,
875 2648 988 2673 μετωπη-

234 2688 341 2718 mmm,
361 2686 392 2717 &
406 2683 436 2716 id
450 2695 544 2730 gcnus
557 2682 690 2716 aularum
710 2686 740 2717 δε
754 2681 880 2715 humani
895 2695 988 2729 gene-

232 2735 273 2768 ris
284 2731 382 2779 pestes
395 2731 636 2779 praelignificare.
670 2731 730 2765 Sed
743 2730 847 2764 Galba
860 2733 906 2766 vir
920 2745 990 2766 mo-

233 2782 335 2817 destus
354 2794 388 2816 ac
407 2782 503 2829 gravis
521 2791 588 2814 tum
607 2792 719 2814 annum
739 2779 989 2827 septuagesimum

234 2829 397 2867 secundum
406 2830 567 2870 excedens,
576 2828 771 2863 fatidicorum
786 2828 913 2863 somniis
926 2843 990 2864 non

235 2881 435 2920 movebatur,
456 2880 556 2914 donec
576 2879 714 2913 Vindicis
727 2891 762 2912 ex
778 2879 877 2912 Gallia
895 2879 990 2913 literis

237 2931 380 2964 excitatus
395 2935 425 2965 δι
440 2931 598 2978 legionum
615 2926 733 2963 suarum
752 2928 869 2962 ardenti
887 2927 989 2962 studio

237 2978 335 3025 prope
342 2979 666 3026 compullus,R.eipub.
675 2979 763 3026 legati
771 2990 886 3012 nomen
893 2979 990 3012 admi-

237 3027 272 3062 sit
286 3042 292 3061 :
312 3040 415 3062 verum
425 3039 456 3062 ut
464 3030 589 3063 Senatfis
602 3029 770 3076 populique
784 3028 940 3062 decretum
952 3028 990 3062 de

237 3075 292 3111 suo
307 3078 438 3123 imperio
451 3078 655 3123 accepit,nihil
664 3079 739 3112 ultra
751 3078 910 3112 cunctatus
919 3078 990 3111 Ro-

238 3140 320 3161 mam
334 3139 404 3160 cum
419 3127 550 3160 exercitu
564 3129 747 3173 properavit.
779 3129 823 3162 Ut
835 3126 875 3160 eo
889 3128 988 3166 venit,

236 3187 300 3211 tam
312 3176 396 3211 urbis
405 3188 497 3224 quam
505 3177 732 3213 Provinciarum
744 3176 854 3214 statum
863 3190 903 3213 eo
915 3177 990 3213 loco

1017 1096 1151 1141 juvenis,
1174 1094 1321 1128 luxuriam
1336 1105 1543 1139 comprimere
1556 1094 1668 1129 doctus
1681 1108 1777 1142 quan-

1019 1147 1061 1180 do
1074 1146 1233 1182 intererat,
1247 1143 1335 1177 omni
1343 1155 1403 1189 ope
1411 1143 1547 1176 Galbam
1559 1145 1590 1176 in
1605 1144 1775 1192 adipiscen-

1019 1195 1061 1230 do
1076 1195 1212 1240 Imperio
1225 1192 1389 1236 adjuverat,
1398 1193 1561 1239 expeffihtns
1574 1193 1613 1227 ab
1627 1206 1667 1227 eo
1680 1192 1708 1228 se
1722 1194 1777 1227 ad-

1019 1244 1206 1292 optandum:
1218 1241 1274 1275 hac
1288 1240 1336 1288 spe
1350 1252 1486 1276 mentem
1499 1253 1658 1290 quotquot
1675 1244 1778 1291 potuit

1020 1292 1301 1329 comitate&donis
1310 1290 1390 1325 insui
1403 1289 1541 1326 favorem
1549 1293 1681 1339 pellexit.
1696 1292 1778 1327 Gal-

1020 1344 1059 1378 ba
1072 1342 1156 1377 senio
1169 1351 1306 1390 gravatus
1324 1341 1558 1387 adoptationem
1572 1340 1627 1375 sibi
1644 1342 1779 1376 necessa-

1021 1395 1096 1428 riam
1110 1396 1194 1426 Vinii
1206 1389 1321 1425 artibus
1329 1390 1367 1424 ab
1375 1391 1508 1425 Othone
1516 1391 1548 1425 in
1556 1392 1697 1436 ‘Pisonem
1710 1404 1779 1426 ver-

1021 1445 1067 1479 tit.
1081 1441 1145 1486 Piso
1153 1441 1269 1488 juvenis
1278 1439 1480 1474 nobilissimus
1493 1452 1670 1487 magnarum
1682 1443 1780 1476 virtu-

1020 1505 1085 1528 tum
1099 1492 1255 1527 &Stoicae
1268 1488 1366 1537 prope
1379 1491 1529 1537 gravitatis
1541 1488 1614 1525 fuit:
1627 1503 1698 1524 cum
1711 1493 1778 1535 ejus

1024 1544 1054 1577 in
1073 1544 1184 1576 Senatu
1203 1540 1435 1587 adoptationem
1460 1539 1563 1573 Galba
1581 1539 1753 1576 declarasset
1765 1565 1780 1580 ,
1824 1534 1830 1539 ’

1024 1604 1137 1639 magno
1151 1600 1310 1637 acceptum
1323 1587 1367 1622 est
1381 1587 1481 1635 plausu
1495 1602 1503 1629 ;
1527 1587 1575 1624 sed
1594 1588 1666 1624 cum
1684 1590 1716 1623 in
1729 1602 1780 1624 ca-

1024 1642 1089 1676 stris
1103 1641 1230 1675 eandem
1242 1636 1436 1677 enunciaffet,
1449 1636 1561 1686 absque
1574 1639 1633 1672 ulla
1645 1639 1691 1674 vel
1703 1649 1781 1674 tunc

1024 1691 1160 1727 donativi
1173 1689 1344 1728 mentione,
1357 1688 1496 1735 plerique
1509 1688 1621 1722 milites
1632 1686 1781 1730 fremere,

1024 1742 1121 1777 nullus
1129 1753 1165 1775 ex
1174 1741 1279 1773 animo
1286 1739 1331 1773 vel
1339 1738 1415 1785 patri
1424 1737 1542 1773 velfilio
1556 1735 1671 1773 favere:
1691 1752 1782 1774 cum-

1024 1804 1084 1839 que
1096 1790 1215 1825 avaritia
1227 1788 1409 1823 libertorum
1424 1788 1594 1823 aulicorum
1612 1788 1721 1824 urbem
1734 1799 1783 1823 at·-

1023 1854 1083 1890 que
1095 1838 1268 1888 provincias
1280 1839 1329 1873 vix
1342 1838 1442 1873 minus
1455 1837 1548 1885 quam
1561 1838 1670 1872 diebus
1680 1840 1782 1872 Nero-

1022 1893 1066 1925 m's
1073 1888 1361 1937 expilaffet‚ubique
1373 1900 1519 1935 magnum
1526 1887 1564 1921 de
1577 1886 1714 1933 praesenti
1727 1887 1782 1922 ad-

1024 1939 1244 1976 ministratione
1256 1950 1396 1972 murmur
1408 1947 1550 1972 exortum
1563 1935 1615 1970 est.
1639 1937 1702 1971 Isto
1715 1938 1782 1971 ani·-

1024 2001 1121 2026 matus
1135 1990 1228 2024 Otho
1237 2011 1246 2025 ‚
1270 1988 1449 2032 jamdudum
1462 1999 1498 2021 ex
1511 1986 1724 2033 largitionibus
1737 1999 1782 2021 ae—

1025 2055 1056 2076 re
1074 2040 1175 2074 alieno
1190 2036 1347 2085 oppressus
1361 2061 1371 2076 ‚
1396 2036 1546 2084 quicquid
1564 2036 1643 2069 inter
1660 2037 1783 2069 amicos

1025 2092 1100 2126 ultra
1106 2089 1208 2139 potuit
1218 2086 1388 2122 corradere,
1398 2085 1546 2119 militibus
1557 2084 1675 2132 aliquot
1683 2083 1784 2120 distri-

1025 2140 1107 2180 buit,
1136 2139 1190 2186 qui
1204 2138 1235 2171 in
1249 2136 1352 2170 castris
1365 2134 1465 2169 statim
1479 2133 1659 2170 seditionem
1672 2146 1784 2169 move-

1025 2200 1106 2230 runt,
1120 2201 1152 2224 ut
1165 2189 1182 2222 a
1195 2186 1296 2221 multis
1304 2184 1397 2220 Otho
1409 2182 1623 2231 deposceretur
1634 2183 1670 2218 ad
1679 2186 1785 2230 Impe-

1026 2242 1116 2274 rium.
1140 2240 1258 2271 Interea
1276 2233 1460 2268 sacrificabat
1480 2234 1511 2266 in
1530 2233 1692 2279 Capitolio
1707 2232 1786 2280 Jovi

1026 2288 1130 2324 Galba
1143 2286 1256 2320 astante
1273 2284 1407 2319 Othone
1421 2297 1429 2324 ;
1457 2282 1507 2317 hic
1519 2293 1647 2326 accepto
1660 2281 1785 2316 seditio-

1027 2340 1072 2372 nis
1086 2334 1241 2371 castrenfis
1255 2332 1371 2368 secreto
1384 2330 1677 2371 nuncio‚confestim
1690 2331 1725 2364 ad
1734 2343 1785 2364 ca-

1027 2387 1084 2421 stra
1095 2382 1222 2432 dilapsus
1236 2382 1291 2421 est,
1300 2383 1352 2416 ubi
1364 2383 1400 2415 ad
1413 2380 1545 2415 tribunal
1557 2390 1657 2426 raptus
1667 2392 1786 2427 magno

1027 2437 1159 2470 militum
1173 2434 1308 2467 clamore
1321 2431 1421 2465 dictus
1435 2429 1478 2463 est
1491 2432 1673 2476 Imperator.
1704 2429 1787 2463 Gal-

1028 2487 1066 2520 ba
1079 2486 1130 2518 diu
1143 2483 1245 2517 anxius
1258 2481 1332 2528 quid
1345 2480 1600 2526 consiliicaperet‚
1609 2478 1681 2511 dum
1695 2478 1786 2512 multi

1029 2548 1064 2569 ex
1078 2532 1178 2567 senatu
1192 2531 1311 2564 animos
1324 2530 1447 2564 addunt,
1460 2528 1602 2575 procedit
1614 2528 1644 2560 in
1657 2525 1760 2561 forum
1774 2542 1786 2562 :

1029 2584 1078 2618 sed
1090 2580 1301 2630 ingruentibus
1310 2578 1463 2625 equitibus
1476 2577 1514 2611 ab
1523 2576 1655 2611 Othone
1668 2575 1785 2611 immis-

1029 2633 1065 2668 sis
1079 2644 1190 2666 omnes
1203 2629 1293 2664 amici
1306 2627 1479 2675 diffugiunt,
1490 2624 1650 2673 ipsumque
1663 2627 1716 2673 qui
1729 2624 1786 2661 sel-

1029 2684 1088 2717 lam
1101 2680 1258 2730 gestabant
1271 2679 1301 2712 in
1314 2677 1402 2711 strata
1416 2675 1596 2711 effundunt:
1622 2675 1672 2709 hic
1684 2678 1786 2720 jacen-

1028 2743 1092 2767 tem
1118 2729 1295 2765 Othornani
1321 2727 1424 2761 multis
1452 2726 1627 2761 vulneribus
1650 2723 1785 2759 transfo-
1803 2759 1805 2761 ,

1028 2782 1133 2816 diunt:
1159 2778 1234 2823 ‘Piso
1248 2777 1410 2824 Vininsque
1423 2789 1454 2810 ac
1468 2779 1547 2810 Laco
1562 2770 1721 2811 necantur,
1735 2788 1785 2809 ca-

1028 2832 1089 2876 pita
1103 2830 1203 2863 contis
1217 2826 1357 2861 transfixa
1371 2839 1424 2873 per
1436 2825 1544 2859 urbem
1557 2822 1704 2864 feruntur,
1714 2824 1786 2859 finis

1028 2879 1078 2913 hic
1091 2877 1201 2912 Galbae
1214 2877 1245 2910 in
1257 2877 1349 2910 aetatis
1361 2888 1442 2910 anno
1455 2873 1673 2923 septuagesimo
1680 2875 1784 2911 tertio,

1028 2928 1152 2976 Imperii
1168 2925 1269 2961 mense
1278 2927 1325 2961 vix
1339 2939 1437 2960 nono.

1087 2980 1213 3012 Senatus
1226 2976 1243 3010 Ξι
1256 2979 1390 3011 Praetore
1403 2984 1592 3009 convocatus
1611 2973 1722 3008 eodem
1734 2974 1783 3009 die
1797 2981 1893 3008 Othoni
1907 2984 1948 3008 Se·-

1029 3027 1195 3062 Othonem
1209 3028 1429 3073 Imperatorem
1442 3025 1571 3070 acccpit‚
1586 3024 1689 3072 illique
1702 3025 1733 3058 in
1746 3037 1782 3059 os
1795 3029 1871 3087 {uuus
1879 3021 1930 3049 ⁴⁸3³
1938 3038 1944 3041 t

1805 3069 1873 3088 alllr.

1029 3089 1137 3110 omnes
1153 3076 1360 3110 adulationum
1379 3074 1490 3107 fluvios
1503 3073 1694 3114 affuderunt,
1718 3076 1782 3108 ani-

1029 3127 1087 3159 mis
1096 3136 1197 3159 tamen
1212 3123 1420 3159 aversabantur
1427 3134 1460 3157 ut
1467 3122 1593 3169 pestem,
1606 3123 1707 3158 nihilo
1719 3125 1785 3157 Ne-

1028 3188 1096 3211 rone
1109 3173 1259 3210 saniorem
1268 3189 1276 3209 :
1285 3179 1316 3211 &
1328 3173 1453 3257 quidet?
1462 3173 1658 3210 Othonitota
1673 3177 1786 3222 ᾏζςνο-

1390 3225 1422 3258 Ἑ
1478 3235 1493 3257 2
1743 3223 1787 3255 m's
