2048 3343
35 635 138 678 Pefflm?

35 687 108 720 negat
119 678 171 706 Di—

34 723 128 749 havium
136 730 164 745 ¹0·

34 760 162 797 nivet-sale.

38 1582 138 1612 milton?

37 1634 163 1663 argumen-

36 1673 64 1693 ta
71 1666 135 1702 refu-

38 1714 130 1734 tantur.

38 1816 156 1845 Primum

48 2366 139 2398 Senm-

49 2403 115 2432 dum.

447 74 513 101 E'r
569 63 1253 102 CHRONOL00101

192 139 339 189 gentium
359 137 587 186 antiquitatem
606 137 828 186 &quibusdam
848 135 940 170 asser-

192 201 274 227 tam,
295 199 363 222 non
380 185 510 221 tantum
532 188 766 223 Praeadamitis‚
793 186 844 220 scd
856 187 937 219 anti-

190 239 260 285 quis
270 235 488 282 philosophis,
497 236 671 284 multisque
683 235 793 271 hodie,
810 245 844 268 ut
854 246 939 272 ante,

188 287 262 321 viris
280 285 387 319 doctis
409 297 445 320 ac
466 286 619 333 gravibus
638 284 841 318 occasionem
864 296 938 330 prae-

187 331 287 369 buiffe
309 335 422 369 mundi
443 345 555 368 contra
583 335 761 380 Scripturas
780 335 939 367 aeternita-

188 393 258 417 tem
278 382 434 418 statuendi
450 406 459 419 ‚
494 395 530 417 ac
558 380 791 430 consequenter
812 383 874 416 Dei
901 396 938 418 ex

189 433 317 466 mundo
330 456 338 470 ,
353 444 388 466 ac
401 430 466 478 ipsa
478 443 583 466 rerum
600 442 712 465 natura
726 433 940 466 exterminan—

189 482 222 515 di
235 505 245 517 ,
261 482 294 514 in
306 480 393 514 hunc
403 481 533 515 tandem
551 493 687 515 nervum
702 480 876 515 hominum
889 493 942 516 ce-

190 529 395 564 rebrosorum
409 532 511 579 magis
521 528 617 578 quam
628 530 803 566 doetorum
816 530 943 566 vesania

193 581 347 626 erumpit.

237 629 388 663 Alterum·
400 628 610 664 corollarium
631 628 674 664 est
685 641 787 665 errare
803 628 944 664 Praeada-

190 677 303 711 mitam
326 701 335 714 ‚
368 676 445 710 dum
462 689 556 724 negat
574 680 745 713 Diluvium
765 678 839 712 Noae
853 675 944 713 fuiffe

190 726 373 761 univerlale.
385 726 478 773 Resp·
491 727 583 774 Qid
595 729 694 775 igitur
703 730 796 774 Iſsiaco
810 729 944 762 venitin

189 787 348 816 mentem,
363 787 397 809 ut
409 775 503 810 istum
515 779 611 811 etiam
629 787 696 811 tarn
709 775 843 811 crass‘um
855 789 946 810 erro-

187 838 256 860 rem
282 825 323 859 ab
342 823 409 872 ipso
437 825 640 860 Praeadamitfi
663 830 731 872 jam
759 837 944 861 revocatum

188 873 373 909 multifariae
386 872 448 909 suae
468 874 660 909 eruditionis
680 874 781 909 tutela
799 877 876 909 velit
893 875 944 908 di-

188 925 304 972 gnari?
331 923 413 958 nihil
426 925 544 957 attinet
555 925 729 958 Diluvium
750 923 856 958 verbis
869 924 941 956 uni-

187 973 300 1008 versale
313 985 427 1009 vocare
440 996 450 1011 ,
464 972 554 1017 quod
569 974 664 1007 variis
675 972 874 1018 argumentis
884 981 944 1017 pro

187 1023 311 1058 vitibus
331 1022 454 1056 conaris
466 1022 600 1067 probare
618 1020 708 1054 valde
726 1018 898 1067 angustum
911 1023 942 1053 &

190 1071 380 1119 particulare
392 1094 402 1109 ,
425 1068 676 1102 inundationem
698 1068 831 1114 scilicet,
844 1080 878 1103 ut
890 1069 943 1102 lo-

191 1122 313 1166 quitur,
329 1120 381 1152 vix
393 1116 573 1152 centefimae
586 1119 682 1164 partis
695 1128 852 1152 terrarum
863 1131 945 1152 con-

191 1182 240 1204 tra
278 1164 517 1213 exprcffiffimas
556 1168 734 1214 Scripturas
769 1168 889 1202 Genes.
910 1168 944 1201 8.

191 1231 221 1251 v.
230 1228 264 1259 9.
289 1219 401 1263 eAquae
408 1216 581 1262 erantst‘sper
590 1219 751 1264 umverfizm
761 1227 877 1252 terram.
903 1217 944 1251 Et

188 1278 221 1312 7.
240 1264 319 1298 vers.
332 1277 386 1308 19.
414 1265 519 1311 Operti
530 1267 601 1311 fimt
618 1280 713 1300 omnes
730 1277 836 1300 montes
845 1265 948 1303 excelfi

180 1312 236 1362 fich
262 1314 391 1361 univer&
407 1313 486 1348 coelo.
523 1316 608 1354 Quae
633 1317 666 1350 in
687 1317 884 1350 contrarium
895 1315 946 1350 af-

189 1362 252 1398 fert
265 1364 440 1408 virhdoc'tus
463 1376 655 1412 argumenta
672 1365 745 1399 talia
764 1365 837 1400 sunt
851 1390 861 1406 ‚
888 1377 923 1400 ut
936 1390 946 1406 ,

189 1425 290 1458 quam
306 1411 370 1459 ipse
383 1412 526 1465 Scaligero
538 1428 574 1448 ac
582 1414 707 1449 Petavio
719 1427 791 1462 pag.
802 1428 822 1448 2
831 1427 842 1448 1
851 1440 858 1447 .
871 1428 948 1449 cen-

187 1460 292 1496 suram
318 1462 475 1510 imposuit
488 1488 498 1503 ,
523 1467 595 1509 jure
623 1476 780 1499 mereatur
792 1489 802 1505 ,
832 1461 948 1512 frigida

188 1510 309 1546 scilicet
320 1511 390 1550 effe,
401 1526 461 1547 nec
472 1512 701 1549 confutatione
710 1514 819 1562 digna.

240 1562 438 1596 Accedamus
456 1565 524 1608 jam
545 1563 583 1598 ad
596 1564 695 1598 Briani
714 1561 950 1611 VValtonisup-

191 1610 303 1657 petiaS.
331 1611 571 1659 prolegomeno
584 1625 616 1655 9.
626 1626 715 1647 num.
728 1618 785 1660 63.
797 1613 948 1654 calculus,

195 1661 321 1708 inquit,
349 1659 530 1696 Hebraicus
555 1662 711 1709 Afl'yriaci
732 1664 862 1710 imperii
889 1664 953 1697 ini-

195 1712 280 1744 tium
290 1709 399 1744 statuit
409 1721 496 1745 anno
508 1711 578 1758 post
589 1711 763 1747 Diluvium
775 1710 951 1747 centelimo

195 1757 470 1807 quinquagesimo
482 1784 493 1800 ,
517 1759 581 1794 hoc
594 1772 700 1795 autem
710 1774 779 1796 non
790 1761 833 1796 est
844 1761 949 1796 credi-

196 1809 277 1843 bile.
299 1809 393 1854 Resp.
419 1810 553 1843 Initium
572 1812 664 1856 regni
685 1809 840 1858 Affyriaci
857 1810 948 1846 valde

193 1857 237 1891 est
248 1857 331 1903 apud
342 1857 459 1891 doctos
471 1858 633 1893 incertum
647 1872 657 1898 3
672 1858 727 1894 sed
739 1859 807 1895 esto
818 1861 947 1908 incepe-

191 1907 233 1941 rit
244 1907 276 1938 in
288 1906 431 1940 Nimrodo
447 1905 500 1940 seu
519 1906 590 1941 Belo
602 1921 689 1943 anno
699 1909 804 1950 dieto,
814 1922 869 1945 cur
878 1923 948 1945 non

191 1955 236 1989 est
246 1954 398 1989 credibile
415 1960 429 1991 ?
452 1956 605 1992 Omnino
615 1957 697 1993 nihil
716 1959 888 1994 VValtonm
898 1958 949 1994 af-

190 2001 256 2038 fert
272 2015 384 2038 contra
403 2004 493 2040 istam
518 2019 729 2042 communem
748 2008 950 2043 dofflssimo-

192 2066 266 2089 rum
278 2055 363 2088 inter
374 2054 599 2097 protestantes,
611 2061 641 2092 δι
650 2059 747 2091 etiam
756 2058 952 2092 pontificios

193 2102 311 2143 fidem3
338 2114 462 2138 certum
479 2104 522 2139 est
542 2108 716 2154 aequiorem
737 2106 795 2141 effe
815 2106 952 2142 VValto-

195 2165 283 2191 num,
300 2151 398 2198 quam
418 2164 456 2187 ut
473 2153 648 2190 arbitretur
666 2156 826 2190 mundum
838 2156 955 2192 ἀοᾶο-

196 2214 270 2236 rum
282 2199 381 2237 fidem
393 2201 482 2238 suam
494 2201 590 2239 sacris
600 2206 699 2240 literis
709 2206 856 2240 innixam
872 2204 957 2240 nuda

199 2248 256 2298 ipfi
264 2263 297 2285 us
307 2253 570 2289 contradictione
581 2255 674 2290 nullo
686 2266 883 2304 argumento
891 2254 956 2290 suf·
970 2297 977 2303 -

201 2299 283 2334 fulta
299 2299 383 2347 posse
395 2302 569 2350 deponere.

251 2350 410 2385 Secundo.
438 2353 595 2388 Calculus
614 2352 800 2388 Hebraicus
814 2355 954 2402 (inquit)

204 2393 301 2430 efficit
314 2421 324 2436 ‚
345 2409 380 2432 ut
403 2400 509 2435 Noach
527 2416 563 2437 ac
580 2400 670 2436 Shem
688 2405 826 2438 vixerint
843 2404 957 2438 diebus

205 2443 389 2481 vibrahami
403 2469 412 2481 ‚
429 2452 461 2481 δε
479 2452 579 2484 etiam
594 2452 681 2496 Isaaci
699 2466 734 2487 ac
756 2451 866 2493 lacobi,
894 2452 956 2487 hoc

204 2506 314 2530 autem
325 2495 446 2529 nonest
458 2498 612 2533 credibile
625 2513 633 2532 t
657 2503 732 2545 quia
745 2515 849 2548 neque
860 2504 958 2536 Sacrae

203 2545 320 2584 lirerae,
334 2557 395 2578 nec
415 2545 560 2591 profanae
580 2558 650 2581 tum
671 2552 829 2595 temporis
845 2562 958 2583 eorum

204 2593 450 2633 meminerunt,
475 2596 606 2643 quafiin
632 2597 828 2644 longinquas
846 2596 961 2631 insulas

205 2643 318 2689 procul
345 2642 386 2676 ab
411 2641 578 2679 Abraham
601 2642 770 2680 consortio
796 2646 960 2693 deportati

206 2690 332 2727 fuissent
344 2715 353 2730 ‚
380 2695 412 2725 &
424 2693 502 2727 vero
514 2697 552 2728 iis
569 2695 681 2730 diebus
697 2708 815 2744 magna
826 2705 914 2730 erant
927 2696 960 2729 in

206 2742 299 2774 terris
313 2739 409 2780 bella,
421 2741 506 2777 inter
514 2747 587 2777 Nox
596 2744 744 2791 posteros
755 2770 762 2782 ‚
774 2757 859 2792 quos
869 2757 961 2778 com-

207 2791 315 2824 munis
328 2790 451 2835 pater,li
462 2803 540 2826 tunc
550 2792 682 2833 vixisset,
693 2792 786 2827 facile
798 2794 961 2840 compres-

208 2837 299 2873 sisset.
325 2837 424 2886 Rcsp.
454 2841 606 2888 Superius
616 2841 711 2876 dietis
727 2842 766 2876 ad
776 2842 861 2876 idem
872 2844 961 2890 Vossii

209 2899 440 2934 argumentum
451 2891 597 2925 addimus
612 2917 621 2931 ‚
649 2892 794 2926 aufiores
807 2890 962 2939 profanos

213 2936 373 2981 gestorum
397 2940 430 2972 in
454 2938 569 2975 seculis
589 2940 651 2974 illis
673 2940 794 2977 α’ἅιὶλοις
814 2939 959 2988 pauciffi-

215 2996 345 3020 morum
360 2988 558 3030 meminilse3
580 2991 689 3038 Illosen
701 2990 820 3025 veroin
834 2989 963 3025 historiis

215 3031 412 3080 posterorum
438 3052 507 3074 non
535 3040 635 3074 solere
668 3043 831 3084 majorum
863 3042 962 3075 ullam

215 3083 417 3120 mentionem
430 3087 535 3123 facere
549 3113 559 3126 ‚
577 3089 693 3124 Adami
711 3090 877 3125 historiam
890 3102 962 3125 ante

214 3130 336 3166 Setlmm
348 3134 480 3175 claudit,
497 3143 530 3174 &
540 3137 626 3176 Sethi
635 3150 707 3176 ante
715 3137 892 3178 Henoclmm
903 3164 912 3184 ‚
923 3153 962 3176 au

1310 66 1428 105 L113.
1458 69 1486 107 Ι.

988 136 1158 185 Methafizla
1179 142 1331 174 centuriis
1343 142 1468 189 aliquot
1486 152 1649 178 annorum
1662 156 1738 178 cum

1684 80 1730 114 25

986 190 1058 220 Noa
1074 199 1143 222 non
1158 189 1289 226 vixerit,
1301 202 1340 222 eo
1351 192 1439 236 quod
1452 195 1483 226 in
1498 192 1627 228 historici
1646 196 1738 233 Nm,

988 236 1075 270 nulla
1088 235 1267 284 Methusalae
1281 235 1338 271 fiat
1351 242 1500 275 mentio?

1033 286 1173 321 Deinde.
1201 287 1291 329 Quid
1312 290 1438 321 Patrum
1457 291 1629 325 aut-*toritas
1654 290 1740 336 obji-

990 335 1073 368 citur
1091 360 1100 376 ‚
1127 335 1212 383 quali
1231 335 1369 369 Adamm
1397 335 1514 371 scelera
1536 341 1739 384 posterorum

989 396 1041 430 per
1055 385 1144 418 mille
1163 382 1266 418 annos
1295 384 1448 419 cohibere
1466 387 1607 421 valuiss'ct
1620 414 1629 427 ,
1654 388 1740 423 certe:

990 429 1077 467 Shem
1087 457 1095 469 ‚
1107 430 1294 479 eArphnxaa'
1303 458 1313 474 ,
1327 439 1357 469 &
1369 436 1422 468 alii
1434 439 1539 470 Patres
1550 449 1617 470 non
1631 438 1741 472 value-

991 493 1065 516 runt
1087 481 1283 521 Nimrodum,
1310 487 1343 517 &
1364 483 1468 518 socios
1483 486 1499 518 ὰ
1516 485 1690 520 rebellione
1705 488 1740 520 in

993 532 1102 566 Deum
1122 532 1154 566 in
1179 530 1395 567 aedificatione
1415 535 1510 569 turris
1532 534 1739 581 Babylonicae

993 579 1166 621 cohibere,
1194 593 1305 616 nonne
1322 581 1502 618 seculorum
1528 583 1659 618 istorum
1673 607 1683 623 ,
1709 587 1744 617 δε

992 630 1143 663 omnium
1157 641 1223 664 crat
1233 635 1264 666 &
1278 630 1322 665 est
1332 630 1506 667 infelicitas
1516 655 1525 669 ‚
1554 632 1644 680 quod
1655 634 1745 679 opti-

993 680 1038 712 mi
1051 689 1197 725 parentes
1210 693 1322 726 pravos
1332 681 1474 728 posteros
1490 681 1506 717 a
1525 682 1618 717 bellis
1628 706 1638 722 ,
1650 682 1746 716 caedi-

993 727 1053 761 bus
1065 752 1074 768 ‚
1089 728 1266 768 adulteriis,
1284 733 1317 763 &
1336 744 1535 780 quocunque
1552 731 1666 767 scelere
1676 744 1745 766 non

993 776 1113 824 posiint
1123 800 1131 812 ‚
1141 789 1203 811 nec
1212 791 1355 826 unquam
1366 784 1533 826 potuerint
1543 793 1699 816 avertere.

1034 825 1172 860 Tertio.
1191 828 1314 862 Diebus
1329 831 1465 876 (inquit)
1483 830 1646 870 Abrahqmi
1656 830 1744 865 mul·
1764 837 1877 868 Tcreim,

995 885 1026 908 ta
1036 885 1124 908 erant
1135 875 1328 921 amplissima
1339 891 1450 924 regna,
1460 881 1565 913 Ninus
1575 884 1608 915 &
1619 881 1745 914 Semim-

993 925 1043 956 mis
1060 924 1221 968 exercitus
1241 924 1343 970 prope
1360 928 1610 963 innumerabiles
1625 929 1747 963 eduxe-

992 980 1087 1008 runt,
1112 972 1205 1005 annis
1223 983 1336 1018 praeter
1354 985 1487 1019 propter
1504 979 1655 1012 trecentis
1672 977 1747 1025 post

991 1020 1181 1057 Diluvium,
1202 1020 1223 1055 fi
1240 1019 1384 1056 calculus
1399 1022 1555 1058 Hebraeus
1575 1026 1653 1066 stet;
1679 1029 1746 1061 im·

994 1068 1143 1116 poffibile
1160 1080 1268 1104 autem
1287 1070 1330 1105 est
1340 1070 1478 1119 eousque
1492 1073 1746 1121 multiplicatum

991 1131 1093 1165 genus
1104 1118 1296 1160 humanum,
1308 1131 1374 1154 tam
1388 1134 1489 1168 parvo
1502 1123 1660 1170 temporis
1672 1122 1746 1170 spa-

991 1169 1050 1202 tio.
1077 1168 1174 1215 Resp.
1192 1170 1307 1216 Regna
1317 1170 1430 1205 diebus
1441 1169 1609 1206 Abrahami
1617 1172 1749 1207 fuerunt

992 1216 1126 1264 quidem
1139 1219 1258 1258 multa;
1286 1232 1360 1253 nam
1371 1223 1573 1268 unaquaeque
1584 1232 1656 1256 tum
1667 1223 1749 1256 civi-

993 1277 1039 1300 tas
1049 1266 1141 1301 suum
1152 1265 1294 1302 habebat
1306 1268 1440 1317 Regem,
1451 1270 1502 1304 sed
1512 1272 1551 1306 de
1563 1270 1749 1316 multitudi-

994 1328 1034 1350 ne
1051 1316 1167 1363 populi
1179 1316 1262 1351 nihil
1274 1319 1362 1352 certo
1376 1318 1510 1354 constat.
1539 1322 1622 1365 Qiae
1632 1321 1671 1355 de
1680 1332 1746 1354 nu-

993 1378 1082 1399 mero
1093 1368 1291 1401 exercituum
1302 1368 1642 1411 Nim'‚Semiramidis‚&
1653 1373 1750 1404 Stau-

995 1412 1107 1448 robatln'
1118 1427 1344 1452 memorantur
1353 1419 1369 1451 a
1378 1418 1507 1453 Diodoro
1518 1443 1527 1456 ,
1535 1424 1567 1454 &
1580 1420 1651 1454 aliis
1661 1415 1748 1453 ῐεᾶἐ

995 1464 1011 1498 a
1024 1465 1143 1499 Petavio
1152 1465 1381 1515 habenturpro
1393 1466 1561 1503 falsissimis
1569 1468 1751 1509 fabulis,&‚

997 1513 1018 1548 si
1031 1514 1087 1547 ista
1102 1515 1260 1549 credimus
1273 1541 1283 1556 ,
1303 1529 1359 1553 cur
1372 1530 1440 1553 non
1461 1519 1574 1554 eadem
1590 1517 1671 1553 fides
1689 1517 1752 1551 ha·-

999 1562 1107 1598 benda
1127 1564 1172 1599 est
1194 1564 1325 1599 Diodoro
1337 1590 1347 1606 ‚
1369 1563 1522 1602 He'rodota
1530 1593 1539 1605 ,
1550 1572 1581 1602 &
1592 1568 1702 1602 Iussiino
1713 1567 1749 1600 in

999 1612 1132 1647 historia
1151 1614 1275 1660 Sesostris
1292 1618 1307 1648 ἒ
1342 1617 1469 1657 Quidni
1489 1617 1568 1665 ergo
1587 1617 1750 1652 credimus

1000 1662 1128 1710 Sesbstrin
1139 1676 1213 1698 cum
1231 1662 1337 1698 multo
1348 1667 1470 1710 majore
1488 1667 1631 1700 exercitu
1641 1677 1751 1700 totam

1001 1713 1121 1758 eAfiam
1130 1737 1139 1750 ‚
1149 1716 1181 1748 δε
1194 1725 1348 1760 magnam
1361 1717 1497 1762 Europae,
1510 1727 1547 1749 ac
1557 1716 1669 1761 Africae
1681 1727 1753 1760 par-

998 1773 1078 1798 tem,
1088 1764 1159 1810 plus
1172 1761 1479 1811 qudmoffingentis
1490 1775 1563 1798 ante
1575 1764 1754 1798 Diluvium

999 1814 1091 1847 annis
1110 1814 1143 1846 in
1163 1811 1354 1846 duodecima
1373 1813 1495 1849 scilicet
1517 1814 1753 1861 AEgyptiorum

999 1859 1153 1909 Dynastifi
1164 1859 1354 1908 subjugasse.

1047 1909 1176 1944 Deinde
1188 1911 1222 1944 in
1233 1909 1439 1956 temporibus
1458 1908 1605 1945 humana:
1624 1908 1759 1945 foecun-

998 1959 1104 1994 ditatis
1112 1958 1359 2007 fingulariffimae
1366 1972 1403 1994 ex
1413 1960 1758 1995 divinfibenedietione

1002 2013 1037 2043 &
1056 2007 1193 2044 consilio
1211 2020 1326 2044 terram
1338 2009 1482 2055 replendi
1493 2008 1687 2044 hominibus
1699 2021 1758 2043 va-

1002 2060 1056 2092 riis
1071 2058 1251 2093 rationibus
1261 2058 1443 2093 ostenditur
1453 2057 1606 2093 facillime
1615 2059 1649 2091 in
1664 2059 1756 2092 annis

1003 2107 1152 2142 ducentis
1163 2106 1308 2143 filiorum
1321 2111 1397 2142 Noae
1415 2108 1650 2155 multiplicatio
1660 2119 1760 2154 prope

1004 2156 1141 2194 infinita.
1172 2156 1224 2192 De
1245 2157 1348 2192 modo
1370 2156 1494 2204 Capelli,
1512 2161 1544 2190 δι
1563 2157 1627 2190 alio
1641 2155 1762 2203 Calvisii

1006 2219 1084 2241 mox
1110 2231 1120 2245 ‚
1155 2206 1220 2242 hoc
1239 2208 1315 2242 loco
1332 2208 1470 2240 Petavim
1490 2207 1586 2241 etiam
1607 2207 1763 2252 proponit

1006 2254 1095 2290 suum
1109 2281 1120 2296 ,
1142 2268 1253 2292 contra
1271 2269 1369 2304 quem
1387 2254 1540 2291 VValtom'
1557 2254 1762 2301 objeffiones

1009 2318 1075 2340 non
1095 2305 1244 2341 videntur
1263 2305 1456 2354 ponderosae.
1493 2306 1654 2352 Supponit
1674 2308 1762 2339 Peta-

1006 2354 1070 2388 vim
1082 2357 1219 2404 (inquit)
1232 2358 1333 2390 multa
1343 2368 1412 2401 quae
1424 2366 1491 2389 non
1504 2354 1620 2402 probat
1632 2378 1642 2394 ‚
1660 2355 1761 2388 nimi-

1007 2416 1078 2438 rum
1107 2417 1130 2437 ι.
1143 2406 1273 2440 Omnes
1285 2405 1354 2452 post
1362 2404 1535 2439 Diluvium
1546 2402 1652 2439 vixiffe
1666 2405 1758 2437 annis

1006 2455 1167 2488 trecentis.
1192 2455 1287 2501 Resp.
1313 2453 1478 2488 Niliiltale
1496 2452 1652 2500 supponit
1671 2456 1760 2485 Peta-

1009 2503 1074 2537 vim
1085 2526 1094 2542 ‚
1107 2503 1252 2550 praeterea
1271 2516 1340 2538 non
1358 2502 1416 2537 effe
1428 2501 1542 2535 durum
1563 2500 1762 2547 postulatum

1009 2551 1188 2596 supponere
1209 2553 1403 2585 ordinariam
1428 2550 1602 2582 hominum
1626 2549 1726 2583 vitam
1743 2548 1761 2584 εὶ

1010 2600 1149 2633 Diluvio
1170 2600 1209 2633 ad
1231 2601 1363 2633 initium
1385 2599 1476 2644 regni
1502 2594 1654 2644 Ass'yriaci
1671 2597 1686 2632 a
1703 2602 1762 2632 Pa-

1008 2647 1216 2681 triarcharum
1229 2648 1290 2682 isto
1300 2658 1446 2693 tempore
1456 2647 1632 2681 viventium
1650 2646 1765 2682 diebus

1009 2709 1077 2730 non
1091 2696 1182 2730 valde
1194 2695 1323 2736 distaiss'e,
1334 2698 1398 2740 jam
1413 2694 1489 2729 vero
1501 2708 1616 2730 ornnes
1627 2699 1763 2732 Patriar-

1011 2744 1077 2779 chae
1089 2745 1126 2779 ad
1138 2745 1295 2796 lelegum
1308 2770 1316 2786 ‚
1334 2744 1512 2794 quidiebus
1527 2744 1661 2779 Nimro'di
1670 2748 1763 2788 vixit,

1012 2793 1196 2840 super-”irunt
1215 2809 1283 2830 non
1299 2798 1426 2830 tantum
1441 2805 1619 2834 trecentos,
1651 2795 1703 2830 sed
1713 2807 1762 2830 et.-

1008 2847 1075 2890 jam
1088 2845 1342 2892 quadringentos
1354 2856 1466 2879 annos.

1060 2893 1209 2928 Secundo
1220 2895 1333 2937 objicit
1344 2892 1530 2931 VValmnus,
1543 2891 1629 2938 quod
1641 2891 1763 2941 suppo-

1013 2953 1067 2976 nat
1081 2943 1219 2978 Petavius
1230 2956 1345 2978 omnes
1364 2954 1432 2976 tum
1445 2943 1603 2988 temporis
1613 2942 1763 2990 generas-

1011 2991 1143 3025 scanno
1163 2995 1233 3028 vitae
1262 2992 1492 3027 decimosexto.
1517 2990 1612 3038 Resp.
1639 2993 1670 3025 Si
1690 2991 1762 3039 sup-

1013 3040 1207 3087 posuissetiis
1222 3043 1333 3077 dicbus
1345 3041 1496 3075 homines
1515 3039 1671 3087 gencrfiffe
1689 3054 1764 3089 per-

1011 3089 1090 3124 fect&
1102 3091 1279 3137 pubertate,
1290 3090 1396 3125 multo
1409 3089 1563 3124 maturius
1574 3103 1660 3124 anno
1672 3091 1761 3124 deci-

1013 3153 1068 3177 mo
1079 3139 1189 3187 sexto,
1210 3141 1292 3178 nihil
1311 3142 1344 3175 in
1361 3139 1397 3175 cai
1419 3138 1639 3189 suppolitione
1658 3137 1760 3221 fuifll‘pt

1703 3202 1718 3223 a
1747 3209 1763 3217 .-

1782 2314 1905 2355 Defendi-

1782 2366 1821 2385 tur
1835 2360 1911 2385 Pem-

1780 2400 1836 2426 νέω
1845 2409 1902 2424 [οη-

1777 2447 1817 2467 tra
1827 2440 1920 2468 Walte-

1780 2492 1846 2510 num·
