2048 3343
599 69 1231 109 CHRoNoLoerci

197 144 222 178 ri
237 143 343 190 privati
357 146 470 177 &cum
483 141 539 176 suis
558 142 575 177 a
594 143 770 190 longinquo
785 140 953 186 majoribus

196 190 334 231 obscuri,
360 191 439 227 filius
452 192 596 226 salathiel
605 190 734 226 evasisset
744 192 775 225 in
785 192 910 224 Ducem
921 193 953 223 &

196 242 370 288 Principem
403 242 522 289 populo
549 253 583 275 ac
610 240 728 288 Jecom‘ae
753 237 953 273 successorem

457 83 534 109 ET
1287 69 1425 107 L1n.
1458 67 1510 106 11.
1719 75 1758 118 59

1000 139 1243 179 recentioribus,
1271 137 1320 174 seu
1334 139 1504 174 Pontificiis
1519 138 1566 173 seu
1580 137 1755 173 Protcstan-
1771 144 1889 181 Rtffimfi.

997 190 1090 224 tibus.
1120 189 1213 233 Celsits
1221 189 1355 222 lulianus
1369 189 1515 236 Apostata
1525 214 1533 228 ‚
1557 188 1752 237 Porphyrius,
1765 188 1888 223 gez-omlis
1905 226 1909 233 ¹

996 242 1027 272 ὃ(
1040 240 1091 273 alii
1103 252 1138 273 ex
1154 236 1258 273 schola
1270 238 1405 285 Paganzh
1427 238 1544 285 Fasstm
1552 238 1749 279 Adunichaesm
1766 227 1921 265 ‘stP'³¹⁷‘⁷⁸‘'5'

195 292 352 338 praeterito
366 291 455 338 ipsius
469 291 536 324 filio
549 289 720 324 Salathiele‚
740 299 888 334 nepotem
901 299 954 320 ve-

194 340 231 374 τὸ
247 342 327 373 Nero
340 339 566 377 zorobabelem,
578 339 654 372 Deo
667 346 811 383 tangente
827 347 880 383 per
896 335 954 368 mi-

195 390 329 423 raculum
342 389 436 423 corda
449 388 576 435 populi,
603 387 737 420 electum
751 384 808 420 esse
821 385 852 419 in
863 385 953 419 ‘Prin-

195 441 295 486 cipem
304 462 313 477 ‚
327 449 360 472 ut
373 438 576 485 captivitatem
587 436 745 470 reduceret
755 439 786 470 &
799 434 951 481 templum

196 487 389 526 restauraret,
418 500 489 522 cum
508 486 632 520 interim
657 484 825 519 zorobabel
841 487 954 518 Ieconiae

196 537 445 585 perSalaehtelcm
458 549 555 584 nepos
569 548 603 570 ac
627 537 786 575 Solomonis
811 535 953 582 Regum-

195 600 257 634 que
265 587 612 635 omniumJudaicorum
626 585 780 632 legitimus
795 583 953 623 successor,

198 635 349 670 obscurus
367 639 398 671 ἃ
417 646 615 682 contemptus
636 637 666 669 in
687 633 794 682 populi
812 631 885 668 faece
898 633 952 667 de-

197 697 398 734 mergeretur.
426 687 503 720 Non
515 698 625 719 omnes
639 695 733 732 puto,
755 693 817 717 tam
829 683 953 719 valentis

196 735 264 771 sunt
277 735 426 769 stomachi
441 746 474 768 ut
486 734 542 769 ista
557 743 767 781 concoquant.

243 785 368 818 Tertio.
394 784 652 830 Multiplicatores
670 785 748 816 inter
762 781 789 816 se
803 794 868 817 non
877 793 953 815 con-

197 835 335 873 veniunt,
344 833 468 881 quidam
477 834 635 880 geminant
647 831 834 866 Salashtelem
845 830 954 870 solum,

196 883 322 931 quidam
336 882 545 917 Zorobabelem
563 880 659 917 solum
670 906 680 922 ,
705 882 843 930 plerique
855 881 956 929 gemi-

196 945 270 968 nant
287 944 462 979 utrumque.

248 983 381 1031 Qarto.
398 980 602 1016 Doctiffimus
617 982 769 1026 Abnlenfis
782 993 846 1015 non
856 979 956 1026 dupli—

199 1034 330 1067 candum
354 1031 472 1067 tantum
494 1031 542 1066 sed
556 1031 769 1078 triplicandum
788 1028 955 1064 Zorobabe-

199 1083 256 1115 lem
270 1081 420 1116 existimat
434 1081 495 1115 hoc
508 1092 703 1128 argumento.
734 1083 765 1116 Si
781 1080 954 1128 geminetur

201 1132 245 1165 ob
267 1133 420 1178 geminam
440 1129 636 1178 posterorum
655 1131 765 1165 lineam
782 1132 797 1164 a
818 1127 906 1162 Luci
925 1131 955 1162 &

200 1181 377 1219 &mmm
388 1191 589 1214 memoratam
599 1204 608 1219 ,
634 1191 701 1214 tum
713 1177 829 1214 necesse
843 1177 887 1211 est
901 1177 954 1211 tri-

200 1233 329 1280 plicetur
342 1230 385 1263 ob
398 1230 520 1264 tertiam
528 1229 844 1276 posterorumlineam
857 1227 896 1261 ab
907 1239 956 1260 au-

201 1283 290 1316 &ore
304 1280 427 1327 Paralip.
441 1277 631 1326 descriptam.
661 1280 745 1313 Cum
762 1277 957 1328 Spanhemim

201 1331 340 1366 admittat
365 1331 520 1362 minorem
533 1353 543 1367 ,
581 1341 771 1376 quaecunque
795 1326 959 1375 respondet

201 1391 394 1427 nequaquam
410 1378 599 1412 enervabunt
612 1380 779 1422 majorem,
802 1378 904 1424 itaque
912 1387 958 1410 te-

202 1430 290 1465 nebit
314 1440 529 1476 argumentum
539 1451 548 1464 ,
575 1426 631 1461 nisi
654 1427 767 1463 sublata
791 1425 960 1476 duplicatio

190 1479 443 1527 ‘triplicationem
457 1477 556 1511 tollat.

254 1527 390 1576 Qiinto.
417 1525 674 1561 Geminatiohaec
682 1524 776 1561 efficit
789 1536 822 1560 ut
835 1527 960 1564 Maria,

204 1576 346 1626 adeoque
365 1576 506 1612 Christus
521 1576 634 1610 nullam
647 1575 758 1611 habeat
769 1576 818 1611 vel
831 1574 961 1610 affinita-

203 1638 268 1663 tem
288 1628 336 1662 vel
354 1624 648 1675 consanguinitatem
667 1639 738 1662 cum
757 1626 820 1661 ullo
835 1625 962 1674 Judaeo-

204 1690 274 1714 rum
290 1679 378 1726 Rege
397 1688 506 1725 praeter
520 1689 616 1711 unum
630 1676 810 1715 Davidem,
833 1688 904 1710 cum
918 1685 963 1710 ta-

204 1741 279 1763 men
292 1727 420 1776 Iosephus
434 1725 598 1761 secundum
613 1726 796 1761 Matthaeum
809 1723 848 1760 ab
861 1726 964 1761 omni-

204 1778 264 1812 bus
285 1777 364 1826 Judx
383 1777 526 1824 Regibus
547 1777 627 1813 linea
649 1777 733 1812 reeta
756 1773 942 1812 descenderit
955 1799 965 1815 ,

205 1841 274 1875 quae
284 1825 432 1875 nusquam
444 1824 557 1861 defecit
568 1838 617 1861 aut
632 1828 800 1874 interrupta
812 1824 886 1868 fuit,
915 1825 967 1860 ad-

206 1890 310 1924 eoque
326 1879 440 1912 clarum
454 1879 499 1922 jus
520 1876 557 1910 ad
577 1877 717 1911 Davidt's
731 1877 900 1911 Thronum
913 1875 967 1910 ha-

207 1926 329 1962 buerit:
343 1927 379 1961 ad
393 1928 480 1974 quod
490 1929 601 1960 Miria
613 1931 646 1962 &
659 1926 801 1961 Christus
815 1926 916 1962 aNeri
931 1939 970 1960 o-

207 1977 309 2011 riundi
327 1977 445 2010 nullum
456 1979 503 2021 jus
516 1987 683 2024 potuerunt
696 1977 883 2024 praetendere
894 1977 969 2011 dum

205 2023 368 2072 superesset
381 2024 540 2074 quisquam
555 2040 591 2060 ex
605 2026 712 2076 Ioftphc
725 2025 967 2074 consanguineis,

206 2076 261 2123 qui
280 2075 296 2109 :i
321 2077 468 2108 Solomone
494 2080 525 2110 &
548 2076 695 2110 omnibus
718 2076 862 2124 Regibus
886 2077 971 2112 rec‘tfi

207 2129 239 2160 &
251 2125 431 2159 continuata
441 2126 520 2161 linea
528 2124 752 2160 descenderant.
763 2125 831 2166 lsta,
843 2136 877 2161 ut
890 2127 971 2162 arbi-

207 2173 368 2213 tror,serio
378 2174 520 2222 perpensa
528 2176 615 2221 pauci
622 2174 790 2210 Christiani
798 2175 970 2212 admittent.

254 2225 404 2272 Denique
415 2224 583 2271 duplicatio
597 2223 662 2257 haec
685 2224 786 2257 multo
804 2226 969 2259 maximam

208 2274 288 2307 inter
303 2273 503 2320 Iofiphum&
519 2274 698 2308 &cariam
714 2272 887 2308 distantiam
902 2273 971 2308 effi-

209 2322 270 2355 ciet
279 2345 289 2360 ,
310 2321 379 2355 licet
392 2321 477 2355 enim
491 2333 528 2354 ex
541 2321 623 2354 tribu
637 2320 714 2354 Iudai
726 2325 757 2354 &
772 2320 888 2357 familia
901 2326 970 2355 Da-

209 2369 292 2404 vidis
304 2380 433 2417 uterque
448 2367 556 2409 fuerit,
589 2368 644 2403 nisi
657 2381 760 2403 tamen
767 2371 925 2403 Solomonis
937 2374 969 2405 δε

213 2418 382 2467 chanis
395 2419 480 2452 lineae
493 2419 663 2453 coaluerint
674 2420 707 2452 in
721 2431 785 2453 uno
800 2418 970 2453 zorobabe-

212 2470 239 2503 le
249 2494 259 2509 ‚
283 2467 417 2517 Joftphus
428 2467 448 2501 d
464 2469 610 2505 Marta
626 2469 693 2515 plus
709 2468 802 2516 quam
814 2468 970 2504 tricesimo

211 2518 450 2566 propinquitatis
466 2518 559 2566 gradu
575 2516 715 2554 distabit,
750 2530 817 2565 quae
832 2528 914 2552 tanta
926 2518 970 2553 est

211 2567 351 2602 distantia
365 2579 397 2602 ut
412 2568 526 2602 mirum
547 2567 581 2602 fit
596 2568 627 2602 in
640 2567 725 2602 tribu
743 2567 824 2616 Judae
837 2572 868 2604 &
880 2566 970 2603 fami-

212 2617 254 2651 lia
269 2617 401 2652 Davtdis
408 2618 526 2653 nullum
534 2615 669 2652 habuiffe
681 2619 829 2651 Mariam
841 2619 970 2666 propin-

215 2668 372 2713 quiorem,
387 2668 436 2701 cui
450 2667 580 2702 nuberet
592 2666 685 2716 quam
699 2667 858 2717 Ioftphum.
873 2669 969 2702 Pluri-

214 2716 273 2750 bus
284 2717 421 2763 priorem
433 2715 613 2752 sententiam
628 2714 762 2752 absurdis
781 2730 847 2753 non
858 2730 970 2767 perge-

215 2779 284 2801 mus
296 2778 428 2815 gravare.

995 289 1146 335 multique
1159 300 1199 322 ex
1213 287 1348 335 partibus
1360 286 1576 322 haercticorum
1592 312 1602 327 ,
1634 288 1671 321 ad
1685 289 1749 322 Eu-
1790 319 1806 334 a

995 336 1209 382 angelistarum
1222 336 1364 371 Matthaei
1382 339 1413 370 &
1425 338 1510 369 Luca
1526 336 1618 371 fidem
1634 337 1750 372 labefa-

995 384 1259 433 &andammrgerc
1267 384 1405 420 solebant
1413 395 1547 431 apertam
1562 395 1731 431 ἐωωφωίκν
1739 411 1749 426 ,

995 434 1143 482 Iofi’phum
1159 434 1271 469 scilicet
1284 434 1322 469 ab
1335 447 1399 469 uno
1407 434 1505 468 filium
1518 433 1616 467 iacobi
1624 459 1634 474 ‚
1660 435 1698 468 ab
1710 436 1754 469 al-

995 494 1064 518 tero
1079 484 1126 518 ,eli
1141 482 1238 518 filium
1248 483 1416 532 perhiberi.
1440 481 1668 530 Responsiones
1676 487 1753 519 mul-

994 543 1038 568 tas
1051 533 1155 568 videre
1167 532 1215 568 est
1228 532 1308 581 apud
1322 536 1424 568 Patres
1438 544 1501 566 tam
1512 533 1645 567 Graecos
1658 534 1750 580 quam

995 583 1125 617 Latinos
1137 607 1146 623 ,
1180 581 1340 631 pluresque
1361 587 1393 618 &
1413 583 1595 629 prolixiores
1610 582 1689 628 apud
1702 595 1750 616 re-

994 634 1169 673 centiores;
1187 645 1249 667 tarn
1263 631 1406 671 nostros,
1422 635 1599 668 Camarum,
1614 632 1753 675 Wffium,

993 682 1220 730 Spanhemittm‚
1238 685 1394 717 Grotium,
1407 685 1439 716 &
1453 682 1529 715 alios
1538 695 1547 722 ;
1561 681 1654 728 quam
1669 685 1752 715 Pon-

992 730 1107 766 tificios
1120 732 1356 771 Maldonamm,
1370 731 1387 765 εὶ
1399 730 1527 780 Lapide,
1552 733 1750 779 Suarezf'um,

993 784 1175 818 Baronium,
1201 781 1350 829 aliosque.
1385 782 1438 815 De
1452 793 1484 814 re
1503 782 1571 815 tota
1585 779 1689 814 noster
1702 780 1753 814 hic

995 830 1039 864 est
1056 829 1162 866 sensus.
1188 832 1219 865 Si
1236 832 1266 864 in
1275 828 1417 878 responso
1425 831 1602 870 communi,
1616 830 1701 876 quod
1710 830 1754 866 est

996 881 1152 928 generale,
1168 879 1391 927 acquiescamus
1401 905 1410 920 ‚
1424 878 1546 914 abunde
1555 878 1754 913 omnibussa-

995 942 1052 964 crae
1065 929 1116 963 hic
1132 930 1297 976 Scripturae
1313 929 1534 963 oblatrantibus
1552 941 1606 963 ora
1625 928 1754 963 obtura-

994 990 1061 1013 tum
1074 979 1126 1013 iri:
1141 978 1162 1012 si
1175 978 1249 1013 vero
1262 978 1298 1012 ad
1312 976 1446 1026 specialia
1458 978 1554 1025 magis
1569 977 1754 1013 descenden-

995 1029 1070 1063 dum
1089 1040 1232 1074 putemus
1248 1052 1257 1067 ‚
1288 1029 1334 1062 vix
1355 1025 1412 1062 effe
1431 1037 1539 1074 praeter
1559 1028 1754 1072 conjecturas

995 1079 1160 1126 quicquam
1174 1076 1279 1117 solidi,
1293 1078 1395 1125 inquo
1409 1075 1539 1125 figamus
1553 1077 1674 1123 pedem.

1046 1125 1232 1174 Responsio,
1247 1139 1339 1173 quam
1354 1139 1437 1161 voco
1451 1139 1670 1165 communem,
1684 1123 1755 1159 soli-

994 1176 1074 1216 dam,
1087 1177 1222 1224 planam,
1237 1180 1285 1216 &,
1299 1175 1513 1222 utsicloquar,
1527 1173 1756 1209 satisfa&oriam

997 1226 1067 1260 licet
1082 1226 1306 1274 generaliorem
1316 1250 1325 1264 ‚
1339 1225 1403 1259 haec
1412 1224 1474 1266 est;
1488 1224 1641 1260 Nihiless‘e
1653 1222 1756 1258 absur-

997 1275 1028 1309 di
1039 1288 1135 1310 unum
1149 1274 1247 1309 filium
1263 1276 1341 1309 duos
1355 1274 1469 1309 habere
1481 1285 1579 1322 patres
1592 1275 1624 1308 in
1638 1271 1755 1309 diverso

999 1338 1130 1373 genere,
1155 1325 1195 1358 ita
1210 1335 1242 1359 ut
1258 1325 1332 1359 alter
1350 1323 1385 1358 fit
1400 1335 1484 1371 pater
1496 1325 1660 1360 naturalis,
1681 1324 1757 1357 alter

998 1375 1117 1423 legalis;
1146 1374 1195 1408 ille
1208 1373 1308 1408 filium
1323 1386 1489 1421 generans,
1514 1372 1565 1407 hic
1579 1373 1617 1407 ab
1630 1373 1691 1406 alio
1703 1385 1757 1420 ge-

999 1427 1098 1459 nitum
1113 1422 1367 1471 sccundumleges
1377 1447 1386 1463 ,
1400 1422 1494 1457 fibiin
1501 1424 1608 1457 omnia
1619 1422 1755 1456 filiorum

1001 1478 1065 1521 jura
1077 1473 1244 1522 adoptans:
1264 1474 1304 1507 ita
1318 1472 1476 1517 Manasseh
1490 1479 1520 1509 &
1535 1473 1675 1520 Ephraim
1688 1471 1760 1515 Iose-

1000 1525 1053 1574 phi
1066 1522 1156 1558 solius
1176 1521 1262 1557 fuere
1280 1521 1334 1556 filii
1348 1522 1515 1559 naturales,
1544 1521 1593 1556 std
1606 1520 1705 1555 lacoln'
1717 1522 1762 1555 le·-

1005 1575 1083 1623 gales
1097 1586 1151 1622 per
1158 1573 1373 1620 adoptionem,
1382 1574 1412 1606 in
1420 1573 1525 1606 omnia
1537 1574 1602 1616 jura
1615 1571 1766 1610 filiorum,

1005 1637 1067 1659 tam
1082 1636 1174 1672 quam
1188 1620 1321 1662 Reuben,
1344 1622 1418 1655 luda
1431 1633 1481 1656 aut
1495 1622 1545 1656 alii
1558 1621 1737 1668 quicunque
1749 1620 1768 1655 ἃ

1008 1673 1110 1709 Iacobo
1126 1673 1232 1722 geniti.
1269 1672 1371 1717 Adoss
1389 1672 1556 1706 naturalem
1575 1671 1682 1706 habuit
1702 1683 1769 1704 ma-

1008 1736 1088 1759 trem
1103 1721 1196 1758 solam
1211 1721 1350 1756 lochebed
1360 1747 1369 1762 ‚
1395 1719 1444 1756 sed
1458 1733 1568 1770 praeter
1580 1734 1647 1755 eam
1664 1720 1769 1768 legalis

1009 1775 1037 1809 ei
1050 1784 1147 1809 mater
1159 1772 1247 1807 evasit
1260 1772 1321 1806 filia
1337 1771 1518 1812 Pharaonis,
1538 1772 1555 1807 ὲ
1567 1771 1628 1818 quz‘i
1642 1771 1769 1817 adopta-

1008 1836 1056 1860 tus
1069 1822 1155 1858 estin
1170 1822 1283 1857 filium:
1310 1822 1446 1856 Davidis
1459 1835 1528 1857 avus
1547 1820 1634 1856 obed
1646 1831 1769 1855 natura-

1009 1876 1072 1909 lem
1085 1883 1200 1922 patrem
1213 1871 1321 1907 habuit
1341 1885 1436 1907 unum
1449 1875 1545 1912 Boas,
1571 1869 1621 1905 sed
1640 1869 1769 1918 legalem

1009 1925 1103 1959 etiam
1115 1921 1266 1957 Machlon
1282 1922 1426 1957 maritum
1440 1921 1578 1968 priorem
1595 1919 1651 1954 suae
1665 1920 1769 1953 matris

1009 1974 1091 2008 Ruth
1100 1999 1110 2013 ,
1136 1974 1185 2008 cui
1202 1973 1329 2007 maritus
1343 1971 1499 2019 posterior
1510 1973 1585 2004 Boas
1598 1968 1668 2017 post
1681 1980 1768 2002 mor-

1009 2035 1073 2059 tem
1086 2021 1357 2068 secundumlegem
1372 2019 1515 2054 suscitavit
1526 2018 1769 2066 semenaefzsugu-

1003 2073 1067 2119 stus
1080 2071 1168 2118 [Izfhr
1175 2073 1301 2107 Oislavii
1314 2068 1404 2105 solius
1420 2067 1476 2103 fuit
1489 2069 1569 2103 filius
1582 2068 1704 2108 natura,
1719 2066 1768 2101 sed

1010 2125 1078 2172 lege
1095 2124 1318 2158 Romanorum
1336 2120 1495 2166 adoptivus
1512 2118 1591 2152 filius
1612 2116 1710 2152 factus
1723 2116 1769 2151 est

1010 2176 1080 2207 Iulii
1088 2171 1212 2208 Caesaris
1220 2171 1324 2219 magni
1336 2168 1378 2204 sui
1390 2169 1544 2205 avunculi,
1559 2169 1704 2202 nimirum
1713 2164 1769 2200 suae

1010 2235 1064 2270 per
1075 2233 1206 2256 matrem
1217 2224 1360 2255 eAttiam
1373 2219 1444 2253 aviae
1457 2216 1569 2252 fratris.
1607 2216 1695 2251 Nihil
1708 2213 1770 2250 fre-

1010 2271 1154 2319 quentius
1179 2281 1243 2304 tam
1264 2269 1345 2316 apud
1361 2268 1488 2315 Judaeos
1504 2292 1515 2308 ,
1546 2266 1639 2315 quam
1662 2277 1769 2314 gentes

1010 2317 1206 2367 quascunque
1218 2343 1228 2358 ,
1264 2331 1360 2353 unum
1378 2317 1543 2351 hominem
1565 2317 1642 2350 duos
1655 2316 1769 2350 habere

1011 2379 1125 2415 patres,
1156 2367 1239 2400 hunc
1258 2366 1423 2400 secundum
1448 2375 1600 2403 naturam,
1628 2364 1714 2397 illum
1728 2362 1770 2397 se-

1011 2415 1147 2451 cundum
1161 2417 1279 2464 lcgem;
1293 2414 1359 2448 imo
1372 2414 1445 2449 vero
1454 2425 1563 2447 omnes
1573 2412 1628 2446 filii
1642 2412 1770 2460 adopta-

1012 2467 1036 2501 ti
1055 2467 1134 2500 duos
1147 2462 1297 2511 ejusmodi
1317 2474 1417 2511 patres
1436 2462 1567 2497 habeant
1586 2461 1703 2496 necesse
1715 2461 1767 2496 est.

1012 2513 1258 2562 Responsrohaec
1267 2512 1370 2552 solida,
1383 2513 1471 2546 omni
1480 2512 1680 2560 obgannienti
1688 2512 1769 2546 duo-

1013 2566 1070 2600 bus
1084 2563 1192 2612 Iosbphi
1204 2562 1339 2610 patribus
1356 2561 1457 2596 multo
1477 2561 1642 2608 plenissime
1658 2573 1694 2595 os
1708 2561 1770 2596 ob-

1011 2615 1112 2649 struit:
1132 2613 1171 2648 fic
1184 2613 1268 2647 enim
1281 2612 1430 2646 omnibus
1443 2610 1565 2652 seculis,
1586 2611 1770 2659 ubiqueter..

1012 2676 1113 2699 rarum
1126 2688 1136 2703 ,
1163 2663 1243 2709 apud
1257 2674 1366 2696 omnes
1380 2661 1540 2700 nationes,
1577 2671 1638 2695 tam
1651 2661 1770 2709 legibus

1012 2713 1105 2762 quam
1112 2711 1331 2747 consuetudine
1339 2711 1491 2748 obtinuit,
1504 2711 1627 2745 nemine
1634 2723 1769 2760 unquam

1013 2763 1254 2798 contradicente.

1760 267 1900 305 sutis-[3130-

1059 2811 1148 2846 Nihil
1162 2812 1238 2845 ultra
1249 2811 1411 2859 requiritur
1425 2809 1460 2844 ad
1473 2808 1705 2845 adversariorum
1715 2823 1768 2857 pe-
1784 2808 1927 2838 Parricida.-

1012 2861 1169 2896 tulantiam
1182 2861 1400 2895 retundendam
1410 2885 1419 2898 ,
1445 2863 1475 2894 &
1488 2859 1690 2907 quaestionem
1704 2859 1768 2895 abs-
1784 2860 1820 2877 '⁶³
1833 2859 1912 2896 omes

1014 2924 1075 2959 que
1094 2911 1182 2944 omni
1200 2909 1376 2945 difficultate
1395 2907 1577 2943 solvendam.
1615 2912 1766 2944 Verume-
1777 2891 1904 2961 ξιῖᾜῖ

1015 2959 1157 2996 nimvero
1170 2961 1244 2994 dum
1263 2960 1434 2994 dou-orum
1450 2959 1586 2993 virorum
1602 2959 1723 2998 &5574oe
1735 2963 1766 2996 δέ
1779 2964 1836 2998 'mm
1856 2978 1935 3005 conja-

258 3034 262 3042 ι
1015 3008 1171 3045 curiositas
1185 3023 1252 3044 non
1265 3010 1328 3043 vult
1335 3009 1385 3042 hic
1397 3007 1574 3048 consistere,
1596 3005 1645 3043 sed
1655 3009 1692 3043 ad
1701 3022 1767 3057 par·
1784 3009 1895 3038 crinales.

1017 3060 1155 3094 ticulares
1168 3059 1281 3093 modos
1290 3062 1321 3093 S(
1334 3056 1621 3106 specialeslegalium
1633 3057 1769 3094 filiorum

224 3109 308 3198 IN
322 3109 460 3143 Domini
468 3111 649 3158 genealogia
660 3112 740 3146 nulla
752 3110 798 3146 est
811 3109 903 3158 quam
913 3109 978 3144 haec
1018 3109 1078 3143 vias
1092 3107 1333 3142 determinandas
1348 3105 1546 3145 descendere,
1569 3108 1657 3142 multi
1670 3108 1770 3143 statim

276 3159 373 3206 magis
389 3170 493 3195 vexata
505 3159 633 3208 quaestio
655 3172 717 3198 tam
741 3161 874 3209 antiquis
888 3159 981 3209 quarn
1021 3159 1053 3193 in
1071 3170 1126 3193 eos
1139 3156 1351 3193 difficultatum
1371 3157 1497 3240 hqhueos
1515 3155 1543 3193 se
1561 3158 1707 3197 induunt,
1738 3168 1771 3190 ut

1367 3208 1406 3242 H
1457 3218 1473 3239 2
1707 3218 1771 3239 non

369 2861 679 2902 Quies-mo
733 2861 822 2889 v111.

223 2922 378 2973 Qomodo
392 2922 525 2970 Iosephus
537 2922 607 2955 duos
625 2921 762 2955 habuerit
778 2933 876 2971 patres
888 2945 899 2962 ‚
924 2923 973 2954 Ia-

299 2970 405 3005 cabum
412 2972 572 3016 ficundum
586 2971 769 3006 Matthaeum
777 2997 787 3013 ‚
801 2977 839 3012 ὠ·
851 2975 896 3008 Ε-

428 3021 615 3064 lisbcundnm
627 3025 768 3058 Lucam?
