2048 3343
155 1819 184 1844 Et
193 1809 280 1845 cisoce-

149 1867 174 1884 ro
182 1851 268 1881 Philo-

148 1904 236 1926 merore

145 1936 267 1977 pertin-ur·

153 2456 246 2482 Deme-

151 2504 211 2531 trinus
222 2497 274 2522 De-

109 2545 114 2550 ·
152 2543 230 2563 metr-tt
238 2546 277 2561 oc-

149 2585 219 2615 cupat
229 2580 281 2606 ,Λ-

146 2619 219 2653 fiam·

155 3110 188 3135 Et
198 3104 262 3140 Phy-

285 111 363 144 228
630 97 952 133 ,opertis

286 177 334 216 fit,
346 177 380 208 δέ
390 172 554 208 decretum
565 163 867 217 impetratum‚quo
879 161 1036 198 os1lexan-

287 225 336 259 der
344 224 574 257 Romanorum
586 231 649 266 ope
659 220 692 252 in
702 217 858 252 thronum
871 221 1040 263 paternum

289 283 512 321 reponeretur.
544 268 607 303 Isto
627 263 913 303 Senatusconsulto
933 270 1042 295 muni-

290 335 346 359 tus
365 319 558 357 eAlexander
578 320 613 353 in
633 317 740 352 Asiam
759 311 959 363 properavit.
990 307 1044 342 Ad

290 384 365 408 eum
377 371 480 405 statim
493 367 651 404 confluxit
660 377 796 414 magnus
809 363 964 399 exercitus
975 370 1046 406 pat-

292 425 354 457 tim
368 421 384 455 a
400 418 549 454 Ptolemaeo
561 422 592 452 δι
601 416 711 452 Attalo
724 412 867 450 submissi
879 422 962 459 quos
975 410 1046 460 De-

292 470 411 506 metrias
422 471 609 504 irritaverat.
634 468 782 514 Uterque
795 474 863 498 tam
876 463 1047 513 Demetmfs

295 533 394 569 quarn
408 518 587 554 Alexander
604 514 729 551 Ionathae
746 513 849 561 Judaei
877 504 1048 543 Pontlfisss

296 571 470 605 amicitiam
487 568 580 602 omni
597 564 708 602 officio
717 562 881 598 ambiebat
898 571 906 590 :
934 558 1050 589 Deme·

296 621 365 655 erim
381 617 646 665 Hierosolymam
667 626 734 648 tam
753 610 866 644 urbem
883 602 980 653 quam
999 615 1049 637 ar—

298 683 367 704 cem
384 672 419 702 &-
433 670 466 703 in
479 665 515 702 eri
525 665 651 701 obfides
664 659 792 696 Ionathae
803 659 837 691 in
855 666 971 689 manus
989 652 1050 686 da-

296 707 354 753 bat
363 742 372 755 ‚
392 716 490 753 sedin
499 712 674 751 Alexandro
686 711 756 757 plus
771 706 898 742 fiduciae
909 702 1050 752 ponebat

296 766 451 806 lonaehas,
474 769 542 810 ejus
558 765 666 809 itaque
684 768 786 807 partes
800 767 914 791 contra
934 756 1050 787 Deme-

298 817 431 852 metrium
444 814 608 858 amplexus
629 809 688 844 est.
714 806 887 842 Demetrius
901 813 976 837 ante
988 813 1052 849 pu—

296 878 394 915 gnam
405 864 486 898 duos
499 861 584 895 filios
594 861 803 907 &ingentem
813 854 981 906 pecuniam
994 863 1051 884 ex·

297 928 348 950 tra
360 911 446 947 casus
464 910 544 946 belli
561 909 602 945 ad
624 909 788 955 hospitem
807 903 946 938 Gnidmm
967 897 1053 935 misit

296 965 368 999 satis
380 960 564 1010 prudenter:
577 961 610 994 in
621 959 728 1006 praelio
738 959 826 991 enirn
837 955 940 989 vietus
952 954 984 985 δέ
996 961 1054 984 ne-

297 1024 386 1049 catus
397 1009 602 1059 suppofititio
615 1007 778 1043 Alexandro
789 1006 883 1041 suum
894 1002 1052 1037 thronum

298 1063 439 1109 reliquit.
449 1059 630 1108 Hypocrita
639 1056 858 1101 hicAsiaejam
869 1054 940 1087 Rex
952 1049 969 1084 a
983 1052 1053 1088 Pto<

298 1113 392 1147 lemaeo
404 1109 504 1146 filiam
517 1108 695 1157 Cleopatram
711 1108 837 1154 accepit
859 1106 893 1138 in
904 1111 1054 1135 uxorem.

301 1163 353 1198 Ad
364 1160 567 1196 celebrandas
579 1159 705 1205 nuptias
715 1168 852 1204 uterque
865 1154 936 1187 Rex
946 1150 1056 1184 Ptole-

300 1210 446 1247 maidem
458 1211 613 1245 convenit
623 1235 631 1247 ,
642 1207 754 1254 ibique
763 1200 955 1240 Ionathanem
968 1209 1057 1233 uter—

300 1275 365 1311 que
375 1260 506 1295 summo
517 1258 686 1294 inhonore
697 1256 825 1292 habuit,
835 1251 954 1299 Judaeis
964 1249 1059 1298 plena

301 1311 433 1346 libertas
445 1310 516 1344 data
528 1333 538 1348 ,
567 1311 601 1342 &
619 1318 739 1354 magna
754 1303 989 1351 tranquillitas,
1006 1295 1056 1330 sed

303 1373 384 1395 mox
396 1371 481 1394 nova
500 1357 614 1392 mundi
626 1355 722 1391 facies
735 1354 893 1402 apparuit.

352 1408 531 1448 Alexander
545 1409 579 1441 in
590 1406 713 1441 throno
728 1402 813 1439 fixus
831 1401 931 1451 genio
948 1396 1059 1433 indul-

301 1470 379 1509 get,
402 1458 474 1492 inde
488 1458 667 1492 multorum
680 1456 714 1489 in
730 1453 759 1488 se
772 1450 988 1488 offensionem
998 1447 1059 1485 sta-

302 1512 362 1545 tim
375 1508 576 1544 concitavit:
598 1518 636 1541 ex
648 1502 883 1540 Demetriifiliis
899 1510 976 1534 natu
988 1509 1057 1531 ma—

298 1563 356 1605 jor
375 1557 549 1593 Demetrius
568 1556 738 1600 adjuvante
764 1550 905 1599 Lasthene
929 1548 1061 1592 Creterfi

303 1610 423 1655 copias
435 1606 598 1642 contrahit
610 1630 621 1645 ,
637 1615 727 1652 quas
751 1602 833 1637 duce
854 1598 1007 1648 Apollonio
1025 1599 1058 1630 in

303 1657 502 1693 Palaestinam
512 1655 596 1690 misit
609 1668 617 1689 :
637 1655 669 1687 in
682 1649 998 1696 Alexandrigratiam
1010 1650 1057 1680 Io—

304 1705 405 1742 nathas
421 1705 578 1756 Apollonio
592 1702 620 1739 se
637 1703 758 1749 objecit
770 1728 779 1742 ‚
801 1705 832 1736 &
844 1699 970 1746 aliquot
981 1709 1058 1733 eum

304 1758 420 1805 praeliis
431 1756 540 1806 fregit.
913 1790 932 1801 ..

354 1806 518 1841 Ptolemaeus
537 1801 716 1839 Philometor
730 1824 740 1840 ‚
763 1796 933 1835 Alexandr:
951 1795 1040 1831 socer
1053 1816 1062 1830 2

306 1856 433 1903 quasiin
446 1857 558 1903 generi
573 1854 731 1887 auxilium
750 1860 825 1883 cum
838 1859 960 1893 magno
971 1856 1062 1880 exer—

308 1908 376 1940 citu
389 1908 511 1953 Syriam
531 1904 664 1937 intravit
682 1915 690 1935 :
726 1900 873 1934 civitates
893 1903 923 1931 ei
942 1896 1062 1942 ubique

307 1965 415 2003 portas
429 1953 516 2002 quasi
530 1954 636 1986 amico
649 1949 835 1998 pandebant
847 1972 857 1987 ,
884 1948 939 1981 ille
950 1956 1059 1980 autem

304 2006 358 2040 sua
374 2003 495 2051 ubique
516 2000 659 2049 praefidia
671 1998 864 2034 collocabam
902 1995 974 2031 Ubi
989 1997 1060 2029 An·-

303 2052 463 2089 tiochiam
478 2052 568 2086 venit
579 2076 589 2091 ‚
601 2046 881 2098 aperteAlexandri
891 2047 1061 2081 inimicum

303 2103 334 2138 se
345 2099 500 2150 profeffus
509 2100 552 2136 est
563 2125 574 2141 ,
592 2104 623 2135 δέ
635 2111 704 2133 tam
714 2099 807 2146 Syriae
818 2097 916 2146 quam
929 2097 1062 2144 AEgypti

306 2152 487 2186 diademata
504 2149 564 2184 suo
575 2150 673 2197 capiti
685 2146 854 2196 imposuit,
866 2145 967 2180 filiam
982 2145 1061 2180 Ale·

307 2200 420 2234 xandro
441 2199 582 2233 ablatam
595 2222 605 2235 ‚
628 2195 721 2244 quod
737 2198 779 2232 ab
793 2209 834 2231 eo
853 2193 936 2230 male
949 2195 1061 2230 habita

306 2247 383 2283 esset
393 2273 401 2288 ,
414 2248 563 2283 Demetrio
573 2246 715 2280 tradidit.
735 2247 787 2279 Ne
794 2244 872 2279 vero
882 2246 989 2277 nimio
1001 2245 1061 2278 suae

305 2298 459 2346 potentiae
469 2298 671 2331 incremento
680 2294 852 2327 Romanos
862 2293 895 2324 in
907 2292 952 2324 sui
962 2289 1060 2336 suspi-

304 2349 434 2382 cionem
448 2346 634 2381 adduceret,
645 2344 798 2391 Regnum
811 2351 979 2389 paternum
991 2341 1062 2374 De-

305 2397 408 2431 metrio
420 2396 562 2443 reliquit.

354 2446 531 2481 Alexander
549 2439 752 2487 inexpee'tatii
762 2439 859 2474 soceri
871 2436 981 2473 fraude
992 2439 1060 2473 Re-

306 2508 374 2544 gno
386 2494 538 2543 spoliatus
550 2517 558 2530 ,
574 2503 647 2526 cum
663 2489 804 2538 praesenti
817 2487 876 2523 suo
888 2489 1061 2536 qualicun-

307 2557 371 2593 que
383 2546 523 2579 exercitu
535 2555 611 2576 cum
624 2540 776 2574 Ptolemae
789 2538 883 2573 simul
902 2543 933 2572 &
947 2541 1063 2572 Deme..

294 2596 362 2639 ·trio
372 2592 558 2629 commisit:
585 2590 790 2625 iffivhstusin
812 2586 964 2622 Arabiam
984 2600 1059 2622 cum

308 2646 419 2692 paucis
431 2642 519 2690 fugit
530 2666 539 2682 ,
565 2653 622 2674 nec
634 2640 688 2674 diu
699 2637 751 2673 hic
762 2638 933 2672 delituerat
949 2660 958 2673 ‚
984 2637 1060 2672 cnm

307 2705 402 2740 caput
419 2696 447 2728 ei
459 2688 621 2740 praecisum
633 2689 690 2729 est,
701 2691 732 2722 &
744 2688 782 2721 ad
792 2685 978 2720 Ptolemaeum
991 2688 1061 2721 An-

307 2743 462 2777 tiochiam
475 2739 614 2776 missum.

354 2792 521 2830 Ptolomeus
549 2791 583 2823 in
609 2787 719 2834 praelio
746 2797 833 2832 equo
845 2783 1004 2823 excussus,
1025 2787 1060 2818 &

307 2844 416 2876 multis
431 2839 620 2876 vulneribus
631 2832 794 2870 confossus
809 2832 890 2882 agre
904 2833 1040 2881 spirabat
1051 2858 1060 2874 ‚

308 2890 376 2924 viso
394 2903 505 2925 tamen
525 2888 636 2937 generi
656 2887 759 2932 capite
777 2882 918 2917 multum
933 2884 1060 2931 gavisus

305 2939 423 2981 cst‚scd
437 2938 546 2974 laetitia
557 2935 720 2984 perbrevi:
743 2947 815 2968 nam
827 2933 897 2981 post
912 2932 1058 2967 triduum

308 3002 344 3022 ex
360 2989 546 3024 vulneribus
563 2986 718 3034 expiravit
730 2984 819 3031 regni
838 2981 882 3016 sui
898 2981 1059 3017 tricesimo

310 3039 436 3081 quinto.

358 3086 505 3119 Successit
516 3088 542 3121 ei
562 3086 593 3118 in
613 3087 757 3131 AEgypto
768 3080 864 3116 frater
876 3078 1017 3127 Phyfcrm,
1041 3078 1058 3112 a

149 3145 295 3184 somAEgy.
310 3137 454 3177 corporis
467 3135 623 3169 brevitate
634 3139 665 3168 δι
676 3131 782 3181 {agina
794 3131 833 3166 sic
846 3131 950 3165 dietus
962 3144 970 3163 τ
984 3143 1059 3176 pra-

151 3195 230 3225 [sum.

308 3181 452 3220 viffimus
464 3182 516 3217 hic
526 3186 674 3229 Princeps
686 3194 720 3218 ut
731 3182 861 3227 Cyrene
877 3181 969 3219 venit
982 3180 1058 3214 Ale-

1013 88 1492 130 HisTocht

1090 165 1271 205 xmdriam,
1282 163 1426 199 sororem
1438 165 1524 201 suam
1539 171 1570 202 &
1582 166 1711 215 glorem
1722 160 1844 217 Cleopa-

1088 225 1164 250 tram
1175 217 1208 250 in
1220 227 1356 250 uxorem
1375 214 1468 249 duxit
1483 230 1491 249 .-
1517 218 1648 263 ejusque
1661 217 1767 254 filium
1779 219 1848 254 fta—

1089 267 1146 300 tris
1157 265 1314 300 haercdem
1327 266 1361 298 in
1383 266 1493 299 matris
1511 268 1713 313 amplexibus
1727 270 1858 304 crude-'

1090 315 1163 350 liter
1180 315 1329 349 necavit:
1361 315 1467 348 voluit
1484 325 1592 349 tamen
1605 339 1614 354 ,
1633 317 1663 350 se
1682 321 1848 371 Euergeten

1092 364 1168 404 dici,
1182 363 1233 399 sed
1244 364 1358 398 restius
1371 365 1583 399 Alexandrini
1594 369 1778 410 κακεςγέτζω
1788 383 1849 416 ap-

1095 413 1267 460 pellarunt,
1401 411 1403 414 ¹

1144 461 1269 496 Interea
1286 463 1455 498 Demetrius
1470 464 1594 511 Syriam
1616 461 1796 510 poffidebat
1811 466 1852 501 sl·

1097 523 1139 544 ne
1152 513 1271 546 aemulo
1282 538 1290 553 ,
1301 516 1366 556 ejus
1376 525 1486 548 tamen
1497 514 1714 559 imprudentia
1725 528 1802 550 mox
1812 529 1852 550 o-

1100 564 1188 595 mnia
1203 561 1330 596 turbata
1350 563 1432 597 sunt.
1473 559 1562 597 Cum
1582 560 1719 597 Ionathaes
1744 577 1852 599 arcem
1896 592 1899 593 ν

1098 609 1427 658 Hierosolymitanam
1439 610 1512 645 urbi
1522 611 1778 647 molestissimam
1788 614 1854 648 ob-

1099 659 1218 699 fideret,
1232 662 1400 696 Demetrius
1420 660 1438 693 a
1456 660 1571 708 Judaeis
1583 661 1748 707 Apostatis
1767 664 1854 697 inci-

1100 719 1205 749 tatus,
1230 722 1344 746 contra
1360 708 1515 744 Ionatham
1535 710 1627 744 duxit
1652 712 1851 746 exercitum:

1098 772 1195 806 quem
1213 770 1321 795 tamen
1342 759 1405 794 fine
1425 758 1589 794 maleficio
1610 761 1736 796 reduxit
1754 763 1860 809 arquis*

1098 808 1342 844 conditionibus
1360 808 1476 844 statuta
1495 821 1580 856 pace.
1614 810 1674 845 Sed
1694 824 1735 846 en
1753 812 1855 859 Regis
1904 850 1908 854 Δ
2002 846 2003 849 ¹

1095 859 1334 893 temeritatem!
1360 861 1538 892 Veteranos
1554 872 1667 894 omnes
1677 885 1687 901 ,
1698 873 1782 909 quos
1795 875 1857 908 pa·
1995 851 2027 907 {j

1102 917 1150 940 ter
1168 907 1265 941 etiam
1283 908 1316 941 in
1329 919 1404 953 pace
1415 907 1543 941 liberali
1555 908 1714 954 stipendio
1725 911 1832 945 alebat
1842 935 1854 950 ,
1957 931 1961 935 Δ
1990 874 2033 962 ωζῤ

1101 959 1333 1003 ut'parceretur
1345 955 1538 1002 sumptibus,
1550 956 1667 992 dimisit
1685 975 1693 993 ε
1719 962 1855 994 retentis
1988 958 1990 961 ’

1102 1004 1231 1041 tantum
1253 1007 1394 1041 externis
1413 1007 1638 1046 mercenariis,
1662 1007 1740 1042 hinc
1761 1022 1857 1044 [ηυμ-

1104 1068 1196 1090 mura
1220 1060 1252 1091 δι
1277 1055 1317 1090 ad
1351 1054 1581 1090 rebellandum
1608 1057 1709 1091 animi
1728 1057 1859 1105 paratiss

1103 1105 1184 1140 simi-
1846 1122 1848 1124 ·

1150 1156 1241 1189 Dum
1253 1154 1531 1189 tumultuarentur
1543 1154 1757 1196 Antiocheni,
1766 1155 1857 1191 tantz‘i
1877 1154 1969 1202 perne:

1104 1205 1246 1238 militum
1264 1204 1377 1252 inopia
1389 1203 1559 1239 laborabat
1570 1206 1739 1240 Demetrius
1752 1232 1760 1244 ‚
1783 1218 1819 1241 ut
1839 1206 1855 1241 a
1873 1202 1933 1241 ”¹¹3⁴
1946 1195 2030 1244 ὠξ-

1104 1251 1225 1288 Ionathd
1237 1252 1354 1288 neccsse
1365 1254 1512 1288 habuerit
1531 1253 1691 1302 suppetias
1711 1256 1856 1291 emendi·
1872 1234 2018 1304 &iligen-‘⁹

1103 1316 1195 1338 care:
1217 1304 1301 1338 mifit
1311 1305 1365 1337 ille
1377 1303 1589 1338 Antiochiam
1603 1305 1787 1353 Judaeorum
1797 1307 1859 1341 tria
1877 1317 1955 1344 areni&
1963 1304 2018 1346 ἆῤ

1106 1353 1265 1390 milliasti}
1275 1353 1354 1388 dum
1369 1355 1488 1401 regiam
1500 1354 1778 1396 circumsisterent5
1789 1357 1858 1391 An·
1869 1340 1993 1397 ernfiatu'r·
2008 1349 2021 1362 ”

1106 1403 1250 1450 tiocheni
1263 1404 1386 1438 centies
1398 1404 1494 1438 vicies
1510 1403 1598 1438 mille
1612 1428 1622 1440 ‚
1648 1406 1716 1451 pro'
1729 1406 1821 1452 Rege
1839 1404 1860 1439 ὲ

1105 1452 1166 1488 suis
1183 1449 1307 1488 deserto
1318 1464 1383 1487 tam
1395 1450 1525 1486 fortiter
1537 1452 1744 1501 pugnarunt,
1763 1466 1799 1489 ut
1809 1457 1863 1490 in-

1104 1501 1197 1537 censa
1209 1506 1238 1535 &
1253 1500 1385 1550 spoliata
1395 1501 1474 1535 urbe
1486 1504 1608 1536 centies
1620 1504 1711 1537 mille
1723 1516 1864 1542 necave-

1105 1555 1179 1586 rint.
1206 1553 1286 1586 Non
1305 1551 1455 1585 obstante
1475 1560 1586 1585 tamen
1612 1552 1863 1598 incomparabili

1105 1602 1206 1636 hocce
1218 1600 1399 1640 beneficio,
1413 1603 1583 1636 Demetrius
1597 1600 1719 1635 nullam
1733 1599 1863 1637 Ior'zath'ae

1105 1650 1203 1685 fidem
1217 1650 1343 1686 servans
1354 1674 1363 1690 ‚
1392 1663 1446 1697 per
1457 1651 1535 1684 arcis
1552 1650 1862 1698 Hierosolymitanae

1105 1705 1138 1736 δέ
1158 1701 1290 1735 aliarum
1311 1700 1451 1748 praesidia
1463 1724 1473 1740 ,
1500 1699 1632 1746 Judaeos
1646 1714 1755 1736 vexare
1769 1714 1863 1749 para-

1106 1750 1180 1791 bat,
1199 1750 1250 1786 sed
1268 1751 1308 1785 ab
1328 1749 1392 1785 hoc
1414 1760 1535 1784 conatu
1552 1748 1617 1784 alio
1627 1749 1733 1785 statim
1745 1764 1861 1787 avoca-

1104 1812 1154 1835 tus
1166 1799 1220 1836 est.

1152 1847 1296 1885 Diodorou
1322 1849 1524 1898 cognomine
1550 1846 1682 1896 Tryphon
1708 1849 1858 1884 animad-
1875 1849 1988 1889 Tryphon
2018 1855 2021 1893 j

1105 1899 1196 1934 verso
1223 1897 1337 1947 populi
1363 1900 1575 1945 militumque
1608 1900 1641 1931 in
1670 1894 1858 1933 Demetrium
1874 1895 1979 1921 ΛΜΨ
2012 1893 2028 1911 ’“’

1104 1950 1186 1984 odio
1196 1973 1206 1987 ‚
1230 1950 1264 1983 in
1275 1949 1429 1984 Arabiam
1442 1948 1472 1983 se
1489 1945 1655 1993 contulit3
1679 1953 1712 1984 δε
1723 1949 1859 1989 eAntio-
1872 1932 2016 2001 22:55⁴&
2031 1944 2033 1956 ¹

1102 1997 1206 2037 chum,
1226 1999 1396 2034 Alexandri
1406 1997 1483 2033 Balae
1492 1996 1599 2031 filium
1621 1999 1666 2033 ibi
1682 1999 1855 2045 educatum
1874 2016 1966 2042 Dm„>

1103 2047 1208 2084 secum
1220 2048 1312 2084 duxit
1330 2050 1365 2084 in
1376 2049 1516 2094 Syriam:
1543 2047 1585 2081 ad
1595 2061 1672 2083 eum
1684 2048 1791 2083 statim
1802 2061 1861 2096 pa·
1875 2053 1995 2091 triumfu-

1104 2100 1185 2134 terni
1196 2099 1292 2134 amici
1304 2098 1534 2134 confluxerunt
1543 2124 1551 2137 ,
1565 2098 1749 2145 militesque
1760 2096 1776 2131 ὲ
1790 2101 1860 2132 De·
1871 2097 1953 2133 fiitar.

1103 2149 1205 2183 memo
1223 2150 1450 2185 exauffmrati:
1485 2146 1580 2191 hujus
1602 2159 1734 2193 quoque
1755 2157 1861 2192 partes

1105 2195 1248 2232 Ionathan
1261 2197 1415 2244 sequutus
1425 2196 1468 2230 est
1479 2218 1489 2231 ‚
1505 2205 1574 2228 tum
1595 2195 1684 2242 quod
1699 2195 1861 2230 eAlexan-

1103 2247 1153 2279 dro
1162 2247 1242 2291 patri
1251 2243 1375 2278 favisset
1386 2260 1397 2288 3
1410 2254 1481 2277 turn
1494 2241 1587 2289 quod
1598 2242 1615 2278 a
1625 2246 1779 2280 Demetrio
1789 2259 1862 2280 ma-

1104 2295 1168 2327 lam
1186 2304 1245 2340 pro
1259 2295 1390 2341 magnis
1406 2291 1576 2327 beneficiis
1587 2296 1724 2341 gratiam
1736 2294 1860 2330 retulis-

1104 2342 1157 2376 set.
1187 2342 1373 2376 Commiffo
1395 2343 1505 2389 praelio
1522 2342 1626 2377 vietus
1639 2345 1809 2378 Demetrius
1820 2344 1860 2380 ad

1105 2393 1286 2438 superiores
1306 2392 1386 2426 Afiae
1405 2392 1588 2438 provincias
1598 2391 1706 2441 fugit,
1730 2395 1858 2429 Antio-

1106 2440 1178 2476 chia
1190 2444 1223 2475 δέ
1237 2440 1452 2489 Syriarelistis
1465 2438 1653 2485 ιξΑηῑὲοιΙΊο.7
1740 2448 1743 2450 ’

1151 2491 1199 2525 Ex
1213 2490 1429 2538 superioribus
1441 2492 1616 2537 provinciis
1632 2493 1772 2527 collecto
1793 2493 1859 2527 mi-

1105 2541 1162 2574 lite
1174 2541 1314 2589 Judaeam
1332 2542 1455 2575 curavit
1473 2538 1589 2575 infesto
1610 2544 1751 2576 exercitu
1765 2543 1860 2576 inva-'

1106 2590 1138 2624 di
1152 2603 1160 2622 z
1185 2588 1322 2623 Ionathas
1340 2590 1548 2624 Demetrianos
1565 2589 1644 2637 saepe
1661 2590 1837 2626 debellavit
1848 2614 1860 2629 ,

1107 2639 1192 2673 unde
1212 2651 1369 2687 magnum
1393 2640 1452 2673 viri
1474 2652 1599 2673 nomen
1621 2640 1741 2687 ubique
1758 2642 1858 2675 clare·

1107 2687 1185 2721 bat:
1211 2687 1280 2735 quo
1299 2699 1406 2722 autem
1422 2700 1470 2722 res
1488 2688 1554 2722 suas
1566 2687 1855 2731 firmiusstabilirct

1105 2737 1180 2770 Iua'ae
1214 2737 1318 2771 fratris
1352 2738 1503 2784 exemplo
1538 2751 1613 2773 cum
1640 2740 1798 2774 Romanis
1823 2743 1858 2772 &

1105 2787 1267 2833 Spartanis
1277 2785 1386 2821 foedus
1397 2801 1452 2834 per
1462 2787 1586 2835 legatos
1597 2789 1731 2834 pepigit.
1752 2788 1857 2834 Qiod
1906 2808 1908 2810 v

1105 2845 1216 2870 tamen
1236 2837 1360 2870 carnale
1379 2836 1698 2883 omninoinceptum
1718 2835 1774 2882 ipsi
1787 2850 1857 2871 non

1106 2883 1219 2919 miritis
1232 2886 1328 2933 quam
1341 2885 1431 2920 fratri
1445 2885 1517 2919 finis
1526 2886 1735 2920 vietor-iarum
1745 2883 1857 2925 fuit,&

1104 2935 1326 2969 calamitatum
1348 2936 1538 2981 principium
1552 2957 1562 2973 ‚
1590 2934 1708 2982 absque
1726 2936 1793 2969 ullo
1813 2935 1855 2970 ab

1102 2981 1249 3016 Ethnicis
1264 2981 1556 3017 foederatisfiuetu.
1871 2993 1985 3022 [anatha

1150 3033 1277 3081 Tryphon
1292 3030 1366 3064 cum
1390 3031 1522 3065 Antiochi
1541 3033 1632 3078 pueri
1645 3030 1792 3080 auspiciis
1803 3033 1852 3066 vi-
1869 3039 1978 3074 ταινιῶν-

1102 3081 1192 3114 stum
1211 3083 1391 3116 Demetrium
1412 3081 1448 3113 ad
1470 3080 1650 3126 superiores
1673 3083 1852 3129 provincias
1871 3076 1999 3112 manissae-

1102 3127 1238 3176 fugasset
1258 3155 1268 3170 ,
1297 3128 1472 3163 consilium
1494 3132 1581 3177 cepit
1601 3131 1640 3165 de
1654 3143 1757 3177 regno
1768 3131 1808 3164 ad
1823 3131 1851 3164 se
1871 3114 1990 3143 derasus&

1102 3177 1330 3216 transferendo
1348 3206 1357 3220 ‚
1383 3177 1510 3214 sublato
1524 3182 1564 3214 de
1578 3180 1691 3214 medio
1706 3181 1851 3215 Antiocho.
1871 3156 1991 3225 ζζῗζζΐζκ

1819 3230 1853 3264 id
