2048 3343
270 53 387 110 '182
649 68 1514 113 OPER1SH1STOR1c1

308 148 411 187 prout
431 138 570 175 Vatablm
582 140 616 173 ὃ(
632 144 787 174 Montanus
803 140 835 174 in
849 142 995 189 margine
1016 142 1060 176 di-

309 188 402 224 midia
423 188 610 223 bebdomada.
644 190 793 222 Tertiam
823 190 909 224 hanc
934 190 1060 224 senten-

309 239 389 272 tiam
399 237 516 283 quoad
525 249 593 271 rem
606 237 797 284 probamus,
811 239 865 274 sed
874 240 987 287 quoad
1000 252 1060 274 vo-

309 299 360 321 ces
372 286 611 333 improbamus,
620 300 696 321 nam
708 288 799 334 quod
811 301 921 324 revera
930 290 1018 325 cadit
1027 290 1060 323 in

307 335 524 371 hebdomadae
532 338 772 378 medium,idin
783 338 959 373 dimidium
971 341 1061 388 prius

310 395 365 419 aut
385 384 567 431 quodlibet
589 387 762 421 dimidium
788 386 927 424 amedio
950 389 1062 423 distin—

310 436 401 468 Ctum
420 433 605 475 collocare,
625 437 845 474 incommoda
856 438 987 474 videtur
1006 449 1060 472 exv

210 526 214 531 .
308 483 437 532 pteffio.
1003 534 1008 540 ⁸
1047 533 1053 540 .

153 527 252 554 ''ems'‘
361 535 493 580 Qarta
512 546 591 582 ergo
618 533 778 570 sententia
800 559 809 572 ‚
833 546 904 580 quae
928 531 1059 567 Dantelu

153 565 287 635 {gfff-'Ji'
308 582 409 618 verba
425 587 563 630 exponit
580 585 619 619 de
638 583 857 618 hebdomadae
879 593 949 615 non
962 582 1057 617 dimi-

211 618 249 637 ’ῃ
261 620 280 638 ’”
310 633 368 668 dio
384 631 438 667 sed
458 633 571 668 medio
585 658 596 675 ‚
614 632 712 666 nobis
724 631 853 665 videtur
863 629 1054 678 expeditiffi*

309 695 376 719 ma.
404 682 583 728 Distinguit
601 679 689 714 reete*
705 679 1056 716 Sane'tiusinlocumin-

311 743 361 766 ter
373 730 521 765 medium
533 729 823 770 Mathematicum,
838 731 934 776 quod
948 731 1056 764 omni-

311 793 358 815 no
373 781 540 825 aequaliter
567 776 666 824 usque
688 779 728 813 ad
745 779 908 825 puniitum
932 779 1059 814 Mathe-

310 831 471 863 maticum
485 826 576 861 distat
590 826 631 860 ab
643 830 796 862 extremis
817 852 827 868 ,
853 832 888 863 δε
911 828 1060 863 medium

309 878 424 914 civile,
439 874 496 911 ubi
517 874 699 911 secundum
716 876 884 924 vulgarem
898 877 990 912 usum
1007 877 1057 911 lo-

309 924 455 973 quendi,
472 930 508 960 δε
530 927 728 960 ordinariam
747 928 918 974 Scripturae
931 927 1059 975 phrasin

307 977 418 1023 aliqua
428 974 571 1009 latitudo
583 974 847 1017 admittitur,nec
858 977 1061 1012 omnimoda

308 1024 476 1072 aequalitas
485 1023 643 1058 distantiae
654 1024 695 1058 ab
706 1028 859 1061 extremis
871 1028 1060 1073 requiritur.

305 1072 372 1108 Etii
385 1072 537 1108 hocloco
548 1086 616 1108 non
626 1086 743 1122 magna
753 1075 899 1110 latitudo
912 1088 1059 1123 quaeren-

306 1123 349 1158 da
368 1122 518 1158 videatur
535 1149 544 1162 ,
574 1136 649 1158 nam
664 1125 746 1160 dato
760 1126 904 1172 christum
915 1127 985 1174 post
997 1129 1061 1160 Ba-

305 1172 465 1221 ptismum
486 1184 589 1207 annos
603 1185 666 1209 tres
685 1178 720 1209 δε
737 1173 790 1209 sex
801 1174 924 1210 menses
941 1176 1059 1223 praedi-

305 1220 389 1256 casse
416 1223 632 1270 Euangelium
650 1248 661 1264 ‚
688 1227 724 1258 &
748 1223 814 1258 fine
838 1224 917 1259 sexti
942 1224 1060 1259 mensis

306 1269 497 1305 crucifixum
520 1271 588 1315 (de
606 1270 727 1318 quibus
739 1283 932 1320 temporum
943 1277 1058 1308 termi-

300 1319 355 1354 *nis
366 1318 423 1354 suo
434 1321 535 1364 loco)
552 1323 660 1356 christi
672 1333 761 1356 mors
771 1322 900 1358 accidet
911 1322 933 1357 si
945 1335 1012 1358 non
1025 1325 1057 1358 in

305 1367 437 1415 praeciso
448 1369 677 1405 Mathematici
687 1371 789 1406 medii
802 1374 1057 1420 punt-sto,tamen

305 1419 340 1452 in
353 1429 420 1452 tam
433 1431 586 1455 accurato
606 1421 721 1455 medio
732 1421 817 1456 civili
835 1422 926 1457 istius
936 1425 1058 1458 ultimae

304 1465 544 1509 hebdomadae,
554 1480 591 1504 ut
604 1480 672 1505 tam
683 1483 781 1518 parva
790 1472 935 1507 latitudo
946 1475 1056 1520 requi—

303 1527 391 1550 ratur
399 1516 501 1564 quam
511 1520 546 1552 in
555 1531 728 1567 quoquam
741 1520 807 1555 alio
819 1521 945 1565 medio,
961 1522 1056 1570 quod

302 1564 337 1599 in
351 1567 517 1613 Scriptura
528 1580 746 1604 memoratur.

352 1616 391 1648 In
402 1615 489 1650 huuc
501 1628 702 1666 computum
715 1619 895 1669 conspirare
908 1620 1058 1657 videntur

303 1663 574 1702 doctissimorum
595 1667 899 1718 Chronologorurn
926 1670 1056 1712 calculi,

302 1724 378 1748 utut
391 1715 425 1748 in
436 1714 507 1751 aliis
526 1715 582 1751 ase
591 1717 734 1753 invicem
747 1718 947 1763 differentes,
957 1720 1054 1768 quod

303 1774 341 1796 ex
352 1767 430 1798 lunio
441 1766 474 1798 in
486 1767 611 1811 Dan.9.
625 1779 716 1815 v-z4.
734 1771 769 1803 &
783 1771 908 1815 Calvisio
919 1771 953 1803 in
963 1780 1055 1805 Arta-

303 1817 399 1847 xerxis
419 1812 562 1862 septimo
581 1843 591 1857 ,
619 1816 682 1851 una
697 1829 772 1852 cum
793 1816 915 1852 tabulis
935 1817 1055 1855 Ubbonis

302 1862 409 1895 Emmii
419 1886 429 1902 ‚
446 1866 562 1899 Patavii
573 1889 582 1905 ‚
600 1868 634 1899 δε
646 1869 762 1902 Henrici
774 1866 898 1915 Philippi
907 1867 964 1903 suo
974 1870 1055 1905 loco

302 1910 525 1948 demonstrare
535 1914 739 1950 conabimur.

1117 143 1206 191 Ergo
1227 147 1336 191 Messias
1350 147 1583 191 jamdumdum
1611 153 1747 188 venitin
1767 167 1864 191 mun-

1117 193 1197 228 dum
1210 197 1243 229 &
1257 193 1384 230 occisus
1395 196 1452 231 est.
1479 199 1589 243 Major
1601 204 1715 238 nititur
1726 206 1865 241 cci-uffi-

1117 241 1178 280 mzi,
1190 243 1360 280 clarissima
1370 271 1380 287 ‚
1400 247 1598 283 &internos
1609 253 1640 284 &
1653 251 1787 296 Judaeos
1801 257 1865 289 mi-
1902 282 1905 283 γ

1115 292 1203 326 nime
1214 291 1422 330 controversa
1441 296 1583 332 maxim&
1594 297 1636 332 de
1648 300 1749 336 dlvini
1763 305 1865 351 Spiri-

1115 351 1167 375 tus
1184 346 1219 376 &
1241 343 1331 378 verbi
1348 346 1485 379 veritate
1502 371 1513 387 ‚
1543 347 1585 381 de
1597 350 1794 386 certitudine
1810 366 1869 387 ne-

1114 389 1236 424 cessaria
1256 404 1293 425 ac
1305 391 1468 430 infallibili
1488 398 1642 432 omnium
1664 398 1738 433 Vet.
1752 402 1869 435 Testa-

1115 442 1217 474 menti
1239 442 1502 487 praedifflonurn.
1549 447 1660 480 Minor
1691 450 1782 495 aeque
1806 463 1869 497 pa-

1114 497 1160 571 }ect
1179 502 1218 523 ex
1237 490 1360 526 disertis
1383 493 1530 528 Danielis
1541 495 1649 530 verbis
1667 508 1701 539 9.
1715 497 1792 533 vers.
1805 511 1865 547 25.

1167 543 1223 573 26.

1089 821 1091 823 ,
1109 782 1241 825 frustra;
1268 799 1345 821 nam
1363 787 1431 835 quo
1451 792 1557 838 magis
1575 790 1777 828 reluctantur
1789 819 1798 834 ‚
1822 808 1863 830 eo

1109 830 1228 868 fortius
1237 832 1331 878 hujus
1341 837 1462 872 vinculi
1472 839 1582 874 nodus
1592 853 1648 875 eos
1660 843 1864 891 constringit.

1111 883 1148 914 ln
1161 879 1324 917 eludendzi
1345 887 1475 921 minore
1496 891 1677 936 praecipuus
1686 905 1803 926 eorum
1816 894 1863 927 la-

1112 929 1175 965 bor
1188 930 1248 966 effe
1267 931 1396 967 solebat
1413 960 1424 975 ,
1458 934 1513 971 sed
1534 940 1751 986 vulgatiffima
1763 942 1866 977 hodie

1110 992 1226 1016 eorum
1238 982 1282 1016 est
1297 985 1334 1017 ad
1347 987 1508 1028 majorem
1520 985 1687 1034 responsio
1698 1013 1707 1026 ,
1719 1003 1790 1024 eam
1803 992 1866 1026 hac

1112 1030 1319 1065 distinetione
1353 1032 1518 1069 declinare
1552 1048 1729 1072 conantur,
1777 1040 1866 1075 Alias

1112 1080 1339 1127 praedifflones
1361 1086 1454 1128 ajunt
1466 1083 1629 1120 absolutas
1641 1112 1652 1127 ‚
1678 1088 1750 1123 alias
1761 1088 1868 1138 hypo—

1112 1130 1250 1164 theticas
1265 1144 1273 1165 t
1286 1131 1538 1176 praedictionem
1551 1139 1680 1171 Danielis
1691 1138 1732 1172 de
1743 1139 1869 1173 adven-

1111 1190 1144 1214 tu
1160 1182 1257 1226 Messiae
1267 1180 1516 1228 hypotheticam
1531 1183 1592 1218 effe
1605 1210 1615 1225 ‚
1644 1185 1664 1219 fi
1678 1189 1784 1222 modo
1805 1200 1867 1234 po-

1111 1229 1206 1276 pulus
1217 1229 1281 1263 suis
1299 1233 1439 1276 peccatis
1457 1236 1524 1277 ejus
1536 1235 1713 1269 adventum
1732 1250 1800 1270 non
1813 1251 1866 1271 re-

1111 1279 1262 1316 tardaret,
1276 1292 1333 1326 per
1344 1282 1575 1327 populiautem
1590 1295 1723 1330 peccata
1734 1286 1864 1327 stetisse,

1109 1327 1203 1374 quod
1215 1339 1364 1374 tempore
1383 1329 1400 1364 a
1415 1333 1536 1369 Daniele
1545 1337 1772 1379 praenunciato
1785 1336 1862 1382 Mes:-

1100 1377 1158 1422 stru
1174 1390 1244 1411 non
1256 1379 1394 1414 venerit.

1106 1573 1278 1616 lutiffirne,
1298 1586 1358 1610 nec
1370 1589 1390 1611 u
1406 1577 1435 1611 la
1445 1581 1636 1625 cujusquam
1649 1580 1860 1616 conditionis

1107 1625 1141 1657 in
1154 1624 1215 1659 hac
1228 1624 1445 1673 promiffione
1457 1628 1510 1661 vel
1521 1628 1613 1675 apud
1633 1632 1785 1666 Danielem
1806 1633 1859 1668 vel
1878 1642 1909 1681 hy

1107 1672 1208 1715 alibi,
1222 1672 1406 1710 tenuissima
1417 1676 1461 1711 est
1473 1677 1710 1715 subindicatio.
1878 1690 1939 1718 tica.

1153 1723 1310 1759 Praeterea
1320 1727 1420 1770 Messiae
1429 1727 1591 1762 adventus
1607 1741 1645 1762 ex
1655 1728 1740 1765 merz'i
1753 1730 1863 1778 gratia

1108 1776 1143 1808 &
1161 1772 1382 1810 misericordia
1397 1775 1506 1810 divinfi
1524 1777 1702 1825 profluxit,
1728 1778 1862 1828 ejusque

1108 1824 1282 1871 primarius
1298 1823 1419 1872 scopus
1436 1823 1500 1860 fuit
1515 1838 1726 1873 peccatorum
1747 1831 1865 1875 populi

1109 1871 1275 1914 abolitio‚·
1297 1876 1343 1907 ita
1357 1873 1438 1907 nihil
1452 1887 1529 1909 eum
1548 1875 1668 1922 aparte
1681 1877 1862 1912 hominum

1108 1925 1218 1970 potuit
1237 1925 1411 1965 remorari,
1429 1925 1487 1970 qui
1505 1922 1547 1958 ab
1567 1927 1667 1959 unico
1681 1928 1745 1961 Dei
1756 1925 1863 1960 bene-

1108 1970 1229 2019 placito
1240 1998 1250 2014 ,
1273 1976 1308 2008 ὃ(
1321 1972 1400 2021 purfi
1419 1972 1496 2019 puta
1508 1973 1611 2020 gratia
1631 1973 1783 2011 absolute
1797 1975 1863 2010 de-

1107 2021 1291 2068 pendebat:
1305 2026 1340 2058 &
1353 2022 1489 2057 minime
1501 2024 1652 2058 omnium
1664 2036 1836 2071 peccatum
1845 2048 1860 2066 ,

1106 2071 1381 2119 quandoquidem
1393 2071 1554 2107 adventus
1565 2072 1617 2106 ille
1629 2076 1729 2118 Messiae
1742 2086 1859 2108 remo-

1105 2121 1213 2156 vendo
1231 2125 1266 2156 &
1282 2121 1485 2157 destruendo
1497 2132 1639 2168 peccato
1650 2121 1742 2156 unice*
1754 2121 1770 2157 ὲ
1780 2123 1859 2157 Deo

1105 2169 1281 2204 destinatus
1293 2170 1404 2205 fuerit.

1151 2219 1306 2263 Denique
1324 2217 1416 2263 quod
1437 2217 1573 2253 tandem
1597 2221 1716 2267 populi
1736 2231 1857 2267 pecca»-

1102 2274 1171 2298 tum
1192 2268 1290 2312 Messiae
1300 2267 1482 2301 adventum
1507 2279 1656 2315 ternpore
1669 2270 1854 2317 praestituto

1100 2314 1264 2359 impedire
1276 2317 1408 2362 potuit?
1437 2316 1474 2350 Id
1485 2317 1570 2351 certe
1583 2319 1737 2364 oportuit
1746 2319 1854 2353 multo

1100 2362 1189 2397 fuiffe
1201 2367 1311 2406 majus
1329 2364 1396 2398 aliis
1415 2365 1665 2411 quibuscunque
1684 2380 1754 2415 quae
1774 2378 1854 2403 ante

1098 2411 1226 2447 Danielis
1249 2414 1320 2447 dies
1335 2412 1540 2449 admiserunt
1568 2429 1575 2449 :
1608 2428 1683 2450 nam
1704 2416 1754 2451 his
1779 2429 1855 2463 quas

1099 2463 1219 2509 prioris
1237 2464 1400 2510 templi&
1412 2463 1501 2498 urbis
1522 2465 1681 2500 excidium
1693 2465 1852 2512 procura—

1096 2522 1173 2545 runt
1190 2522 1260 2546 non
1279 2512 1486 2548 obstantibus
1503 2539 1514 2554 ,
1533 2514 1696 2561 templum
1716 2518 1750 2549 &
1770 2514 1851 2549 utbs

1097 2560 1242 2595 restituta
1254 2562 1324 2595 (unt
1337 2565 1371 2596 δε
1388 2561 1608 2609 promiffiisest
1625 2566 1756 2608 Messias:
1781 2568 1849 2606 jam

1097 2609 1176 2644 vero
1186 2609 1207 2642 fi
1216 2621 1341 2644 reatum
1350 2610 1571 2645 crucifixionis
1583 2615 1682 2658 Messlae
1691 2613 1849 2661 excipias,

1094 2661 1209 2706 (quem
1220 2656 1267 2693 illi
1278 2670 1399 2706 negant
1409 2656 1500 2694 fuiffe
1511 2664 1704 2706 peecatum)
1715 2664 1845 2696 nullum

1094 2706 1183 2741 aliud
1196 2707 1362 2755 peculiare
1379 2707 1536 2743 delictum
1556 2709 1597 2744 ab
1615 2713 1654 2745 iis
1670 2708 1844 2746 admissum

1092 2758 1246 2804 legimus,
1256 2757 1350 2804 quod
1363 2759 1530 2804 prioribus
1539 2771 1656 2794 eorum
1668 2758 1844 2796 sceleribus

1092 2805 1337 2854 supereminuit.
1364 2808 1482 2842 lemnii
1492 2807 1674 2854 caeterisque
1692 2809 1844 2856 Prophe-

1092 2857 1132 2889 tis
1144 2855 1300 2900 testibus5
1311 2855 1497 2891 idololatria
1510 2878 1519 2891 ‚
1529 2857 1739 2898 adulterium,
1751 2861 1843 2894 ince-

459 2010 769 2050 QuAEsTro
810 2015 897 2045 xvr.

298 2092 343 2117 An
356 2082 540 2131 ftptuaginta
568 2086 715 2120 Danielis
740 2087 915 2124 hebdomadae
940 2090 1052 2126 abunde

327 2135 498 2168 convincant
506 2135 659 2170 Iudaeorum
667 2139 863 2182 pertinaciam
875 2165 884 2178 ,
903 2140 941 2177 ά·
953 2141 1021 2175 cla-

369 2180 476 2227 rissimc}
496 2183 684 2229 demonstrent
701 2185 874 2229 jamdudum
887 2187 980 2222 Mes-

462 2228 540 2264 fiam
557 2233 661 2278 Venisse
676 2234 705 2265 in
715 2235 880 2271 mundum?

379 2309 528 2345 Uamdiu
559 2310 756 2357 Judaeotum
790 2310 895 2346 oculis
928 2313 1049 2349 erroris

377 2357 486 2393 velum
505 2355 587 2403 justri.
614 2363 678 2396 Dei
701 2361 810 2396 dextrfi
838 2360 1046 2402 obvolvitur,

291 2416 395 2440 nemo
420 2408 457 2441 iis
479 2410 660 2457 quicquam
688 2409 812 2445 etiamsi
834 2410 1045 2457 persuadeat,

290 2455 489 2499 persuaserit:
499 2457 554 2492 sed
567 2460 660 2506 quod
672 2471 790 2507 praeter
801 2462 860 2494 alia
872 2463 1043 2508 Scripturae

287 2504 373 2544 ioca,
384 2518 421 2539 ex
431 2507 556 2549 Dan.9.
570 2520 636 2542 tam
649 2511 735 2543 clara
746 2508 799 2542 lux
808 2508 986 2556 affulgeat,
1005 2522 1042 2546 ut

288 2552 330 2586 de
341 2553 487 2589 adventu
503 2556 605 2605 Messc'ae
623 2558 749 2592 dudum
761 2561 928 2604 praeterito
939 2559 1039 2594 obsti-

289 2602 452 2638 natiffime
471 2608 841 2652 neganteseonvincere
859 2611 893 2642 &
910 2607 1039 2644 αὐτοκα-

289 2655 431 2697 ταιεςίτες
448 2653 586 2689 reddere
600 2667 672 2704 apta
681 2654 720 2689 sit
740 2681 750 2696 ,
773 2655 822 2689 his
836 2660 1039 2703 argumentis

289 2702 534 2740 concludimus-

130 2757 258 2792 Prolues-
337 2750 461 2786 Primo.
495 2757 606 2799 Qem
626 2752 693 2786 Dei
711 2753 1037 2800 Spiritusventurum

123 2796 267 2844 fiaeadven-
288 2799 323 2832 in
345 2802 507 2836 mundum
528 2802 789 2837 &occidendum
804 2805 1039 2852 praenunciavit

127 2845 219 2893 ’ΠΨ
287 2847 488 2899 septuaginta
517 2863 681 2886 annorum
709 2852 936 2888 hebdomadis
962 2855 1036 2902 post

125 2884 242 2947 ΞΞΪἽΜ
288 2898 458 2934 decretum
480 2901 522 2936 de
542 2901 755 2936 restaurandis
781 2903 1037 2947 Hierosolymis,
1089 2903 1167 2945 stus,
1182 2904 1409 2945 homicidium,
1423 2909 1458 2939 &
1471 2916 1571 2938 omne
1583 2917 1682 2953 genus
1692 2907 1842 2954 gravissi-

149 2940 176 2956 ’Υ
209 2939 217 2947 ’
286 2947 520 2988 isjamdudum
538 2951 672 2985 venitin
687 2951 846 2985 mundum
861 2955 896 2987 δε
909 2952 1034 2988 occisus
1089 2965 1218 2987 marum
1236 2953 1447 2997 iniquitatum
1467 2954 1499 2986 in
1511 2965 1551 2986 eo
1567 2955 1840 3001 populofuerunt

286 2995 353 3027 est:
381 3000 481 3045 Atqui
494 3001 701 3047 DeiSpiritus
713 3003 1034 3048 praenunciavitMes-
1085 3000 1344 3049 frequentiffima
1355 3001 1412 3036 sub
1424 3003 1550 3049 templo
1571 3006 1692 3049 priori,
1717 3006 1838 3052 quibus

276 3043 354 3088 fiam
364 3057 536 3083 venturum
549 3051 582 3083 in
592 3050 750 3084 mundum
764 3055 798 3085 δέ
811 3051 1031 3096 occidendum
1086 3064 1153 3086 non
1170 3050 1428 3097 impedientibus
1439 3053 1610 3098 promissio
1621 3055 1659 3087 de
1671 3058 1768 3100 Messiae
1779 3056 1837 3090 ad-

278 3088 486 3139 septuaginta
518 3111 678 3133 annorum
706 3099 931 3135 hebdomadis
957 3101 1030 3149 post
1084 3112 1181 3136 ventu
1203 3100 1288 3135 facta
1311 3099 1376 3134 est:
1402 3100 1475 3147 post
1495 3101 1572 3136 vero
1589 3114 1720 3151 tempus
1739 3107 1835 3148 Messiae

282 3139 448 3184 decretum
468 3145 511 3181 de
534 3148 747 3186 restaurandis
768 3149 1028 3198 Hierosolymis:
1080 3150 1233 3188 adventui
1241 3149 1456 3197 praestitutum
1469 3175 1479 3192 ,
1499 3151 1531 3184 in
1541 3153 1657 3200 primis
1674 3152 1744 3201 post
1755 3152 1836 3185 ulti-

1743 3212 1833 3234 niam

1161 587 1406 635 Argumentum
1431 589 1499 626 hoc
1525 592 1661 638 Judaeos
1687 593 1863 630 misen-ime
1882 606 1973 634 Multa

1112 646 1245 683 torquet
1262 664 1272 680 ‚
1290 643 1320 673 δι
1338 651 1374 673 ut
1393 640 1610 688 responsionis
1628 643 1771 692 aliquam
1789 657 1863 679 urn-
1880 645 2010 684 Iudaevrm
2028 650 2036 685 .’

1110 684 1203 720 bram
1223 688 1263 722 ad
1282 686 1472 724 faciendum
1493 693 1654 738 populum
1675 695 1861 735 inveniant,
1884 699 1895 714 ²
1917 690 2036 741 “giafbf

1110 736 1142 769 in
1151 738 1254 770 varias
1264 735 1293 771 se
1305 738 1430 773 formas
1444 742 1650 785 conjiciunt,
1663 743 1864 779 sedomnino
1876 730 2008 767 smmum
2034 781 2036 786 ,

1156 1426 1312 1475 Replico.
1341 1428 1481 1463 Nullum
1491 1429 1557 1465 hoc
1574 1431 1654 1467 loco
1673 1433 1859 1471 distinetio-
1879 1438 2007 1477 Promissio
2032 1446 2033 1462 ³

1108 1477 1255 1510 nisistius
1266 1476 1359 1510 usum
1372 1476 1457 1512 effe:
1482 1491 1556 1513 nam
1576 1484 1679 1527 Messiae
1698 1483 1860 1518 adventus
1878 1477 2003 1529 adv-eam
2022 1498 2023 1504 ¹

1107 1526 1137 1558 in
1149 1525 1306 1573 praedieto
1317 1536 1383 1560 tem
1411 1539 1470 1561 ore
1487 1529 1660 1576 promissus
1680 1530 1741 1566 fuit
1760 1530 1861 1566 abso-
1879 1521 1978 1556 Messoe

1836 1583 1844 1589 .
1873 1560 2000 1599 ficitabfi-

1877 1602 1932 1631 luta
1939 1615 1988 1633 non
2028 1595 2037 1634 ’,ἶ

1907 1645 1994 1688 ponbe7
2028 1677 2030 1698 ζ
