2048 3343
135 219 400 282 fontibus
462 213 875 275 accuratissima
916 232 1256 300 temporum
1309 214 1714 300 supputatione
1771 206 1963 281 rerum

135 305 420 389 principia
449 303 518 364 ὅτ
549 298 874 383 progressus
905 316 1296 384 exponuntur.
1341 300 1438 364 Ut
1468 302 1734 384 omnino
1753 324 1965 365 verum

137 388 207 449 fit
237 430 253 452 ‚
302 383 478 452 unam
516 383 710 449 solum
732 383 1218 466 Chronologiam
1256 382 1365 449 effe
1408 384 1603 450 lucem
1659 387 1729 451 &
1769 384 1965 449 facem

137 473 413 541 omnium
449 470 720 532 veterum
762 473 1161 530 narrationum
1204 471 1271 532 &
1311 476 1746 531 memoriarum.
1879 495 1963 534 uae

132 579 270 617 cum
305 573 645 639 temporum
672 556 912 630 injuria,
946 552 1411 617 &scribentium
1444 554 1852 640 defectu-quan
1900 581 1961 619 o-

130 662 248 725 que
279 638 484 701 seriem
514 642 583 703 ὅζ
614 640 1128 700 continuationem
1154 637 1312 700 suam
1334 642 1748 724 interrumpat,
1780 644 1846 704 δε
1865 665 1961 705 va-

132 731 237 786 rias
273 725 679 790 historicorum
709 722 1209 787 dinumerationes
1238 722 1546 787 exhibeats
1593 724 1856 809 praeclare
1891 729 1960 790 &

132 810 308 870 ardue
332 810 408 871 de
434 817 554 885 ejus
579 807 825 868 utilitate
853 807 937 867 illi
960 806 1233 870 doctores
1258 811 1454 869 meriti
1479 808 1789 877 videntur,
1821 815 1956 895 qui,

129 894 414 977 quicquid
437 894 538 952 hic
568 892 789 955 vastum
823 889 902 950 est
921 893 1430 974 &interruptum‚
1461 894 1717 957 breviter
1750 898 1818 958 &
1836 894 1962 980 per-

130 978 324 1063 spicue
353 973 766 1058 digesserunt-2.
831 974 940 1034 Ob
967 974 1119 1036 hanc
1149 974 1371 1037 causam
1397 1018 1413 1041 2
1454 979 1619 1058 quod
1644 981 1959 1065 antiquitus

125 1062 397 1122 usitatum
417 1078 569 1132 erat,
605 1059 1279 1136 SERENISSIME
1323 1060 1955 1133 PRINCIPUM‚

128 1164 193 1208 ut
229 1149 466 1229 Rege‘m
507 1143 606 1206 vel
653 1144 992 1226 Principem
1030 1141 1286 1217 adituri,
1326 1142 1566 1206 solenne
1603 1165 1824 1210 munus'
1854 1149 1961 1210 ali-

126 1230 294 1314 quod
317 1229 531 1292 offerre
559 1227 780 1290 soleant
814 1277 832 1301 ,
871 1248 993 1312 quo
1021 1226 1128 1288 sibi
1158 1231 1320 1289 viam
1347 1228 1675 1311 praestruant
1693 1276 1710 1299 ,
1745 1235 1814 1296 &
1843 1234 1959 1295 adi-

127 1333 295 1378 tum3
338 1314 505 1376 idem
524 1335 683 1376 nunc
713 1312 916 1376 nostris
959 1313 1328 1397 temporibus
1360 1312 1656 1390 exhibeO,
1700 1318 1772 1379 &
1800 1319 1959 1379 Sere-

125 1398 366 1461 niffimo'
395 1401 539 1461 Tuo
574 1399 835 1461 Nomini
859 1440 876 1464 ‚
918 1396 1218 1459 levidense
1256 1396 1670 1461 munusculum
1708 1399 1828 1462 hoc
1853 1402 1959 1463 Hi-

124 1482 923 1564 storico-Chronologicum
948 1482 1221 1544 inscribo.
1284 1484 1519 1544 Anotor
1557 1489 1677 1560 ejus
1712 1486 1790 1545 est
1833 1489 1956 1549 Ro-

124 1570 321 1630 bertus
349 1568 581 1630 Baillius
603 1613 621 1635 ,
664 1571 776 1635 Vir
794 1565 989 1629 seculo
1014 1565 1118 1630 suo
1145 1567 1389 1650 dignus,
1428 1568 1956 1646 &eruditiffimus‚

125 1657 186 1714 in
214 1654 546 1714 Academia
572 1650 913 1732 Glasguenfi
943 1654 994 1713 S.
1014 1654 1064 1712 S.
1087 1651 1443 1735 Theologiae
1483 1655 1551 1715 &
1568 1653 1959 1715 Historiarum

124 1735 453 1803 Professor,
488 1738 591 1822 qui
618 1735 913 1797 methodo
943 1735 1235 1797 scribendi
1265 1737 1696 1820 compendiosa
1726 1739 1757 1797 a
1786 1761 1954 1825 mun-

124 1820 187 1882 di
211 1819 463 1882 exordio
480 1864 496 1887 ,
537 1819 610 1879 ad
636 1821 1014 1881 Constantini
1043 1823 1255 1904 Magni
1278 1837 1543 1906 tempora
1561 1870 1578 1895 ,
1607 1844 1857 1883 omnem
1879 1823 1955 1884 sa-

124 1907 340 1968 crae&
381 1903 634 1990 profanae
677 1903 924 1966 historiae
970 1905 1177 1968 seriem
1203 1955 1220 1979 ,
1282 1909 1438 1980 juxta
1479 1905 1956 1969 accuratissimam

122 2008 464 2074 temporum
491 1990 965 2074 supputationem
982 2007 1102 2052 tam
1120 1989 1431 2051 artificiose
1448 1991 1517 2053 &
1534 1990 1830 2072 eleganter
1846 1991 1954 2069 dis.

122 2073 316 2160 posuit
342 2118 358 2141 ‚
422 2091 488 2136 ut
513 2073 791 2136 omnibus
821 2074 940 2136 aliis
966 2117 984 2142 ,
1029 2079 1131 2159 qui
1151 2074 1253 2138 vel
1279 2075 1427 2137 olim
1452 2074 1552 2138 vel
1578 2096 1762 2158 nuper
1785 2077 1852 2136 ea
1878 2076 1956 2138 de

123 2181 183 2219 re
212 2160 652 2232 tractaverunt,
707 2182 782 2219 ex
831 2181 1001 2243 aequo
1027 2158 1285 2245 palmam
1324 2162 1624 2244 praeripere
1666 2158 1951 2224 videatur.

124 2244 338 2304 Praeter
366 2246 526 2304 enim
567 2246 847 2319 eximiam
894 2247 963 2308 &
1006 2243 1532 2328 incomparabilem
1576 2247 1695 2318 ejus
1739 2244 1954 2306 doetri-

119 2350 258 2388 nam
275 2377 292 2402 ,
339 2330 407 2391 &
433 2326 838 2408 orthodoxam
866 2329 1253 2411 religionem,
1282 2345 1403 2388 tam
1430 2327 1541 2388 alte
1559 2329 1624 2390 &
1653 2328 1953 2412 perspicue

122 2414 172 2472 S.
194 2415 493 2497 Scripturae
524 2412 941 2475 authoritatem
961 2435 1038 2477 ex
1068 2414 1334 2476 Hebraeis
1364 2411 1698 2474 Codicibus
1726 2412 1951 2476 deriva-

121 2515 275 2570 tam,
316 2515 517 2558 contra
546 2501 858 2560 acerrimos
890 2502 1149 2561 veritatis
1178 2497 1371 2559 hostes
1415 2496 1742 2559 vindicavit
1776 2501 1845 2564 ὃς
1875 2499 1950 2561 ass

122 2581 292 2642 seruit
317 2631 333 2655 ,
391 2598 453 2641 ut
480 2580 956 2645 doetiffimorum
991 2583 1180 2665 Belgii
1210 2582 1385 2642 nostri
1421 2586 1690 2643 virorum
1726 2582 1948 2656 judicio

122 2660 336 2748 dignus'
355 2663 479 2727 non
496 2666 687 2727 solum
703 2666 856 2729 visus
871 2665 1045 2727 fuerit
1059 2716 1075 2741 ,
1092 2669 1194 2749 qui
1210 2665 1452 2750 publico
1468 2666 1637 2727 bono
1649 2666 1911 2750 prodiret
1925 2713 1942 2735 ‚

124 2748 225 2810 sed
242 2754 417 2811 etiam
446 2754 721 2813 omnium
747 2751 1081 2815 commodo
1111 2752 1415 2832 legeretur.
2028 2809 2029 2817 ,

204 2836 435 2918 Accipe
465 2838 671 2918 igitur,
726 2837 1401 2899 SERENISSIME
1444 2834 1945 2899 PRINCEPS

121 2921 241 2978 EL
260 2922 311 2979 E
329 2921 384 2980 C
402 2921 457 2979 T
477 2923 538 2980 O
566 2924 621 2981 R
649 2965 665 2986 ,
725 2923 948 2982 Munus
985 2920 1105 2983 hoc
1133 2919 1516 2981 Illustriffimo
1558 2920 1700 2980 Tuo
1732 2922 1946 2981 Nomi-

127 3005 189 3062 ni
216 3002 553 3087 inscriptum
581 3048 598 3071 2
644 3006 711 3068 &
731 3005 974 3069 admitte
1003 3004 1184 3091 porro
1207 3010 1270 3065 in
1297 3004 1596 3086 augustum
1628 3003 1946 3065 Sacrarium

1708 3089 1940 3156 Tuum,
