2048 3343
124 234 253 274 Rfspomi'e-

123 285 166 304 tur
173 276 210 303 ad
215 274 252 301 ob-

117 319 248 353 jec'ironcm

123 365 238 394 primam.

124 785 207 817 Etiam
217 784 253 811 ad

188 834 210 851 2.

288 123 337 154 90
664 108 954 147 OPERIS

335 182 455 216 Contra
472 180 550 213 hanc
573 176 922 224 sententiani-‘primariae
948 178 1038 224 obje-

289 230 410 264 &iones
429 227 493 263 sunt
512 228 588 262 duae.
633 229 744 262 Prima.
763 226 886 261 Divisio
905 227 967 262 diei
986 240 1040 275 per

288 279 468 327 quadrantes
481 277 613 312 asseritur
621 301 630 316 ,
643 275 693 311 sed
706 290 770 311 non
779 276 936 324 probatur.
947 277 1038 324 Resp.

288 328 432 377 probatio
445 328 535 372 hujus
548 327 644 361 asserti
655 326 700 361 est
712 327 840 365 melior,
860 326 952 372 quam
964 327 1040 367 ulla;

289 392 356 426 quae
370 389 427 425 pro
440 377 596 425 prioribus
611 374 764 410 sententiis
775 374 912 410 affertur:
932 374 1038 410 conse-

288 429 423 475 quentia,
436 428 451 462 ὲ
463 426 608 461 divisione
621 425 724 459 noetis
736 426 768 459 in
780 425 978 472 quadrantes,
1004 426 1041 459 ad

289 477 468 511 divisionem
483 476 543 511 diei
556 477 586 509 in
599 473 740 514 eosdem,
765 474 809 510 est
822 474 920 507 bona:
944 474 1039 520 inpri-

289 527 347 561 mis
359 525 429 561 cum
444 536 575 574 quatuor
596 525 797 572 quadrantum
815 523 875 556 diei
892 522 1040 568 principia

288 577 367 623 pene
381 578 486 610 omnia
500 576 530 609 in
545 571 631 608 sacris
644 573 737 607 literis
751 581 976 606 memorentur,
991 570 1039 603 ni-

287 626 399 659 mirum
412 624 489 658 hora
500 624 603 663 tertia,
627 620 720 660 sexta,
741 632 830 654 nona.
859 620 906 653 Ex
920 619 966 652 his
986 619 1038 653 tri-

287 675 344 709 bus
359 685 463 722 quarta
481 673 588 720 sponte
607 669 756 717 sequitur,
786 667 834 703 seu
847 669 977 716 primam
990 668 1040 703 seu

289 725 504 759 duodecimam
512 719 728 755 nominaveris.

338 771 482 808 Secundo
494 770 657 814 objicitur,
681 765 850 814 supponere
863 764 1040 800 sententiam

291 823 368 856 hanc
382 819 541 857 Christum
557 815 736 852 crucifixum
754 815 832 850 hora
845 816 964 850 circiter
977 814 1039 849 sex-

289 883 318 905 ta
330 896 340 910 ,
371 875 402 905 &
415 868 555 904 tenebras
569 867 660 900 etiam
678 865 807 899 obortas
821 866 899 899 circa
912 865 1040 899 eandem

286 921 393 953 horam
405 943 414 958 ‚
427 928 582 953 totautem
590 918 741 962 Scriptura
753 925 851 948 narrat
859 916 937 948 inter
944 914 1039 949 Chri-

284 969 322 1003 sti
334 968 579 1005 crucffixionem,
595 965 695 998 saltem
709 965 788 998 inter
801 961 977 998 sententiam
986 967 1038 998 Pi-

284 1021 339 1052 lati
353 1020 390 1053 de
403 1016 532 1052 Christo
546 1013 757 1062 crucifigendo
775 1017 807 1048 &
828 1013 980 1047 obortum
993 1024 1037 1047 te-

284 1069 447 1102 nebrarum
460 1092 470 1106 ‚
492 1077 525 1100 ut
538 1065 640 1112 peragi
652 1075 714 1097 tam
727 1063 862 1110 pauxillo
875 1061 970 1110 spatio
982 1075 1037 1110 po-

284 1116 370 1152 tuisse
383 1129 446 1150 non
459 1116 624 1151 videantur.
636 1111 729 1160 Resp.
743 1114 832 1146 Dura
843 1116 874 1147 &
887 1113 986 1161 gravis
995 1112 1038 1146 est

284 1167 348 1201 haec
362 1167 503 1211 objeffitio
517 1190 527 1205 ,
557 1163 775 1209 respondemus
787 1172 889 1196 tamen
903 1162 1037 1209 Scriptu-

284 1229 349 1250 ram
368 1221 399 1251 δι
418 1216 556 1262 optimos
572 1213 714 1246 au&ores
733 1223 798 1245 non
817 1211 1038 1259 intelligendos

285 1266 361 1313 saepe
373 1266 404 1298 in
417 1262 644 1299 Matlicmatico
664 1262 769 1308 rigore
782 1284 790 1296 ,
821 1258 870 1295 sed
880 1259 980 1294 laxius
993 1260 1036 1293 se-

283 1315 418 1349 cundum
431 1312 516 1347 usum
528 1312 647 1346 civilem
661 1314 691 1344 &
705 1309 883 1356 politicum,
897 1310 1036 1355 inprimis

284 1365 337 1398 ubi
351 1364 491 1397 molliens
504 1360 645 1410 particula
657 1358 739 1406 quasi
748 1357 884 1405 expresse
897 1358 1035 1405 adjungi-

284 1425 333 1447 tur
345 1411 603 1459 tempori;omnia
611 1410 714 1455 itaque
721 1406 872 1454 dicipoffe
883 1407 950 1441 aeta
960 1407 1037 1441 hora

285 1463 371 1498 sexta,
385 1475 452 1509 quae
465 1463 542 1495 inter
553 1459 720 1496 terminos,
729 1457 914 1504 principium
927 1454 1038 1490 scilicet

235 1509 240 1516 ⁸
284 1517 314 1547 δεῖ
328 1511 422 1545 finem
435 1511 518 1544 istius
527 1509 611 1542 horae
624 1506 689 1540 sunt
701 1504 795 1540 fa&a:
821 1507 967 1541 &omnia
976 1506 1037 1540 ho-

116 2466 144 2491 A
146 2466 264 2500 rceprrgita

108 2502 199 2540 fabula
208 2506 236 2531 de

116 2543 195 2569 renel»
201 2554 220 2570 rs

116 2589 222 2619 tempore

114 2631 201 2649 crucu.

283 1574 314 1595 ra
328 1561 409 1607 quali
424 1559 501 1593 sexta
514 1558 580 1592 fieri
594 1557 720 1590 dicenda
733 1553 810 1594 sunt,
824 1568 891 1602 quae
899 1555 983 1590 horae
991 1556 1037 1590 di-

282 1611 380 1644 midio
393 1621 461 1643 ante
475 1609 521 1642 vel
533 1605 603 1654 post
616 1605 727 1639 sextam
740 1605 861 1651 pera&a
873 1603 949 1639 sunt.
964 1607 1035 1653 Jam

282 1660 397 1694 veroin
411 1656 582 1706 sesquihora
598 1655 700 1689 multae
712 1655 850 1688 aditiones
864 1657 967 1702 peragi
979 1667 1035 1702 po-

280 1720 418 1749 tuerunt,
433 1707 572 1755 inprimis
585 1705 601 1739 a
613 1706 682 1740 viris
695 1702 961 1739 furore&ma1itia
969 1704 1033 1751 ple-

279 1760 341 1800 nis;
355 1759 408 1806 qui
422 1758 510 1792 omni
524 1756 564 1795 vi,
580 1755 756 1794 omniarte,
776 1752 896 1787 Christi
908 1754 1035 1789 exitium

278 1808 522 1856 dcproperabant
535 1809 566 1840 &
579 1803 817 1852 praecipitabant.
830 1803 959 1837 Prolixae
974 1802 1035 1838 istae

278 1859 356 1891 inter
366 1858 510 1904 Judaeos,
531 1857 666 1888 Pilatum
677 1878 687 1894 ‚
713 1866 748 1887 ac
767 1851 928 1887 Christum
940 1851 1035 1887 disce-

277 1908 446 1954 ptationes:
467 1905 631 1952 flagellatio
641 1927 651 1943 ‚
676 1902 862 1941 coronatio,
886 1902 985 1936 miffio
999 1903 1034 1937 ad

277 1957 427 1991 Herodem
438 1980 448 1995 ,
479 1953 597 1988 ablutio
620 1964 766 1986 manuum
785 1952 901 1988 Pilati,
930 1956 962 1987 δι
980 1953 1035 1986 alia

277 2007 372 2040 multa
383 2006 415 2039 in
427 2003 556 2038 historia
569 2001 710 2048 pastionis
722 2011 892 2035 memorata
911 2003 1034 2049 peraeta

276 2053 359 2094 sunt,
378 2064 543 2102 antequam
561 2052 685 2085 ‘Pilatus
697 2051 839 2085 ultimum
852 2052 884 2084 in
896 2052 1032 2086 tribuna-

279 2104 298 2137 li
312 2103 384 2138 sedit
393 2128 403 2143 ,
421 2102 500 2138 hora
513 2100 593 2149 quali
607 2099 701 2134 sexta:
715 2101 772 2134 iter
785 2110 888 2134 autem
901 2101 932 2134 in
947 2102 1032 2135 Gol-

278 2153 391 2200 gmha,
411 2157 441 2186 ἃ
456 2153 560 2185 omnia
573 2163 640 2197 quae
652 2151 682 2183 in
696 2151 743 2184 via
760 2150 975 2197 contigerunt,
1001 2155 1031 2186 &

278 2200 338 2248 ipsa
350 2201 509 2234 crucifixio
521 2213 554 2233 ac
561 2199 668 2232 divisio
681 2197 826 2237 vestium,
840 2200 936 2233 &alia
943 2213 1032 2234 corn-

278 2251 362 2297 plura
374 2250 469 2287 liora,
489 2261 521 2281 ac
536 2246 650 2280 semisse
663 2258 830 2292 potuerunt
845 2246 932 2280 facile
944 2261 1030 2292 pera-

280 2300 328 2346 gi3
347 2302 376 2333 &
391 2308 496 2332 caetera
508 2297 554 2329 vel
568 2296 597 2328 in
611 2294 707 2330 tribus
721 2295 806 2327 horis
816 2294 1028 2334 tenebrarum,

279 2349 325 2382 vel
339 2360 378 2381 eo
392 2346 462 2393 post
479 2345 620 2379 tenebras
632 2355 790 2389 tempore,
811 2355 876 2389 quo
890 2342 1031 2377 Christus

280 2398 364 2431 vixit,
377 2396 444 2430 aeta
457 2394 531 2428 sunt.

326 2444 474 2480 Praeterea
486 2443 619 2478 tenebrae
633 2441 695 2475 istae
707 2454 771 2474 non
789 2441 928 2475 videntur
940 2439 1033 2489 usque

281 2495 358 2529 adeo
372 2492 467 2529 crassat
475 2497 505 2528 δι
513 2491 679 2540 palpabiles
691 2492 960 2538 acAEgyptiacae‚in
968 2491 1033 2538 qui-

282 2544 338 2578 bus
352 2544 426 2578 nihil
439 2544 605 2591 quicquam
621 2542 722 2588 potuit
735 2541 873 2580 moveri,
896 2539 945 2575 sed
958 2541 1032 2574 tales

260 2630 263 2632 ,
282 2595 385 2640 potius
404 2594 436 2626 in
452 2592 564 2640 quibus
587 2591 750 2624 Dominus
769 2590 905 2636 potuerit
917 2590 1034 2637 alloqui

282 2643 352 2677 cum
365 2643 514 2681 latrones,
529 2651 594 2674 tum
603 2651 730 2673 matrem
744 2651 777 2673 ac
789 2642 944 2678 loannem,
958 2641 1033 2687 quin

282 2693 372 2726 etiam
386 2691 512 2726 astantes
525 2688 621 2736 ipsum
635 2689 767 2735 alloqui,
786 2688 893 2735 illique
906 2689 1032 2722 illudere

280 2742 452 2788 potuerint,
468 2740 524 2774 five
539 2739 694 2787 Origeni5‚
716 2737 772 2772 sive
783 2739 975 2785 Hieronymi,
994 2736 1031 2771 fi-

279 2803 314 2824 ve
326 2794 505 2839 Areopagitae
518 2789 555 2823 de
569 2789 625 2821 illis
638 2786 773 2821 tenebris
787 2784 965 2821 sententiam
980 2799 1029 2821 ac-

278 2850 444 2886 ceptemus.
470 2842 528 2873 Seu
541 2838 623 2872 enim
636 2834 732 2870 craffae
743 2836 857 2875 nubes,
873 2848 943 2870 cum
958 2838 1027 2870 Ori-

275 2892 354 2936 gine,
362 2888 456 2922 solem
470 2888 596 2934 caligine
608 2886 794 2920 involverint
805 2910 815 2924 ‚
834 2898 904 2919 cum
917 2888 1029 2920 Hiero-

279 2950 362 2983 nyma
388 2936 450 2984 ipse
474 2935 516 2970 sol
539 2934 607 2969 suos
632 2935 734 2968 radios
759 2935 917 2968 retraxerit
938 2962 948 2978 ‚
979 2933 1027 2968 seu

281 2998 350 3018 cum
363 2987 495 3033 Dionfflo
508 2987 576 3019 luna
593 2996 750 3018 accurrens
768 2984 895 3017 totalem
914 2981 984 3017 solis
997 2996 1028 3017 e-

282 3034 384 3079 clipsm
399 3035 547 3074 effecerit,
567 3047 632 3068 non
645 3045 746 3068 tamen
759 3032 875 3067 necesse
886 3031 957 3072 fuit,
973 3045 1029 3066 nec

282 3083 376 3115 ullum
392 3085 483 3122 novi,
497 3085 548 3129 qui
558 3082 687 3117 affirmet
698 3093 811 3116 tantam
824 3081 910 3116 fuifle
921 3080 1029 3116 obscu-

280 3132 488 3177 ritatem,quin
501 3133 582 3166 dieta
594 3132 698 3165 omnia
706 3133 901 3178 potuerintin
915 3131 948 3166 efi
962 3144 1029 3179 per-

282 3182 328 3228 agi
343 3194 350 3213 :
371 3179 423 3214 etsi
437 3181 548 3215 modus
563 3181 757 3215 tenebrarum
766 3181 1029 3226 Dionyfiannsval·
1043 3200 1045 3239 ἰ
1061 3193 1148 3216 tuum
1164 3179 1337 3221 Tiberium3
1359 3195 1428 3215 nam
1443 3183 1557 3215 Pilatus
1570 3181 1744 3228 praefidebat
1752 3184 1809 3228 Ju-

1011 108 1453 152 H1sron1c1

1074 180 1111 215 de
1121 179 1274 216 fabulosus
1283 183 1429 218 videatur.
1448 183 1535 232 Qid
1545 186 1628 220 enim
1636 187 1742 222 attinet
1750 190 1826 224 mula

1072 232 1208 278 tiplicare
1222 233 1365 267 miracula
1377 231 1490 281 absque
1502 235 1688 276 necessitate,
1709 250 1742 271 ut
1754 252 1827 285 pro—

1074 293 1112 327 pe
1125 282 1157 314 in
1170 294 1336 317 momento
1349 283 1388 316 ab
1401 294 1472 317 ortu
1487 283 1644 319 advolaret
1658 286 1747 331 plena
1762 289 1830 323 luna

1074 332 1104 364 in
1118 332 1290 372 meridiem,
1304 337 1334 367 &
1348 333 1391 367 ibi
1400 334 1431 366 in
1440 333 1501 367 alio
1514 346 1679 368 momento
1693 332 1720 368 se
1733 339 1831 373 collo-

1073 391 1153 414 caret
1167 382 1198 413 in
1206 382 1358 428 Ecliptica
1370 383 1487 418 differe
1501 380 1553 417 sub
1566 381 1645 424 sole,
1660 396 1693 418 ut
1705 388 1769 429 ejus
1779 397 1831 420 to-

1073 439 1135 462 tam
1148 426 1258 463 faciem
1271 429 1463 471 obscuraret;
1477 433 1587 466 deinde
1601 434 1631 466 in
1645 435 1757 469 eodem
1771 435 1829 469 sta-

1073 487 1105 510 tu
1118 477 1154 510 ad
1167 477 1332 513 trihorium
1345 480 1539 522 confisteret3
1560 483 1688 529 quarto,
1704 495 1737 518 ut
1750 487 1830 532 pari-

1073 537 1121 560 ter
1133 526 1165 559 in
1189 539 1355 563 momento
1381 531 1589 565 retrocederet
1602 533 1637 567 ad
1650 534 1786 579 priorem
1800 535 1830 568 in

1074 586 1145 609 ortu
1159 574 1344 611 stationem?
1364 580 1492 613 Horum
1507 582 1752 629 unumquodque
1764 595 1831 618 tan-

1073 635 1139 658 tum
1154 622 1253 660 fuisset
1266 628 1445 662 miraculum
1459 653 1470 668 ,
1493 640 1641 677 quantum
1656 630 1725 677 ipsae
1744 643 1829 667 tene-

1074 674 1152 708 brae:
1171 679 1202 710 δι
1216 676 1286 710 licet
1299 676 1336 710 de
1349 677 1386 711 iis
1401 678 1554 725 Scriptura
1567 680 1624 715 alte
1637 679 1717 714 fileat
1726 706 1734 719 ‚
1748 684 1831 716 ‘Dio-

1073 725 1163 771 nyfius
1175 736 1278 759 tamen
1297 725 1400 760 scribit
1412 729 1517 762 omnia
1537 727 1594 762 suis
1609 728 1637 763 se
1651 731 1749 765 oculis
1764 730 1830 778 spe-

1074 772 1173 808 ἃὲιίῖε.
1199 774 1285 809 Bene
1296 775 1390 810 habet
1406 776 1492 823 quod
1510 780 1662 826 Origenes,
1684 782 1831 828 Hierony-

1072 835 1156 863 mus,
1188 827 1220 857 &
1242 824 1291 857 alii
1316 826 1470 870 prioribus
1491 826 1595 861 seculis
1620 830 1678 863 viri
1691 830 1779 864 dmsti
1792 831 1830 865 de

1072 870 1268 919 supposititiis
1282 872 1345 908 istis
1359 872 1468 908 fabulis
1481 875 1558 910 nihil
1567 878 1733 925 quicquam
1746 880 1830 914 inau-

1073 921 1212 956 diverint.
1250 924 1348 958 Certe
1363 936 1428 957 non
1442 924 1548 959 debuit
1561 928 1705 961 erdus
1725 929 1830 964 noster

1071 971 1102 1004 in
1117 970 1339 1019 quaestionibus
1356 971 1413 1007 suis
1429 973 1466 1007 ad
1479 978 1572 1010 Matt.
1585 987 1634 1021 27.
1655 976 1724 1010 istas
1742 977 1830 1013 Pseu-

1071 1019 1297 1069 doareopagitae
1316 1021 1418 1056 lberas
1436 1024 1547 1057 naenias
1561 1048 1571 1064 ‚
1603 1038 1731 1072 quarum
1749 1027 1829 1074 ipsos

1071 1069 1253 1105 Pontificios
1265 1071 1359 1118 pudet
1367 1096 1377 1111 ,
1389 1072 1570 1120 approbare.

1245 1171 1545 1205 QtIAESTIO
1586 1171 1654 1201 XV'.

1070 1221 1125 1253 *De
1135 1232 1257 1253 numero
1271 1222 1451 1265 Paschatum
1469 1221 1488 1254 a'
1511 1224 1667 1272 ‘Baptismo
1684 1224 1729 1258 ad
1740 1237 1827 1257 mor-

1345 1282 1404 1304 tem
1417 1272 1542 1306 Christi.

1067 1358 1191 1444 INter
1197 1370 1306 1391 omnes
1314 1358 1542 1408 chronologos
1549 1362 1808 1408 antiquos,n0vos

1112 1407 1241 1441 celebris
1254 1406 1297 1441 est
1310 1408 1374 1442 haec
1393 1409 1538 1456 quaestio,
1563 1413 1642 1444 inter
1660 1411 1802 1459 plerosqu

1068 1518 1137 1539 nam
1156 1504 1257 1539 fateor
1270 1518 1304 1539 ea
1319 1505 1362 1539 est
1382 1507 1557 1554 aliquorum
1576 1511 1735 1555 prudentia
1747 1533 1757 1548 ‚
1791 1522 1824 1544 ut

1068 1567 1148 1603 quos
1161 1553 1276 1589 solvere
1294 1567 1451 1602 nequeunt
1463 1551 1567 1591 nodos
1585 1558 1719 1592 intafms
1731 1562 1762 1593 ὃ(
1775 1560 1825 1593 in-

1068 1605 1245 1638 nominatos
1257 1604 1426 1640 transiliant.
1449 1605 1591 1655 Qaestio
1602 1608 1693 1641 etiam
1707 1607 1751 1642 est
1759 1621 1826 1643 ma-

1067 1655 1119 1702 gni
1130 1654 1283 1688 momenti
1291 1667 1301 1695 ;
1321 1666 1391 1689 nam
1405 1655 1443 1689 ab
1457 1659 1492 1691 ea
1506 1656 1619 1703 pendet
1631 1667 1710 1691 certa
1724 1658 1826 1692 deter-

1067 1704 1196 1739 minatio
1209 1716 1362 1738 annorum
1374 1704 1492 1739 Christi
1504 1708 1536 1739 in
1550 1706 1655 1740 terris:
1669 1706 1735 1741 imo
1749 1720 1824 1755 pro-

1067 1765 1100 1788 ut
1113 1766 1146 1787 ea
1158 1751 1285 1788 solvitur
1297 1755 1392 1790 totius
1407 1753 1492 1789 sacrae
1505 1755 1740 1804 Chronologiae
1752 1769 1826 1791 cor-

1066 1816 1120 1851 pus
1132 1803 1190 1837 hac
1202 1816 1239 1837 ex
1251 1815 1354 1850 parte,
1372 1804 1421 1840 vel
1435 1805 1522 1840 reete
1538 1806 1764 1853 compingitur,
1776 1807 1823 1841 vel

1066 1852 1153 1901 prave
1167 1853 1285 1891 luxatur
1292 1854 1397 1894 unius,
1412 1854 1562 1894 duorum,
1574 1866 1623 1888 aut
1632 1856 1762 1901 plurium
1771 1868 1824 1889 an-

1065 1916 1179 1937 norum
1197 1902 1358 1939 necessaria
1371 1903 1529 1938 additione
1541 1917 1550 1944 ;
1581 1904 1630 1939 vel
1642 1917 1708 1938 non
1721 1905 1824 1939 minus

1064 1951 1226 1988 necessaria
1239 1953 1441 1988 detractione.
1466 1954 1544 1987 Tale
1551 1964 1652 1988 autem
1661 1953 1705 1988 est
1714 1954 1824 1989 Chro-

1065 2003 1201 2051 nologiae
1213 2014 1325 2050 corpus
1338 2014 1371 2038 ut
1386 2006 1450 2047 ejus
1463 2014 1574 2037 omnes
1594 2014 1673 2037 artus
1685 2003 1727 2038 ita
1740 2003 1825 2038 arete

1064 2053 1238 2094 cohaereant
1258 2065 1313 2100 per
1337 2052 1578 2087 Astronomicos
1591 2056 1622 2088 δι
1636 2052 1824 2087 Chronolo-

1064 2103 1152 2150 gicos
1165 2102 1308 2142 circulos,
1323 2101 1384 2136 utfi
1394 2103 1427 2136 in
1440 2102 1547 2136 diebus
1562 2101 1675 2136 nedum
1689 2102 1773 2134 annis
1787 2100 1822 2133 fit

1063 2165 1150 2186 error
1164 2162 1214 2186 aut
1226 2152 1368 2191 variatio,
1389 2162 1454 2185 tota
1468 2150 1560 2184 facies
1573 2150 1644 2183 coeli
1655 2173 1665 2188 ,
1693 2160 1821 2197 totaque

1063 2214 1228 2247 compages
1241 2211 1419 2245 temporum
1437 2200 1590 2232 alteretur.

1111 2250 1262 2296 Qinque
1275 2248 1325 2280 hic
1333 2246 1399 2279 sunt
1411 2247 1562 2293 principes
1575 2245 1738 2282 sententiae.
1752 2248 1817 2281 Pri-
1832 2249 1925 2276 Prima
1933 2249 1986 2284 sm.

1062 2308 1111 2328 ma
1122 2296 1166 2328 est
1178 2298 1276 2328 Irenaei
1289 2293 1424 2328 adversus
1443 2294 1568 2328 haereses
1588 2296 1642 2330 lib.
1651 2309 1675 2330 2.
1692 2310 1759 2343 cap.
1768 2310 1814 2342 39.
1830 2293 1967 2356 ἓῖἶῖζζΐ

1831 2375 1883 2395 tter.
1903 2356 1911 2364 -r

1063 2344 1239 2378 ascribentis
1249 2342 1379 2377 Christo
1388 2356 1485 2377 annos
1498 2343 1695 2393 quadraginta
1708 2345 1754 2391 sex
1769 2357 1818 2380 aut

1063 2393 1297 2441 quinquaginta,
1319 2394 1464 2440 ponentis
1475 2405 1577 2428 tamen
1589 2394 1776 2442 Baptismum
1788 2397 1820 2429 in

1064 2455 1147 2476 anno
1160 2441 1327 2482 tricesimo,
1341 2442 1532 2489 prouthabet
1540 2444 1738 2492 Evangelista:
1748 2458 1819 2479 cum

1064 2493 1166 2539 itaque
1179 2491 1250 2539 post
1273 2491 1461 2541 Baptismum
1483 2493 1592 2540 viginti
1618 2505 1668 2528 aut
1688 2492 1820 2528 sedecim

1065 2542 1227 2576 minimum
1241 2554 1337 2575 annos
1350 2543 1496 2576 Domino
1515 2542 1654 2576 attribuit
1668 2568 1678 2583 ‚
1703 2543 1820 2578 necesse

1065 2591 1125 2631 est,
1153 2603 1186 2626 ut
1200 2602 1252 2625 tot
1265 2589 1406 2625 Paschata
1423 2590 1493 2638 post
1509 2590 1696 2638 Baptismum
1711 2606 1820 2628 nume-

1064 2641 1155 2675 randa
1167 2639 1325 2675 censuerit.
1361 2640 1565 2689 eAugustinus
1584 2645 1617 2676 &
1636 2642 1686 2675 alii
1699 2640 1819 2676 senten-

1063 2691 1136 2725 tiam
1149 2690 1227 2724 hanc
1242 2687 1406 2724 refutantes
1423 2691 1563 2725 videntur
1583 2703 1651 2725 eam
1672 2690 1818 2725 ascribere

1062 2739 1200 2786 pluribus
1208 2751 1300 2785 quam
1314 2742 1426 2779 Irmaeo,
1437 2740 1553 2773 nullum
1565 2751 1666 2774 tamen
1675 2741 1816 2775 nomina-

1062 2791 1118 2823 tim
1131 2789 1203 2836 lego
1217 2799 1324 2835 praeter
1335 2792 1482 2825 Jremzum,
1494 2789 1620 2836 quieam
1634 2787 1815 2823 defenderit.

1062 2839 1158 2874 Certe
1170 2849 1317 2885 repugnat
1325 2838 1491 2872 manifestis
1501 2838 1660 2884 scripturis,
1669 2850 1738 2871 nam
1746 2850 1815 2871 cru-

1061 2886 1166 2921 cifixus
1178 2887 1222 2920 est
1240 2888 1401 2921 Dominus
1420 2888 1472 2921 sub
1485 2890 1585 2920 Pomm
1599 2887 1697 2919 Pilato
1715 2888 1815 2932 impe—

1061 2947 1145 2969 rante
1162 2935 1277 2968 ‘Tiberio
1287 2960 1297 2974 ‚
1317 2939 1403 2980 cujus
1415 2948 1497 2970 anno
1511 2935 1748 2982 decimoquinto
1761 2936 1816 2970 ba-

1061 2985 1188 3031 ptizatus
1205 2995 1275 3018 erat
1299 2985 1470 3018 Dominus.
1509 2985 1540 3018 Si
1557 2995 1657 3018 autem
1672 2997 1815 3019 mortuus

1061 3046 1125 3067 non
1139 3031 1237 3067 fuisset
1250 3043 1318 3067 ante
1329 3033 1614 3080 quinquagesimum
1627 3046 1677 3068 aut
1686 3035 1814 3081 quadra-

1062 3082 1208 3130 gesimum
1221 3081 1352 3122 sextum,
1366 3093 1492 3129 oportet
1507 3094 1540 3117 ut
1552 3081 1642 3117 fuerit
1654 3083 1748 3131 passus
1761 3085 1812 3118 diu

1061 3132 1131 3178 post
1143 3142 1317 3165 revocatum
1334 3145 1370 3165 ex
1380 3132 1487 3179 Judaei
1500 3134 1633 3165 Pilatum
1650 3158 1659 3172 ,
1685 3137 1715 3168 δε
1729 3146 1813 3167 mor-

1743 3232 1811 3264 daeae

1809 1387 1820 1403 ³
1835 1388 1979 1425 Qmstionbs

1805 1426 1821 1446 e
1834 1439 1943 1457 memen-

1068 1457 1158 1490 etiam
1175 1457 1335 1504 Evangelii
1354 1458 1535 1505 interpretes
1542 1473 1552 1499 ;
1579 1462 1629 1503 ajo
1641 1459 1821 1508 plerosque,
1835 1477 1902 1496 tumr
