2048 3343
206 943 248 966 10.

205 1344 251 1364 11.

158 2125 195 2152 N
192 2133 221 2151 on
232 2121 279 2149 ml·

156 2175 200 2193 aus
209 2163 290 2198 abstar-

155 2205 189 2233 da
202 2205 270 2232 conv*

158 2253 298 2277 metuantur

156 2291 185 2318 u'n
193 2295 265 2324 caput

157 2329 267 2358 duodeci-

159 2382 231 2399 mum.

310 115 389 169 '248
671 120 977 158 Orizitis

309 194 388 228 licet
398 202 506 227 totum
525 202 593 239 quo
605 188 801 225 Bai-cuchema
812 192 845 226 in
863 189 896 225 efi
908 189 985 224 urbe
996 187 1058 222 do-

310 241 527 276 minabatur?
556 239 655 275 Certe
677 252 741 275 tres
766 242 813 275 illi
832 240 899 275 dies
914 243 946 273 &
963 238 1059 272 dimi-

312 291 403 326 dium
426 291 484 324 hac
505 291 631 324 ratione
650 291 819 338 longiores
836 299 932 323 erunt
956 287 1061 322 tribus

314 341 406 374 annis
423 343 456 374 &
478 338 615 374 dimidio
631 365 641 378 ‚
668 340 745 373 dato
766 339 853 373 enim
869 338 909 372 ab
919 334 1063 372 extrutffffi

315 388 397 423 AElifi
420 387 567 422 Adriani.
582 388 758 422 undecimo
792 388 830 422 ad
855 387 1062 422 dominatum

311 434 525 478 Barcochevae,
549 436 677 485 ejusque
696 437 937 483 Hierosolymis
964 434 1064 469 Chri-

311 486 487 521 stianorum
510 487 767 533 persecutionem
783 485 903 520 fluxisse
921 496 982 518 tres
993 495 1066 516 tan—

312 535 385 570 tsim
407 548 508 571 annos
528 540 560 570 δέ
578 535 754 571 dimidium
771 535 905 570 Adriani
919 534 1064 566 decimo·

314 596 432 632 quarto
444 599 453 624 3
478 584 561 619 certe
574 586 646 620 inde
656 585 694 622 ad
704 585 778 619 belli
790 583 901 620 finem,
911 593 979 628 quo
989 578 1065 613 sub-

312 633 402 668 versa
412 634 457 669 est
468 632 652 669 Barcochevae
662 633 806 680 potentia
816 630 964 666 eAdn‘am'
974 631 1064 677 vige-

313 683 396 719 simo
408 710 417 723 ,
439 683 603 718 fluxerunt
620 684 694 716 anni
711 681 828 727 integri
849 680 918 714 sex:
946 676 1016 712 imo
1026 678 1064 712 ad

312 733 446 769 Adriani
456 733 619 767 decimum
631 730 788 764 octavum
799 754 808 770 ,
833 728 966 777 quando
979 727 1066 762 Iulius

310 786 438 816 severus
449 783 482 815 in
493 781 572 815 Asiae
584 776 816 814 proconsulatu
828 779 905 825 Rufo
916 776 931 810 s
929 776 1062 811 uffefitus

312 827 502 866 Barcochevae
535 830 717 875 potentiam
749 828 852 873 coepit
876 824 1040 861 refraenare
1052 850 1063 864 ‚

313 877 507 915 transierunt
518 880 594 912 anni
606 890 673 912 non
686 879 851 925 pauciores
862 887 1010 924 quatuor.

362 925 520 962 Decimo.
546 927 729 962 Duotcstes
740 928 880 961 triennio
898 925 954 960 suo
974 923 1066 960 &se-

314 975 402 1012 misse
421 974 666 1024 splendidissima
691 976 846 1010 miracula
872 973 1066 1014 ediderunt,

313 1027 419 1074 qualia
431 1028 531 1074 Adoses
542 1027 575 1060 in
592 1029 738 1074 AEgypto
750 1029 783 1060 δε
794 1024 876 1059 Elias
887 1027 919 1057 in
931 1023 1064 1057 lsra'e'le:

313 1075 397 1110 nihil
408 1086 517 1111 autem
529 1074 684 1119 ejusmodi
695 1075 812 1122 legitur
829 1074 866 1108 de
877 1072 1067 1108 Christianis

314 1125 408 1161 AEliae
419 1125 534 1160 diebus
554 1124 702 1161 Adriani,
721 1123 863 1170 velapud
880 1123 984 1170 ipsum
997 1126 1066 1156 Pro—

313 1170 432 1208 chorum
445 1179 478 1208 δε
490 1171 690 1214 Dorotheum,
707 1170 924 1220 supposititios
942 1172 1067 1205 multo-

313 1235 390 1258 rum
407 1223 560 1259 fictorum
576 1224 808 1259 miraculorum
833 1223 866 1256 in
887 1220 946 1256 isto
963 1219 1068 1255 seculo

313 1274 474 1307 auetores.

364 1324 522 1370 Denique
547 1321 618 1367 post
641 1321 769 1364 testium
802 1319 1065 1354 resurreetionem

315 1381 381 1405 tam
401 1370 554 1405 florentes
572 1373 606 1405 in
626 1372 770 1405 Civitate
789 1369 903 1404 saneta
919 1368 1005 1403 fuere
1017 1381 1066 1402 res

313 1420 578 1455 Christianorum
591 1445 602 1462 ,
624 1425 655 1455 &
677 1420 810 1464 abjectae
820 1420 1064 1453 Idololatrarurn

311 1472 575 1517 Paganoi'um‚ut
585 1468 776 1516 nihilsupra.
796 1470 899 1516 Atqui
911 1467 980 1515 post
993 1471 1068 1501 Bar-

311 1517 440 1553 cochevae
460 1531 575 1554 necem
591 1523 624 1554 &
638 1519 783 1554 devifios
807 1517 940 1564 Judaeos
966 1518 1064 1550 mini-

311 1580 406 1603 mum
417 1567 656 1615 Hierosolymis
665 1569 714 1603 vel
728 1567 1066 1614 Paganaeldololatriae

312 1616 456 1657 decessit,
465 1615 515 1652 vel
527 1616 870 1652 ChristianaeEcclesiae
880 1627 967 1651 extra
976 1616 1067 1655 ordi:

312 1680 388 1702 nem
404 1664 539 1701 acceffit.
563 1668 650 1701 Nam
665 1667 808 1701 Romani
826 1665 1064 1713 perseverarunt

312 1718 348 1751 in
358 1715 438 1751 urbe
450 1715 623 1753 dominari,
643 1719 677 1750 &
687 1716 764 1750 Iovis
776 1714 917 1762 Olympici
933 1715 1063 1749 Idolum

311 1766 345 1801 in
357 1767 459 1800 Zione
470 1764 647 1801 solenniter
657 1766 720 1801 coli
734 1789 743 1805 ,
763 1763 832 1799 imo
845 1763 920 1798 vero
940 1767 973 1799 in
993 1763 1065 1811 ipso

313 1812 428 1850 christi
442 1813 614 1863 sepulchro
631 1816 775 1862 locoque
792 1811 942 1861 paffionis
954 1840 962 1853 ‚
989 1815 1064 1848 loco

314 1865 415 1898 ctiam
427 1867 605 1899 nativitatis
617 1864 821 1900 Bethlehem}
833 1889 841 1902 ‚
853 1864 911 1896 tria
925 1862 1065 1898 nefario—

313 1926 389 1948 rum
402 1915 614 1953 Daemonum,
626 1916 716 1954 Iovis,
727 1913 845 1947 Veneris
855 1936 865 1950 ,
879 1916 909 1945 ὃ(
923 1912 1066 1947 ,Adonidis

313 1962 507 1997 simulachra
528 1963 629 2010 posita
645 1963 738 1998 (unt,
772 1966 803 1997 δέ
821 1961 859 1994 ad
880 1962 1067 1996 Confzann'ni

313 2011 382 2045 dies
401 2011 540 2059 publicis
557 2013 707 2059 quotidie
727 2009 887 2045 sacrificiis
899 2012 1065 2047 honorata.

315 2062 370 2094 De
381 2062 485 2108 capite
497 2061 672 2096 undecimo
686 2073 752 2095 non
765 2062 864 2107 plura.

364 2111 469 2155 Qod
479 2122 575 2157 caput
590 2123 640 2145 12.
660 2109 775 2159 fugam
797 2109 940 2144 mulieris
959 2109 993 2142 in
1011 2107 1067 2142 de-

316 2157 432 2193 sertum
460 2160 497 2193 ad
525 2160 591 2194 dics
611 2160 701 2194 mille
727 2160 884 2193 ducentos
909 2156 1069 2204 sexaginta

317 2206 391 2242 vers.
405 2212 438 2240 6.
472 2211 504 2240 δι
521 2209 558 2241 ad
581 2219 709 2253 tempus
721 2234 731 2246 ,
746 2219 910 2254 tempora,
923 2211 955 2240 &
973 2207 1067 2240 dimi-

315 2256 404 2290 dium
423 2258 584 2302 temporis
601 2255 678 2290 vers.
700 2267 756 2300 14·
777 2258 891 2288 Grotiws
913 2259 944 2287 ἃ
965 2258 1069 2287 Ham-

315 2305 433 2339 mondus
449 2306 700 2352 interpretantur
725 2303 764 2337 de
786 2303 908 2349 duplici
922 2300 1068 2335 Ecclesiae

315 2354 397 2402 fuga
408 2367 444 2388 ex
456 2354 532 2388 urbe
545 2352 652 2388 Roma
662 2353 780 2397 3altera
792 2350 908 2386 Claudii
916 2350 1069 2389 secundo,

314 2403 391 2438 esim
404 2402 533 2437 venisset
543 2403 685 2436 Romam
697 2402 797 2436 Simon
809 2398 977 2450 Magiu,ad
990 2410 1068 2445 prae-

313 2452 513 2490 veniendum
525 2451 571 2486 ibi
582 2453 722 2499 primum
736 2450 997 2484 Christianorum
1011 2460 1066 2481 or-

313 2513 385 2536 tum
399 2526 407 2538 ‚
425 2501 557 2549 quando
569 2499 698 2535 tantum
715 2500 906 2534 incrementi
918 2497 1064 2532 suasum-

314 2551 375 2599 psit
392 2550 512 2585 haeresis
529 2575 540 2590 ‚
575 2561 610 2584 ut
633 2552 661 2585 ei
681 2560 836 2596 tanquam
856 2551 931 2583 Deo
951 2548 1068 2580 Saneto

313 2601 415 2635 statua
427 2601 541 2635 Romae
553 2598 678 2646 publice
690 2600 792 2634 erecta
803 2598 858 2633 fit:
888 2597 985 2632 altera
997 2599 1066 2630 Ne-

312 2652 386 2684 renis
397 2649 611 2689 duodecimo,
621 2662 663 2696 qu
670 2648 754 2683 ando
766 2648 865 2681 Simon
876 2649 989 2694 Magus
998 2647 1068 2680 Ro-

313 2711 402 2734 mam
422 2697 566 2733 reversus
588 2699 753 2732 volavitin
774 2699 863 2734 aere,
890 2696 973 2728 unde
990 2693 1071 2726 Petri

312 2748 464 2795 precibus
489 2747 703 2794 praeci'pitatus
722 2743 865 2792 primum
885 2756 974 2777 crura
998 2741 1069 2776 casu

313 2795 410 2845 fregit
421 2822 431 2836 ‚
452 2796 566 2832 deinde
581 2796 702 2841 pudore
713 2793 865 2829 confusus
875 2806 912 2826 ex
926 2791 1068 2827 diverso-

315 2848 354 2880 rii
367 2847 510 2881 culmine
524 2845 554 2880 se
565 2846 641 2878 dans
653 2846 685 2879 in
696 2855 810 2890 caput,
828 2843 969 2877 animam
983 2839 1069 2875 effla-

315 2899 382 2930 vit:
397 2899 482 2929 Nero
491 2906 596 2929 autem
607 2896 703 2928 amici
713 2893 756 2927 sui
770 2894 890 2927 Simonu
902 2892 1068 2926 interitum

315 2946 400 2977 Petro
421 2946 586 2992 imputans
599 2969 608 2984 ,
633 2942 836 2978 Christianos
854 2942 933 2976 urbe
958 2942 1049 2984 ejecit
1063 2962 1071 2975 ,

317 3005 383 3038 quo
397 3004 461 3027 tem
468 3007 543 3040 pore
552 3005 665 3028 eorum
677 2991 808 3028 exilium
820 2992 946 3027 duravit
958 2989 996 3024 ad
1008 3000 1068 3023 tres

317 3051 420 3075 annos
431 3046 461 3076 δι
473 3042 660 3077 dimidium.

368 3091 538 3134 Qanturn
548 3093 580 3126 in
594 3091 678 3127 hisee
688 3088 926 3140 perversissimis
938 3088 1068 3122 novita-

315 3135 402 3170 tibus
416 3137 588 3175 absurdifit
599 3165 608 3180 ,
633 3155 670 3177 ex
681 3141 750 3190 ipso
762 3141 852 3178 sacro
870 3149 961 3174 textu
974 3136 1069 3184 dispi-

317 3198 449 3225 ciamus.

1038 104 1510 156 Hi'sroiiicr

1153 186 1276 222 Primo.
1300 185 1418 222 Claudii
1428 187 1568 223 secundo
1579 188 1714 226 Ecclesia
1725 192 1853 226 Roma-

1105 250 1145 272 na
1157 261 1167 276 ,
1185 235 1235 271 seu
1254 236 1394 271 Ecclesia
1413 237 1587 271 catholica
1603 239 1715 284 Romae
1733 253 1857 287 nequa·

1106 299 1202 334 quam
1216 284 1278 320 fuit
1292 287 1406 320 mulier
1419 286 1534 320 induta
1545 288 1617 322 Sole
1627 312 1636 326 ,
1660 293 1691 322 δέ
1703 300 1860 324 coronata

1108 335 1281 370 duodecim
1299 335 1406 370 stellis.
1432 336 1524 369 Talis
1546 337 1678 383 quidem
1706 348 1774 372 tum
1795 337 1861 373 fuit

1108 384 1245 418 Ecclesia
1257 383 1391 428 Judaica
1401 384 1452 419 sed
1471 385 1605 419 mininie
1626 387 1862 422 omniumRo-

1110 445 1221 468 mana,
1235 445 1306 480 qua?
1322 444 1392 468 tum
1413 437 1570 482 temporis
1591 437 1642 469 vix
1665 447 1807 482 coeperat
1826 437 1861 471 iit

1110 483 1201 516 cunis
1212 482 1338 528 vagire,
1365 484 1471 518 nullus
1490 495 1561 518 tum
1582 485 1660 518 illuc
1683 484 1861 532 Apostolus

1109 531 1277 565 advenerat
1288 554 1298 569 ‚
1323 543 1428 580 neque
1439 536 1539 565 Petrus
1551 546 1655 576 neque
1666 533 1783 568 Paulm.
1808 535 1860 569 Ex

1110 579 1237 627 Priftillae
1254 578 1386 627 quidem
1404 584 1435 615 &
1457 580 1575 629 Aquilae
1594 583 1797 629 aliorumque
1809 583 1862 618 in-

1109 628 1383 670 formationibus,
1408 630 1507 675 aliqui
1532 629 1618 665 forte
1645 642 1714 664 tum
1743 632 1863 667 Romae

1109 677 1252 713 conversi
1261 688 1351 712 erant
1362 678 1401 713 ad
1413 677 1522 715 fidem,
1533 679 1585 714 sed
1597 679 1741 714 instituta
1751 681 1864 716 Eccle-

1107 727 1146 762 sia
1157 753 1166 768 ,
1185 725 1324 762 formata
1341 730 1552 776 congregatio
1565 752 1574 768 ,
1604 731 1749 764 erectum
1763 731 1864 766 mini-

1108 777 1236 812 sterium
1248 776 1397 811 nondum
1410 778 1579 825 apparebat
1589 780 1716 814 Romae.

1155 825 1318 862 Secundo.
1335 827 1438 866 Quod
1452 829 1568 861 volunt
1578 827 1722 862 Simonem
1734 831 1864 878 Magum

1110 875 1275 908 Draconis
1292 875 1388 908 cauda
1401 874 1614 922 significatum
1634 875 1693 912 suis
1711 877 1792 912 dolis
1808 876 1860 912 se-

1111 920 1231 958 duxisse
1243 935 1395 970 magnam
1406 935 1527 970 partem
1539 926 1621 960 Cleri
1630 928 1787 966 Romani,
1797 938 1862 961 ter·

1111 975 1189 1007 tiam
1202 972 1321 1006 scilicet
1342 971 1636 1020 partenistellarum
1649 977 1723 1009 coeli
1740 977 1863 1011 traxisse

1111 1024 1144 1057 in
1155 1024 1273 1057 terra‘m
1285 1047 1295 1061 ,
1306 1021 1405 1069 quam
1418 1021 1461 1056 est
1474 1027 1617 1058 vanum?
1643 1022 1763 1058 Nullus
1774 1028 1863 1060 enim

1110 1083 1180 1106 tum
1192 1074 1351 1118 temporis
1359 1069 1420 1105 fuit
1430 1073 1544 1107 Romae
1556 1073 1658 1107 Clerus
1668 1075 1722 1121 qui
1731 1071 1863 1109 seduce-

1111 1132 1215 1159 retur,
1229 1134 1337 1168 neque
1347 1122 1424 1156 vero
1436 1124 1570 1170 inquam
1581 1122 1681 1157 Clerus
1692 1123 1862 1158 Romanus

1112 1172 1163 1206 vel
1184 1170 1225 1204 ab
1243 1170 1310 1217 ipso
1329 1170 1466 1212 Simone,
1494 1173 1543 1206 vel
1564 1169 1603 1205 ab
1616 1176 1683 1217 ejus
1695 1171 1860 1220 discipulis

1109 1227 1280 1266 Carpocrate
1288 1225 1320 1254 &
1329 1222 1497 1255 Menandro
1506 1221 1544 1255 ad
1554 1221 1788 1257 Gnosticorum
1800 1222 1864 1259 hae—

1110 1269 1188 1305 reses
1201 1273 1231 1303 &
1245 1269 1403 1304 horrenda
1415 1272 1527 1305 scelera
1537 1270 1688 1313 seductus
1698 1270 1770 1306 fuit.

1159 1317 1290 1354 Tertio.
1334 1319 1517 1354 Masculum
1540 1319 1556 1354 :¹1
1584 1322 1717 1354 muliere
1735 1321 1860 1356 editum

1111 1370 1166 1416 qui
1177 1369 1318 1403 reeturus
1330 1380 1396 1403 erat
1408 1380 1515 1403 totum
1528 1369 1690 1403 mundum
1702 1370 1789 1418 virga
1800 1368 1864 1404 fer-

1110 1417 1292 1454 reinvolunt
1301 1419 1473 1453 Romanos
1483 1431 1560 1453 tnnc
1570 1420 1607 1453 ad
1619 1418 1713 1453 fidem
1725 1431 1864 1454 conver-

1109 1466 1171 1502 sos.
1198 1466 1351 1502 Profecto
1362 1469 1416 1514 qui
1427 1467 1539 1501 claudit
1548 1467 1687 1502 secundo
1696 1469 1811 1502 Romae
1823 1468 1865 1502 ad

1108 1514 1255 1561 christum
1266 1516 1409 1550 conversi
1420 1517 1493 1550 sunt
1508 1543 1518 1557 ,
1543 1526 1608 1549 tarn
1627 1517 1720 1562 pauci
1732 1514 1865 1550 fuerunt

1109 1577 1248 1601 numero
1259 1590 1267 1604 ,
1287 1568 1317 1598 &
1330 1576 1394 1599 tam
1406 1578 1506 1613 parvae
1517 1566 1717 1599 auctoritatis
1730 1589 1738 1603 ‚
1755 1575 1790 1598 ut
1800 1577 1866 1611 gu-

1112 1616 1261 1650 bernatio
1274 1614 1389 1649 mundi
1404 1619 1436 1649 δέ
1448 1616 1556 1649 omnis
1567 1617 1657 1662 virga
1668 1614 1787 1648 nedum
1800 1614 1866 1649 fer-

1111 1677 1180 1703 rea,
1191 1664 1231 1698 ab
1243 1676 1356 1698 eorum
1370 1675 1478 1698 mente
1489 1668 1517 1698 ὃ(
1530 1663 1659 1698 fortuna
1677 1661 1864 1710 longiffime}

1111 1713 1260 1748 abfuerit.
1288 1713 1325 1747 Id
1336 1725 1443 1748 autem
1455 1712 1567 1760 quoda
1578 1714 1673 1747 bonis
1686 1714 1803 1748 nostris
1815 1715 1865 1749 vi-

1112 1767 1152 1799 ris
1164 1762 1215 1797 hic
1225 1761 1404 1797 insinuatur
1414 1789 1422 1803 ‚
1434 1763 1478 1798 est
1489 1763 1633 1797 Romani
1645 1761 1816 1797 Pontificis
1829 1765 1865 1798 in

1111 1824 1220 1848 totum
1242 1813 1403 1847 mundum
1425 1812 1614 1847 dominatus
1631 1836 1641 1851 ‚
1668 1811 1753 1859 quasi
1774 1823 1867 1847 textu

1113 1862 1175 1897 hoc
1194 1865 1262 1907 jure
1282 1863 1396 1896 divino
1419 1862 1580 1895 stabilitus
1603 1874 1611 1893 :
1638 1872 1703 1895 tam
1733 1860 1865 1895 crass'urn

1111 1912 1280 1946 absurdum
1295 1937 1303 1952 ‚
1330 1923 1366 1946 ut
1376 1924 1414 1946 ex
1427 1909 1609 1946 pontificiis
1623 1911 1767 1958 plerique
1782 1910 1866 1946 illud

1111 1960 1291 2009 repudient.

1160 2009 1305 2054 Quarto·
1331 2007 1436 2050 Quod
1455 2007 1500 2042 ob
1519 2007 1641 2041 Simonis
1657 2008 1810 2057 dogmata
1828 2011 1862 2042 &

1113 2059 1254 2094 honores
1275 2059 1331 2093 ulli
1355 2058 1529 2094 Christiani
1551 2057 1660 2092 Roma
1676 2057 1819 2105 fugerint
1829 2058 1864 2090 in

1113 2110 1272 2144 desertum
1284 2133 1293 2146 ‚
1318 2108 1441 2142 nedum
1454 2106 1536 2141 ntea
1554 2106 1646 2140 causa
1657 2109 1688 2140 in
1701 2107 1797 2140 exilio
1806 2106 1866 2139 tri-

1115 2159 1173 2193 bus
1185 2160 1278 2193 annis
1294 2161 1325 2192 &
1336 2155 1457 2191 semisse
1472 2156 1706 2202 perduraverint
1717 2181 1724 2193 ‚
1741 2156 1868 2202 gratui-

1113 2219 1183 2241 tum
1203 2208 1247 2240 est
1269 2210 1303 2240 δέ
1323 2205 1386 2238 fine
1403 2205 1494 2237 omni
1511 2203 1587 2236 teste
1606 2202 1782 2237 somnium.
1808 2201 1867 2249 Ju-

1113 2256 1255 2288 daeorum
1276 2251 1384 2286 Roma
1402 2251 1545 2298 expulsio
1571 2264 1639 2286 non
1662 2264 1735 2286 ante
1755 2251 1870 2287 Claudii

1114 2315 1241 2336 nonum
1256 2302 1396 2348 contigit
1407 2325 1417 2337 ,
1438 2312 1475 2334 ut
1493 2301 1637 2335 Baronim'
1648 2301 1868 2336 demonstrat:

1113 2351 1271 2398 quamdiu
1294 2361 1400 2383 autem
1422 2350 1583 2383 duraverit
1606 2351 1745 2384 omnino
1765 2352 1871 2384 incer-

1113 2411 1182 2433 tum
1195 2399 1248 2433 est.
1274 2398 1373 2432 Simon
1393 2400 1491 2432 etiam
1513 2410 1586 2432 cum
1607 2399 1795 2446 sequacibus
1805 2398 1869 2433 suis

1113 2452 1146 2484 in
1161 2447 1424 2484 Christianorum
1445 2448 1667 2496 praejudicium
1688 2449 1803 2496 Judaeis
1821 2447 1870 2483 fa*-

1115 2498 1223 2535 vcbat.
1847 2519 1850 2523 .

1164 2544 1314 2592 Qiinto.
1342 2543 1447 2586 Quod
1475 2543 1636 2580 Michaelis
1662 2548 1693 2579 δε
1722 2546 1864 2581 Draconis

1115 2609 1238 2644 pugnas
1251 2596 1290 2629 ad
1303 2595 1381 2628 Petri¹
1400 2608 1475 2628 curn
1488 2599 1604 2628 Simone
1616 2597 1714 2645 Migo
1735 2596 1867 2629 Roma-

1114 2659 1195 2680 num
1216 2655 1378 2678 certamen
1400 2645 1564 2690 applicant
1590 2666 1598 2679 ‚
1632 2643 1664 2677 id
1689 2643 1752 2679 {ine
1775 2644 1868 2678 omni

1114 2694 1226 2728 fronte
1238 2703 1351 2727 contra
1362 2705 1497 2727 omnem
1519 2693 1778 2728 Christianorum
1789 2705 1871 2740 gen-

1114 2755 1200 2783 tem,
1224 2743 1390 2790 antiquam
1405 2769 1412 2781 ,
1433 2755 1553 2785 novam
1571 2742 1690 2777 audent
1705 2741 1868 2777 affirmare.

1114 2796 1329 2840 Praeterquam
1340 2793 1427 2825 enim
1437 2791 1526 2838 quod
1537 2802 1605 2826 tota
1617 2804 1651 2825 ea
1659 2792 1696 2824 de
1706 2793 1785 2824 Petri
1793 2803 1868 2825 cum

1113 2842 1230 2875 Simone
1248 2842 1421 2874 certamine
1441 2840 1570 2874 historia
1583 2841 1694 2874 multis
1712 2841 1787 2875 viris
1805 2840 1871 2874 do·-

1113 2893 1172 2925 etis
1197 2903 1286 2925 mera
1307 2888 1415 2924 fabula
1435 2890 1579 2923 videatur
1593 2914 1601 2926 ‚
1628 2887 1684 2935 ipsi
1704 2891 1871 2935 Apocaly-

1113 2939 1181 2974 seos
1197 2939 1297 2973 textui
1313 2935 1568 2971 commentarius
1579 2936 1631 2970 liic
1654 2937 1762 2983 aperte*-
1782 2950 1873 2985 repu-

1114 2998 1203 3037 gnat.
1239 2988 1355 3032 Capite
1378 2987 1464 3019 enim
1486 2996 1604 3033 quarto
1634 2989 1740 3032 primo
1758 3018 1760 3021 .
1777 2987 1874 3032 docet.

1113 3035 1250 3072 chriam
1271 3047 1317 3069 res
1338 3034 1514 3070 visionibus
1534 3036 1692 3070 omnibus
1710 3036 1875 3084 sequenti-

1115 3086 1173 3120 bus
1188 3083 1339 3132 expresl'as
1352 3096 1419 3117 non
1433 3086 1602 3129 praetcritas
1617 3096 1671 3119 aut
1690 3087 1870 3131 praeswres,

1113 3136 1165 3170 sed
1178 3145 1326 3180 ternpore
1338 3131 1446 3166 futuro
1456 3145 1625 3167 eventuras
1637 3159 1645 3175 ‚
1672 3135 1867 3169 duodecimo

1115 3195 1222 3220 autem
1233 3183 1359 3219 Neronia
1367 3207 1378 3225 ,
1404 3183 1644 3230 quando'iSimon
1664 3187 1776 3236 (Magus
1809 3194 1865 3227 per

1786 3231 1868 3266 Petri

1917 212 1941 230 ¹.
