2048 3343
137 1347 260 1375 Seleucum

136 1397 205 1416 necat
216 1391 259 1417 Ce-

133 1439 230 1459 ymnus·

138 2033 248 2073 Pyrrhus
257 2032 273 2061 ἃ

137 2078 273 2105 Tarentina

136 2127 180 2145 vot
185 2126 239 2144 atur
249 2127 275 2144 m

140 2159 245 2186 Italiam.

147 2975 236 3000 Omnes
242 2972 280 2999 νὶ-

148 3024 195 3041 cmt
201 3022 270 3051 prm-

147 3063 205 3091 cupes
211 3054 242 3080 ad
252 3065 279 3081 ι·

147 3103 182 3122 ter
195 3104 246 3122 eum

149 3137 279 3172 instruunt.

637 119 948 164 012'13R1s

281 205 343 240 suis
364 199 551 238 Antiochiis
570 224 578 238 ‚
602 198 777 238 Seleuciis,
808 201 840 231 &
858 196 1035 243 Apameis‚

281 267 417 303 quarum
438 251 553 286 multas
574 249 763 284 construxit.
798 247 1034 280 Ptolemaeumet-

278 308 346 351 jam
366 315 431 337 tam
452 304 529 351 Lagi
556 299 652 347 quam
677 294 894 344 Philadelphum
915 296 1037 328 amicos

281 355 375 390 Iudaei
389 354 513 398 experti
524 348 662 388 sunt5sed
670 348 710 381 ab
720 359 832 381 eorum
846 345 1034 394 nepotibus,

283 412 352 452 q'uo
372 400 481 436 minus
497 401 637 435 omnino
664 397 905 445 deglutiremur
921 419 930 436 ‚
956 394 1038 428 nihil

282 463 395 502 praeter
405 451 547 486 divinam
566 447 846 496 omnipotentiam
860 444 1000 480 obstitit.

331 501 462 536 Seleucus
472 501 564 534 annis
575 498 696 545 septem
710 496 952 544 septuagenario
971 504 1036 525 ma-

278 555 356 598 jor,
380 548 456 586 Asia
475 548 624 597 pleraque
641 544 794 583 Antiocho
813 544 884 578 filio
899 547 967 587 jam
980 540 1039 573 du-

284 601 363 636 dum
372 599 508 637 tradita,
524 609 558 632 ut
570 600 604 632 in
616 595 714 645 patriai
725 590 921 630 Macedonia
929 601 1038 623 more-

283 661 383 690 retur,
399 653 433 685 &
449 645 608 692 Lyfimachi
618 659 652 681 ac
666 644 794 678 Graeciae
804 652 902 688 regna
916 636 982 673 fine
993 652 1037 674 ae-

285 701 379 735 mulo
394 708 572 745 occuparet
583 720 591 732 ‚
629 691 880 737 Hellespontum
906 689 1037 735 trajicit.

283 749 439 785 Habebat
451 751 484 783 in
497 746 657 781 comitatu
670 739 854 774 Ptolemaeum
864 743 1041 777 Ceraunum,

283 800 329 834 ob
341 797 571 833 truculentiam
591 796 621 827 ὅ(
637 792 861 826 temeritatem
873 787 891 822 a
902 787 1041 823 fulmine

284 847 560 896 cognominatum
571 851 580 876 ε
600 840 727 890 fugerat
738 839 791 874 hic
801 837 818 873 ὲ
828 849 916 886 patre
929 861 938 877 ,
948 835 1041 886 quod

284 897 414 932 fratrem
429 888 651 937 Philadelphum
664 901 742 924 natu
753 892 915 924 minorem
928 890 960 921 in
972 887 1038 921 Re-

281 958 348 994 gno
360 945 416 980 sibi
429 943 542 987 majori
556 937 751 987 praetulisset.
778 940 886 973 Frater
897 946 963 971 erat
982 940 1040 981 Ly-

273 995 383 1044 sandrae
393 998 423 1029 &
436 993 574 1032 Arsinoes
584 1002 725 1025 uxorum
738 985 896 1032 Lysimachi
908 992 940 1022 &
951 989 1042 1039 Aga-

281 1041 390 1083 thoclr's,
403 1043 587 1091 praedictum
597 1039 615 1074 a
626 1038 754 1075 vatibus
763 1038 883 1073 Seleuco
895 1037 959 1072 fuit
969 1049 1039 1070 mo-

283 1096 422 1129 riturum
451 1093 554 1140 ipsum
575 1091 614 1126 ad
637 1093 759 1140 eArgon
780 1104 790 1123 .·
823 1086 1042 1135 Hellesponto

282 1142 461 1178 transmisso
483 1143 582 1177 altam
602 1142 636 1175 in
656 1141 815 1187 Europaeo
834 1139 946 1173 littore
960 1149 1042 1170 con-

286 140 325 172 2'1
340 145 360 169 3

281 1195 374 1240 spicit
390 1205 476 1228 aram
488 1216 498 1233 ,
515 1191 593 1225 dum
606 1190 647 1224 ab
658 1189 820 1236 indigenis
836 1187 876 1222 de
887 1184 922 1222 ez'i
934 1187 1053 1234 inqui--

283 1246 337 1283 rit,
352 1243 471 1289 accipit
482 1242 593 1277 vocari
606 1242 715 1291 Argon
727 1255 733 1277 ς
745 1238 809 1273 hoc
822 1238 958 1272 nomine
971 1247 1045 1282 per-

283 1291 389 1328 culsus
402 1294 580 1338 interrogat
592 1288 716 1323 solicite
728 1289 767 1322 de
779 1286 886 1322 altaris
897 1286 1042 1321 auc‘tori-

286 1342 346 1376 bus
359 1356 368 1383 ;
379 1343 414 1377 in
426 1341 492 1376 haec
504 1341 698 1375 scrutantem
712 1340 833 1372 irruens
845 1334 967 1383 atergo
982 1340 1043 1369 Ce-

287 1404 389 1426 raunus
410 1388 606 1429 transfodit,
633 1392 669 1423 δε
688 1388 811 1436 pernici
827 1398 917 1433 equo
937 1384 1044 1419 evadit

287 1440 532 1490 Lysimachiam.
561 1438 710 1474 Ultimus
729 1437 780 1473 hic
800 1435 862 1470 fuit
873 1433 1045 1470 Alexandri

286 1491 409 1526 ducum
421 1515 431 1532 ,
454 1491 623 1538 largorum
640 1488 777 1522 humani
789 1484 953 1532 sanguinis
962 1482 1042 1519 effu-

286 1541 396 1575 sorum
410 1553 419 1580 ς
437 1539 643 1589 sanguinariae
654 1541 686 1572 δι
698 1538 850 1573 violentae
862 1548 939 1570 cum
950 1544 1043 1570 caete·

284 1591 327 1625 ris
348 1589 414 1624 fere
432 1589 588 1624 omnibus
607 1587 707 1622 morti
730 1585 944 1621 occumbens.
973 1583 1042 1629 Qi

286 1638 359 1688 post
377 1639 439 1675 hos
448 1636 601 1673 ‘Ptolemaei
612 1635 729 1684 posteri
740 1637 774 1671 in
784 1638 948 1684 AEgypto‚
972 1635 1044 1668 An·

288 1689 382 1741 tigoni
391 1691 425 1723 in
440 1686 580 1727 Graecki,
595 1685 705 1720 Seleuci
716 1687 751 1720 in
764 1685 836 1720 Asia
847 1682 1024 1732 regnarunt
1035 1705 1044 1720 ,

290 1737 434 1773 multum
450 1737 467 1773 ὲ
486 1748 612 1786 patrum
630 1735 825 1771 fortitudine
843 1730 1046 1782 degeneres&

291 1787 495 1822 barbararum
508 1787 655 1836 gentium
668 1784 902 1832 irruptionibus
912 1782 964 1818 sua
975 1793 1045 1816 non

290 1838 461 1872 valuerunt
475 1838 608 1885 imperia
618 1834 797 1871 defendere.
823 1835 912 1868 Hinc
921 1829 1044 1866 staffilum

291 1897 327 1920 ut
341 1889 454 1934 partim
469 1888 607 1926 mutuis,
619 1887 731 1932 partim
744 1883 955 1919 barbarorum
968 1881 1049 1914 vici-

291 1948 412 1971 norum
434 1937 529 1971 armis
549 1933 640 1969 fracti
654 1960 664 1976 ,
691 1934 794 1969 facilis
811 1944 929 1967 ornnes
947 1929 1051 1979 praeda

293 1985 454 2019 Romanis
466 1984 632 2021 evaserint.

340 2036 491 2069 Diximus
509 2033 606 2082 quam
625 2031 719 2066 facile
734 2027 869 2079 ‘Pyrrhae
894 2029 1049 2078 Regnum

297 2084 504 2120 Macedoniae·
512 2083 665 2119 Demetrio
681 2079 871 2119 extorserit·,
897 2079 993 2126 quam
1005 2077 1052 2113 fa—

298 2133 361 2168 cile.
372 2137 468 2168 etiam
480 2148 517 2168 ex
530 2147 570 2167 eo
585 2145 642 2180 per
654 2126 851 2176 Lyfimachum
862 2130 984 2173 ejectus
993 2127 1051 2163 sit:

298 2182 377 2216 dum
399 2184 530 2217 levitate
549 2181 664 2228 populi
684 2178 878 2215 Macedonia
895 2179 998 2227 lapsus
1018 2179 1052 2212 in

297 2231 397 2278 Epiro
408 2230 526 2265 sederet
538 2232 651 2264 anxius
660 2254 668 2265 ‚
684 2229 761 2275 quid
774 2227 919 2273 proxime
931 2229 1051 2273 negotii

295 2280 435 2317 sumeret
452 2283 484 2314 in
502 2291 617 2314 manus
647 2276 661 2321 (
676 2279 722 2311 vir
734 2278 821 2309 enim
833 2272 958 2321 spiritus
971 2278 1049 2308 irre-

292 2329 481 2378 quietiffimi
493 2328 554 2363 fuit
563 2353 572 2368 ‚
585 2328 641 2376 qui
657 2326 779 2373 semper
790 2336 876 2360 nova
886 2321 1050 2371 coquebat

292 2378 429 2413 consilia
441 2404 449 2415 ‚
461 2389 638 2424 antequam
659 2375 828 2424 praesentia
849 2369 1050 2420 perfecisset)

293 2441 366 2463 ecce
379 2427 594 2463 aTarentinis
606 2426 702 2473 legati
716 2425 772 2473 qui
786 2425 959 2458 invitarent
971 2423 1004 2455 in
1023 2424 1052 2454 1-

293 2479 405 2512 taliam
425 2477 464 2512 ad
480 2477 509 2511 se
527 2475 720 2524 Brutiosque
732 2478 762 2508 ἃ
775 2477 924 2508 Lucanos
935 2478 1050 2507 contra

295 2528 468 2562 Romanos
489 2526 742 2574 protegendum.
781 2523 836 2557 Ad
865 2535 940 2556 eum
961 2522 1048 2556 diem

296 2577 441 2611 Romani
462 2575 575 2623 pedem
598 2587 685 2610 extra
704 2573 824 2608 Italiam
847 2585 916 2606 non
928 2573 1051 2606 extule—

296 2638 367 2661 rant
390 2651 400 2666 ‚
433 2627 548 2659 omnia
572 2624 718 2672 ipsorum
745 2622 828 2656 bella
854 2634 927 2656 cum
949 2620 1052 2656 finiti-

300 2678 359 2710 mis
370 2674 497 2710 tanturn
520 2674 608 2722 gesta
631 2672 725 2712 sunt,
747 2682 957 2705 externorum
986 2672 1050 2717 pri-

299 2739 351 2758 ma
367 2738 422 2773 ptr
450 2723 588 2769 Pyrrhum
609 2735 695 2756 arma
714 2720 788 2755 sunt
807 2720 952 2765 experti:
978 2721 1049 2765 qui-

299 2773 358 2808 bus
374 2773 512 2809 feliciter
529 2773 675 2808 defuneti
695 2771 732 2805 ad
753 2770 896 2804 Siciliam
909 2794 917 2808 ‚
944 2768 1050 2802 Sardi·

298 2827 399 2863 niam,
413 2822 624 2871 Africamque
637 2845 646 2858 ‚
666 2819 735 2855 imi>
746 2831 822 2854 mox
833 2819 870 2853 ad
879 2817 1050 2865 Hispanias

298 2876 330 2907 &
344 2873 463 2911 Asiam.
484 2884 662 2920 totumque
674 2870 755 2905 adeo
764 2881 918 2904 terrarum
933 2866 1049 2903 orbem

300 2923 415 2956 oculos
428 2922 490 2956 ausi
503 2922 575 2957 sunt
585 2921 741 2955 attollere.

347 2972 531 3007 Gratissima
552 2968 654 3017 Pyrrho
664 2969 726 3005 fuit
736 2969 994 3003 Tarentinorum
1007 2967 1049 3001 le-

303 3023 411 3065 gati0;
436 3022 509 3055 inde
525 3024 611 3056 enim
631 3022 677 3055 vir
694 3021 825 3054 maximi
844 3019 944 3052 animi
964 3016 1051 3063 spem

307 3069 408 3102 statim
420 3074 571 3117 concepit
582 3083 649 3105 non
660 3081 790 3104 tantum
801 3066 984 3116 subigendae
994 3069 1052 3100 Ita-

306 3117 354 3151 llae
367 3141 376 3156 ²
394 3117 442 3150 sed
463 3123 494 3151 ὅ(
516 3121 717 3166 propagandi
730 3132 794 3154 tam
805 3118 869 3152 late
883 3129 937 3164 per
948 3117 1055 3150 Occi-

305 3166 434 3200 dentem
452 3167 659 3212 Epirotarum
680 3170 806 3216 Imperii
830 3167 909 3202 fines
927 3190 935 3203 ‚
959 3165 1054 3212 quam

308 3214 563 3263 consanguineus
581 3218 773 3253 tAlexander
787 3219 822 3253 in
832 3217 970 3251 Oriente
985 3216 1056 3250 Ma-

1079 1441 1123 1472 ¹&
1141 1435 1249 1483 postea
1263 1441 1362 1472 etiam
1383 1438 1611 1474 Macedoniam
1622 1451 1720 1483 quam
1736 1439 1774 1474 ad
1788 1452 1851 1487 po-

1008 121 1490 164 Hl'sToR't'ol

1083 195 1245 232 cedonum
1257 195 1413 233 dilatasset
1423 197 1579 236 dominia.
1606 200 1776 250 Cognovit
1788 201 1836 237 sa-

1082 248 1123 281 tis
1134 259 1294 295 quantum
1307 260 1393 282 arma
1408 247 1457 283 sua
1468 260 1592 284 metum
1604 252 1715 286 vicinis
1724 254 1838 287 omni-2-

1084 297 1142 330 bus
1155 296 1308 338 facerent,
1323 302 1353 332 ὃ(
1365 297 1459 345 quam
1474 300 1625 334 lubenter
1637 299 1677 334 ab
1690 301 1834 348 ipsorum

1083 344 1203 381 finibus
1222 348 1252 381 se
1266 360 1427 382 remotum
1443 348 1611 395 speftaturi
1630 347 1745 385 essent:
1768 350 1837 399 quo

1083 408 1161 442 ergo
1171 398 1328 431 maturius
1340 397 1357 431 :i
1371 397 1550 445 periculosa
1568 398 1619 433 sua
1629 400 1746 434 vicinia
1755 401 1839 435 libe-

1083 455 1241 485 rarentur,
1253 446 1428 492 postulavit
1437 450 1666 496 &impetravit
1677 448 1717 483 ab
1729 451 1841 484 omni-

1084 493 1143 527 bus
1160 495 1268 540 ampla
1285 497 1317 528 in
1339 495 1562 546 longinquum
1573 510 1689 534 contra
1708 499 1839 534 Roma-

1084 555 1146 577 nos
1159 541 1282 578 bellurn
1293 544 1440 581 subsidia.

1133 590 1360 629 vintiochusin
1371 595 1442 630 Asia
1456 595 1529 643 post
1547 597 1645 643 patris
1663 609 1775 631 necem
1787 596 1839 631 sua
1860 595 1968 624 Antio-

1085 644 1200 677 omnia
1213 642 1302 678 lente
1325 648 1356 678 &
1370 644 1572 680 effoeminate.
1584 645 1838 681 administrabat.
1859 635 1916 663 ‘'⁷¹‘'
1929 641 2000 667 ‘5⁰²²‘
2047 678 2048 690 ¹

1086 688 1250 726 Philaretus
1282 693 1457 729 Eunuchus
1494 692 1655 739 Lyfimachc'
1680 695 1842 731 thesauros
1860 676 1958 746 1⁷:52⁰st
1961 694 1973 701 ⁸

1086 744 1233 788 Pergami
1251 742 1446 784 custodiens,
1458 744 1598 793 quaarte
1608 770 1617 783 ,
1630 745 1693 793 qua
1705 748 1749 787 vi,
1766 745 1844 781 fun·
1913 738 1922 747 ⁶

1087 790 1175 825 davit
1187 793 1355 839 Regnum,
1364 795 1456 842 quod
1469 795 1508 829 ad
1519 794 1650 829 fratrem
1667 798 1845 833 Eumenem.

1088 843 1120 874 &
1134 841 1297 881 Attalum,
1322 844 1465 892 aliosque
1484 844 1630 891 posteros
1648 858 1701 891 per
1719 849 1843 880 multos

1087 901 1190 924 annos
1210 889 1426 926 transmiTum
1450 892 1506 927 est.
1531 897 1564 928 ln
1580 893 1844 941 Bithyniaetiam

1089 952 1214 974 novum
1235 940 1387 987 Regnum
1400 966 1410 979 ,
1439 946 1471 975 ὃ(
1491 943 1579 977 alind
1599 945 1632 977 in
1652 947 1760 979 Ponto
1776 949 1845 991 ejus

1089 988 1205 1023 diebus
1223 993 1366 1024 erectum
1384 990 1448 1030 est3
1474 994 1615 1038 eA'rfitces
1627 1005 1758 1040 quoque
1770 1019 1777 1030 ‚
1802 993 1849 1028 se-

1089 1039 1233 1073 cundum
1246 1044 1455 1074 eAmmz'anum
1465 1042 1675 1075 Marcellmum
1689 1066 1698 1078 ,
1717 1043 1849 1077 diutur-

1091 1100 1170 1124 num
1191 1092 1226 1123 &
1246 1101 1363 1136 potens
1391 1090 1586 1125 Parthorum
1605 1094 1781 1139 imperium
1806 1106 1850 1127 eo

1089 1139 1272 1187 imperante
1292 1139 1471 1175 inchoavit.
1508 1141 1561 1175 Ab
1583 1138 1735 1175 Antiocho
1752 1145 1849 1190 petiit

1089 1185 1211 1232 Pyrrhus
1222 1200 1335 1223 contra
1349 1190 1521 1224 Romanos
1536 1194 1719 1237 pecuniam.

1140 1246 1299 1288 Antigonus
1310 1242 1438 1273 Gonatas
1446 1239 1501 1282 (sic
1513 1240 1617 1274 distus
1627 1238 1642 1274 a
1651 1244 1739 1274 Gonu
1745 1239 1849 1275 Thes-

1093 1287 1177 1322 saliae
1190 1290 1332 1325 civitate,
1344 1291 1374 1323 in
1389 1289 1451 1336 qua
1466 1289 1620 1324 educatus
1630 1293 1715 1333 erat)
1736 1295 1851 1325 Deme-

1089 1337 1139 1372 trii
1159 1335 1244 1371 filius
1263 1337 1508 1373 humanissimus
1530 1343 1562 1373 δέ
1586 1338 1660 1373 felix
1684 1342 1849 1387 Princeps,

1091 1399 1244 1435 magnam
1260 1388 1396 1423 Graeciae
1415 1399 1539 1435 partem
1562 1400 1632 1423 turn
1651 1389 1849 1431 obtinebat,

1090 1485 1190 1521 steros
1205 1487 1379 1522 transmisit
1391 1513 1400 1526 ‚
1420 1487 1461 1521 ab
1479 1487 1544 1522 hoc
1566 1485 1689 1532 Pyrrhus
1708 1489 1850 1536 postula-

1092 1537 1151 1570 bat
1166 1547 1271 1570 naves.

1138 1585 1202 1620 Sed
1214 1586 1374 1633 praecipua
1385 1587 1451 1629 ejus
1462 1584 1596 1620 subsidia
1608 1583 1741 1621 fuerunt
1751 1584 1848 1621 aPtoae
1869 1586 2015 1631 Prolenrmi

1089 1634 1185 1669 lemaeo
1198 1641 1333 1670 Cerauno
1345 1660 1353 1676 ‚
1372 1638 1430 1683 qui
1442 1635 1481 1670 ab
1492 1635 1561 1682 ipso
1572 1637 1712 1670 maxime
1725 1647 1855 1672 metue-·
1868 1626 2016 1663 Ceraunus*

1092 1686 1156 1720 bat.
1183 1687 1213 1718 Is
1225 1685 1394 1733 postquam
1417 1684 1579 1719 occidisset
1597 1687 1768 1725 Seleucum,
1788 1685 1832 1722 sta
1868 1676 1994 1724 Pyrrbanf

1090 1737 1150 1770 tim
1162 1733 1350 1773 Thraciam,
1361 1736 1590 1770 Macedoniam
1604 1741 1634 1771 δι
1649 1747 1755 1771 totam
1773 1739 1847 1781 Lysi·
1867 1717 2004 1787 xxm-[³³⁸⁶

1092 1781 1188 1820 machi
1199 1783 1363 1819 ditionem
1376 1788 1570 1833 occupavit;
1585 1783 1770 1820 eArmochus
1780 1799 1848 1821 non
1865 1807 1923 1839 ga„
1970 1775 1985 1801 τ

1094 1831 1265 1869 difficulter
1275 1837 1302 1868 ei
1316 1847 1425 1882 pacem
1437 1835 1591 1869 concessit
1601 1861 1611 1875 ⁷
1637 1837 1714 1870 licet
1726 1833 1854 1871 nefario

1097 1883 1140 1918 sui
1153 1884 1400 1932 patrisoccisori
1413 1910 1422 1925 ‚
1448 1887 1541 1919 variis
1562 1887 1594 1918 in
1608 1885 1696 1919 vasto
1708 1884 1764 1919 suo
1778 1886 1855 1920 Asiae

1095 1935 1213 1981 Regno
1235 1931 1330 1968 bellis
1354 1933 1534 1969 distractus.
1567 1935 1734 1968 Ptolemaeus
1757 1931 1856 1969 frater

1097 1983 1172 2019 cum
1182 1985 1313 2032 AEgypti
1326 1984 1447 2033 Regno
1463 1986 1590 2031 quietus
1603 1983 1761 2018 frueretur
1772 2008 1780 2020 ,
1793 1990 1810 2018 L
1822 1997 1859 2016 e-

1099 2037 1264 2068 raunumin
1278 2031 1420 2068 Thracia
1433 2046 1500 2067 non
1513 2033 1704 2068 molestabat
1743 2033 1860 2068 dmi-³

1089 2097 1204 2134 gonum
1220 2087 1364 2118 Gonatam
1390 2093 1599 2131 appetentem
1624 2083 1858 2117 Macedoniarn

1101 2145 1272 2181 paternum
1286 2134 1440 2181 Regnum
1457 2136 1556 2175 (narn
1570 2144 1635 2166 non
1647 2142 1771 2164 tantum
1786 2134 1860 2164 De-

1100 2184 1197 2217 metrii
1209 2183 1259 2217 scd
1273 2187 1303 2216 δι
1317 2181 1416 2216 Phales
1428 2185 1585 2226 Antipatrz
1595 2179 1679 2212 filius
1690 2178 1768 2222 fuit)
1779 2193 1859 2226 prae-

1098 2234 1144 2264 lio
1165 2230 1277 2277 fregit,
1295 2235 1327 2263 &
1346 2230 1384 2263 ad
1404 2241 1513 2276 pacem
1539 2229 1710 2276 compulit.
1746 2226 1857 2273 Pyrrho

1100 2289 1207 2312 autern
1220 2301 1228 2314 ‚
1244 2288 1280 2311 ut
1290 2280 1433 2312 amicum
1447 2277 1578 2312 haberet
1590 2302 1598 2315 ‚
1617 2280 1765 2327 quinque
1778 2280 1855 2313 mil-

1098 2326 1140 2361 lia
1162 2327 1309 2374 peditum
1325 2352 1334 2366 ,
1369 2331 1400 2362 &
1420 2339 1562 2374 quatuor
1582 2331 1750 2376 equiturn,
1779 2341 1857 2363 cum

1098 2376 1311 2425 quadraginta
1330 2375 1513 2425 elephantis
1528 2403 1537 2416 ,
1564 2380 1736 2425 egregium
1759 2376 1859 2412 subsi-

1096 2427 1186 2460 dium
1209 2425 1356 2460 submisit
1375 2450 1383 2463 ,
1410 2426 1528 2460 tradita
1551 2430 1647 2461 etiarn
1668 2428 1700 2460 in
1723 2439 1858 2462 uxorem

1099 2475 1176 2510 filia.
1207 2475 1383 2511 Discedens
1403 2477 1435 2510 in
1459 2477 1583 2510 Italiam
1611 2475 1731 2522 Pyrrhus
1752 2475 1857 2512 filium

1099 2524 1189 2559 suum
1202 2525 1388 2560 Ptolemaeum
1400 2537 1563 2560 annorum
1576 2526 1774 2573 quindecim,
1786 2527 1857 2561 Re-

1097 2587 1269 2624 gnumque
1296 2575 1385 2622 Epiri
1411 2582 1545 2610 Cerauno
1566 2579 1633 2619 jam
1662 2571 1773 2609 socero
1795 2574 1854 2609 suo

1099 2624 1362 2663 commendavit,
1380 2622 1432 2658 sed
1446 2629 1569 2658 Cerauni
1587 2623 1704 2658 scelera
1716 2638 1785 2659 non
1794 2624 1853 2659 diu

1098 2686 1221 2708 numen
1231 2674 1334 2707 inulta
1344 2673 1472 2708 dimisit.

1145 2724 1221 2767 Ejus
1233 2720 1322 2757 soror
1335 2725 1461 2765 Arsinoe
1476 2720 1630 2769 Lysimachi
1640 2736 1723 2758 uxor
1737 2749 1746 2762 ,
1767 2722 1850 2755 duo·
1870 2734 1992 2762 ceraunus

1098 2785 1170 2806 rum
1182 2770 1323 2807 filiorum
1336 2783 1437 2807 mater
1448 2786 1523 2813 erat,
1537 2773 1679 2807 Ptolemae
1689 2783 1848 2805 annorum
1862 2775 1969 2810 sororem

1099 2820 1234 2856 sedecim
1248 2845 1257 2858 ‚
1274 2826 1305 2857 &
1329 2821 1497 2856 Alexandri
1517 2823 1688 2860 tredecim5
1715 2834 1786 2854 cum
1801 2821 1848 2854 his
1869 2817 2002 2849 ,Arfinom
2039 2826 2044 2836 ’

1100 2871 1289 2906 Cassandriae
1309 2873 1388 2906 urbe
1405 2870 1612 2906 munitiffimzl
1639 2870 1654 2903 a
1678 2868 1771 2905 fratre
1792 2870 1846 2905 sibi
1868 2866 1902 2924 ἵ
1921 2858 2002 2924 ώωῆ.

1097 2933 1215 2955 cavens
1237 2920 1414 2954 habitabat.
1451 2924 1595 2953 Ceraunus
1615 2922 1793 2954 maximum
1814 2922 1844 2955 in
1868 2903 2001 2966 [32:331

1099 2969 1241 3015 Arsinoe'n
1252 2969 1382 3016 ejusque
1402 2968 1521 3002 liberos
1533 2980 1675 3003 amorem
1690 2970 1852 3011 finanum-‚⁴
1864 2980 1988 3019 [Μέρη-ο

1099 3020 1188 3052 illam
1203 3019 1235 3051 in
1249 3029 1382 3051 uxorem
1395 3041 1404 3057 ,
1424 3017 1484 3051 hos
1500 3020 1531 3051 in
1550 3020 1685 3053 tutelam
1700 3020 1754 3054 sibi
1769 3021 1848 3055 tradi
1870 3022 1916 3048 ‘³¹5-

1101 3068 1302 3116 postulabat:
1331 3078 1505 3115 utrumque
1516 3068 1568 3102 din
1582 3069 1693 3102 abnuit
1707 3070 1850 3109 Afinoe',

1101 3117 1150 3152 sed
1161 3117 1289 3151 tandem
1308 3117 1420 3150 multis
1436 3117 1649 3167 magnisquec
1660 3132 1756 3152 eraum
1766 3119 1851 3159 de;e-

1102 3163 1283 3201 rationibus
1294 3166 1375 3199 vifta
1388 3169 1455 3209 ejus
1468 3168 1553 3201 votis
1574 3168 1697 3201 annuit.
1724 3169 1774 3201 Ut
1788 3167 1853 3213 pri·

1102 3213 1195 3251 mum
1216 3213 1433 3251 Cassandriam
1453 3216 1654 3252 intromissus
1673 3216 1716 3250 est
1743 3220 1854 3249 Cerau-

1774 3276 1824 3297 nus
1836 3287 1847 3303 ‚
