2048 3343
452 139 918 176 ET³CHRON0

166 209 344 260 Epiphanem
354 221 440 245 anno
451 211 643 245 Graecorum
654 209 828 245 centesimo
840 221 918 254 qua-

169 260 348 308 dragefimo
361 261 492 300 οξὶανο,
509 270 623 294 contra
633 260 707 293 libri
720 259 813 304 primi
824 268 918 302 caput

167 312 292 345 sextum
305 334 312 346 ‚
326 310 464 357 &ipsius
475 308 554 342 Iunii
562 306 751 342 sententiam
761 306 801 339 de
813 317 920 340 morte

165 357 325 407 Epiphania
353 371 438 393 anno
465 354 642 391 centesimo
667 353 920 403 quadragesimo

167 421 269 444 nono.
295 406 526 443 Contradietio
536 404 602 439 haec
610 416 678 439 non
688 403 795 453 potest
806 416 921 439 recon-

168 459 282 494 ciliari.

216 503 346 542 Tertio.
372 503 471 538 Iunius
483 504 515 538 in
531 500 605 538 vers.
616 514 650 547 7.
663 504 776 549 capitis
792 516 802 536 1
816 516 844 538 2.
858 515 921 537 nu-

168 568 270 592 merat
282 566 407 589 tantum
421 566 524 589 annos
535 565 598 588 tres
608 555 639 586 &
651 552 718 585 dies
725 554 836 588 decem
850 566 857 585 :
871 551 925 586 sed

169 618 275 642 textus
297 605 466 650 originalis
485 600 629 651 expresse
652 600 740 637 addit
766 604 804 637 ad
823 614 926 636 annos

173 667 236 690 tres
246 657 320 690 anni
332 653 506 688 dimidium
518 665 585 687 non
597 662 729 699 partem.
754 655 930 686 Annama-

172 718 214 739 τες
228 701 392 754 Angla-arsi
406 703 512 737 ultimi
524 714 592 737 non
611 700 793 735 debuerunt
809 700 859 735 liic
879 703 930 735 Ιιι-

172 758 254 789 nium
273 755 360 801 sequi
376 776 387 792 ‚
414 753 561 799 inprimis
582 749 659 784 cum
682 750 784 785 medii
802 774 811 791 ‚
829 749 931 785 deser-

170 816 211 839 to
228 802 281 838 hic
300 803 383 838 Iunio
396 826 404 840 ‚
429 812 557 837 textum
578 800 771 848 origInalem
801 799 931 847 sequuti

175 853 248 888 sint.

223 900 366 944 Quarto·
393 901 493 935 Iunim
508 911 544 933 ex
557 898 669 933 diebus
680 899 770 934 mille
780 897 929 933 ducentis

174 953 357 999 nonaginta
376 949 544 984 constituit
564 960 626 983 tres
648 960 776 987 annos,
803 946 927 995 septem

173 1001 298 1037 menses
309 1025 318 1041 ,
343 1003 377 1034 δέ
390 999 541 1034 tredecim
552 997 630 1031 dies.
656 996 764 1032 Refte
777 994 829 1030 hic
843 997 928 1032 utri-

172 1064 237 1099 que
254 1051 430 1097 Anglicani
444 1048 560 1082 [tonitam
569 1047 755 1094 corrigunt,
768 1045 924 1093 ponendo

174 1100 302 1136 tantum
315 1098 436 1134 menses
446 1096 510 1132 sex.

221 1147 368 1196 Qinto.
394 1147 500 1180 Etiam
522 1146 554 1179 in
578 1143 742 1180 menfibus
765 1145 830 1179 hoc
850 1146 927 1179 loco

174 1212 276 1235 errare
288 1197 414 1233 videtur
430 1195 539 1228 henim.
566 1194 652 1227 Nam
670 1191 848 1229 Xanthicum
860 1195 929 1229 vult

175 1247 315 1283 mensem
327 1242 633 1293 penultimum‚hoc
644 1243 699 1283 est,
711 1244 928 1278 undecimum

173 1299 263 1346 atqui
276 1298 310 1330 in
324 1296 414 1329 notis
427 1294 465 1327 ad
481 1306 498 1326 2
513 1293 663 1328 Maccab.
678 1305 690 1326 1
703 1305 730 1326 1.
748 1293 930 1327 Xanthicum

171 1347 249 1381 facit
261 1345 405 1380 mensem
418 1345 584 1397 quintum,
599 1343 675 1377 licet
685 1342 820 1390 quaestio
831 1341 868 1377 sit
877 1345 930 1376 in-

172 1408 221 1430 ter
239 1395 357 1429 doetos
369 1395 517 1441 quisnam
533 1390 630 1427 fuerit
647 1394 790 1440 primus·,
812 1395 931 1440 Hyper-

175 1444 389 1492 beretaeufizean
407 1438 596 1482 Xanthicm3
628 1454 795 1490 nunquam
824 1452 932 1476 tamen

174 1492 338 1529 Xanthum
356 1490 417 1525 effe
434 1492 551 1538 poterit
565 1491 615 1525 vel
627 1493 762 1539 quintus
779 1493 831 1527 vel
851 1504 931 1538 pen-

172 1546 316 1579 ultimus.
343 1542 432 1575 Nam
445 1541 466 1575 si
479 1552 599 1575 annum
615 1541 867 1575 Macedonicum
879 1543 932 1576 in·

174 1594 273 1639 cipias
285 1592 324 1625 ab
339 1591 498 1625 Autumni
513 1588 736 1638 Hyperberetaeo,
751 1592 807 1638 qui
820 1590 933 1625 nostro

176 1641 321 1677 Oftobri
334 1640 500 1687 respondet
512 1664 521 1679 ‚
544 1650 615 1674 tum
632 1637 792 1674 Xanthiam
802 1641 858 1686 qui
869 1653 933 1675 no·-

175 1692 241 1727 stro
258 1691 378 1725 Martio
397 1690 574 1727 convenit,
596 1688 772 1725 eritsextus
785 1715 794 1728 ‚
821 1689 866 1724 sin
879 1703 935 1724 au-

166 1753 243 1784 tem
270 1740 286 1774 Ξι
307 1743 391 1775 Vere
412 1751 562 1774 numeres
575 1762 585 1778 ,
610 1749 682 1773 tum
699 1736 864 1774 Xanthicus
875 1741 935 1774 erit

176 1794 312 1838 primus.

188 1854 191 1857 ⁴
227 1841 383 1887 Denique
409 1838 510 1873 Iunius
541 1839 614 1873 vult
641 1840 743 1871 Iovem
754 1835 937 1874 Corinthium

177 1889 324 1924 mensem
339 1888 511 1935 septimum
523 1899 635 1934 aptum
647 1887 762 1921 sationi
774 1904 784 1922 .-
808 1887 891 1922 certe
905 1891 937 1923 in

178 1938 378 1973 Macedonia*
391 1937 499 1972 noster
510 1936 629 1983 Junius
642 1937 709 1971 Iovi
719 1934 868 1972 Corinthio
887 1951 938 1973 re-

188 1989 352 2036 spondens
370 1987 639 2034 videturineptus
651 1986 782 2021 sationi.
810 1988 940 2023 Deinde

179 2038 358 2086 Dioscorium
367 2036 454 2071 hunc
464 2047 599 2084 oportet
609 2034 939 2078 fuiss'eintercalarem,

178 2093 248 2122 non
263 2087 431 2134 vulgarem
455 2085 597 2120 mensem
618 2098 626 2118 :
651 2084 721 2134 imo
742 2088 807 2121 talc
825 2087 941 2122 mensis

178 2135 368 2184 cujusquam
390 2147 515 2170 nomen
526 2135 611 2183 apud
628 2137 761 2170 Graecos
771 2149 939 2183 nunquam

176 2187 322 2221 auditum
334 2183 379 2220 est
393 2209 402 2224 ‚
421 2187 454 2218 &
470 2185 513 2219 ab
529 2186 661 2219 auetore
674 2185 939 2221 Maccabaeoruin

179 2235 308 2270 videtur
320 2233 503 2270 conflans:
530 2237 562 2268 &
571 2232 665 2273 vero,
680 2233 702 2267 si
714 2234 861 2284 Scaltgero
870 2248 941 2270 erc-

181 2285 237 2319 das
248 2309 256 2321 ‚
275 2284 389 2318 mensis
402 2284 626 2318 Macedonum
640 2284 838 2318 intercalatis
849 2295 941 2319 ante-

185 2333 325 2367 cedebat
338 2358 347 2373 ‚
366 2345 433 2366 non
448 2331 643 2379 sequebatur
657 2330 845 2367 Xanthicum.

237 2379 352 2426 Qam
371 2380 464 2415 facile
476 2380 520 2414 est
532 2382 605 2414 viris
625 2380 815 2415 doffiffimis
827 2386 858 2415 δέ
870 2393 944 2415 acu-

186 2429 311 2464 tiffimis
325 2431 357 2463 in
367 2427 557 2472 hujusmodi
568 2430 717 2464 minutiis
728 2442 829 2464 errare
843 2457 851 2470 ,
866 2431 943 2464 dum

185 2478 371 2514 festinantes
390 2478 491 2512 multa
512 2491 578 2512 non
590 2479 700 2512 valent
713 2505 720 2516 ,
740 2480 791 2514 vel
810 2492 878 2514 non
891 2493 944 2514 cu-

186 2540 258 2564 rant
281 2529 420 2563 examini
441 2526 610 2573 subjicere.
644 2528 829 2575 Utcunque
845 2552 853 2564 ‚
878 2527 946 2563 sen-

185 2579 295 2613 tentiae
315 2578 461 2625 Junianae
484 2576 643 2611 summam
669 2576 946 2625 substantiamque

187 2641 248 2662 nos
258 2627 497 2675 ampleffimur,
511 2630 544 2661 &
556 2637 671 2661 contra
682 2629 945 2675 oppugnantium

190 2679 256 2711 tela
268 2678 349 2711 tueri
361 2676 565 2711 conabimur.

1289 128 1406 177 Llu.
1438 139 1467 176 I.
1639 144 1713 177 261

963 207 1033 242 sunt.
1054 209 1141 244 enim
1161 206 1364 256 septuaginta
1382 210 1499 258 septem
1513 210 1582 246 dics
1619 214 1721 248 Sinu-

966 268 1031 290 tem
1044 258 1122 294 vers.
1136 269 1166 299 7.
1185 258 1359 292 secundum
1380 258 1488 295 falsam
1509 259 1720 309 losephifitbu·

966 306 1028 339 lam
1042 331 1050 343 ‚
1068 320 1217 342 numeres
1230 318 1291 342 tres
1303 320 1404 341 annos
1418 312 1448 342 δε
1461 310 1632 345 dimidium
1648 335 1657 349 ‚
1686 311 1721 345 hi

966 355 1098 402 quidem
1117 354 1262 392 efficiunt
1293 355 1360 390 dies
1383 357 1472 391 mille
1494 361 1653 394 ducentos
1673 360 1724 394 sc·

967 406 1136 452 ptuagima
1148 405 1242 440 duos.
1268 409 1487 440 Veruntamen
1508 411 1605 443 ctiam
1625 409 1664 444 sic
1684 409 1723 444 de

967 452 1093 487 summfi
1111 455 1200 488 mille
1219 455 1436 489 ducentorum
1460 459 1641 503 nonaginta
1665 459 1724 493 de-

968 504 1270 538 cruntoftodceim.
1300 504 1404 549 Quod
1426 504 1554 540 fiaddas
1574 506 1638 540 dies
1650 519 1726 540 cen-

971 564 1041 587 turn
1054 558 1083 587 ἃ
1095 554 1171 587 octo
1181 555 1236 601 qui
1246 552 1410 588 fluxerunt
1419 553 1435 587 a
1445 555 1598 589 vicesimo
1608 557 1727 603 quinto

973 603 1067 648 Cifleu
1092 603 1145 636 seu
1173 602 1372 650 eApellaeitad
1399 602 1539 638 Xanthia
1558 606 1726 639 decimum

974 654 1127 700 quintum
1141 676 1150 691 ,
1167 663 1236 686 tum
1254 650 1376 687 summa
1395 666 1570 688 numerum
1583 654 1731 689 nostrum

975 700 1133 750 superabit
1145 700 1258 735 diebus
1267 703 1464 749 nonaginta.

1022 750 1118 797 Resp.
1145 751 1269 784 Primo.
1297 754 1332 785 In
1350 749 1560 802 Brz'ghtmanni
1576 752 1635 787 hac
1655 754 1733 788 Ari-

975 798 1133 835 thmctica
1151 802 1235 835 varia
1250 800 1401 835 videntur
1412 813 1609 848 paroramata
1626 827 1635 842 ,
1659 814 1732 851 qua:

974 861 1083 884 tamen
1102 848 1317 890 transilimus;
1341 853 1453 898 Itaque
1473 851 1550 886 dato
1568 853 1732 887 calculum

953 124 1033 174 rio
1068 147 1091 172 G
1124 134 1230 172 1³ct

974 910 1083 934 totum
1097 895 1157 931 esse
1169 899 1310 938 renum,
1325 899 1406 934 nihil
1424 912 1534 935 tamen
1548 901 1586 935 ad
1596 901 1733 936 noshoc

974 957 1201 996 argumentum
1215 970 1225 983 ‚
1236 948 1293 992 qui
1307 951 1459 996 Eupatoris
1470 950 1637 985 decretum
1648 953 1734 985 Xan-

972 995 1043 1032 thui
1057 996 1188 1031 decimo
1207 997 1326 1044 quinto
1347 1009 1417 1031 non
1436 995 1576 1032 facimus
1602 1003 1732 1034 numeri

974 1048 1088 1095 prioris
1100 1042 1200 1080 finem
1221 1058 1280 1080 nec
1293 1045 1475 1093 posterioris
1493 1047 1622 1082 initium
1635 1073 1646 1088 ‚
1675 1050 1733 1083 ad-

972 1109 1076 1145 eoque
1094 1095 1184 1143 quod
1202 1094 1307 1129 adfert
1328 1097 1368 1130 de
1386 1098 1477 1130 annis
1495 1096 1555 1130 suis
1572 1096 1676 1131 trib¹us
1696 1102 1732 1131 &

974 1146 1087 1181 diebus
1098 1145 1210 1178 decem
1221 1170 1230 1182 ‚
1251 1143 1453 1192 reliquisque
1462 1147 1518 1192 qui
1530 1144 1706 1193 sequuntur
1718 1146 1737 1179 εὶ

975 1195 1171 1244 purgatione
1184 1196 1301 1241 templi
1313 1194 1350 1228 ad
1367 1207 1480 1241 pacem
1494 1197 1641 1242 Eupatoris
1653 1221 1662 1236 ‚
1682 1195 1736 1230 seu

976 1245 993 1280 a
1005 1244 1158 1280 vicesimo
1169 1245 1288 1292 quinto
1303 1242 1396 1288 Czsteu
1408 1244 1447 1279 ad
1459 1243 1625 1280 decimum
1642 1247 1742 1294 quin-

977 1306 1047 1329 tum
1064 1291 1216 1334 Xanthici,
1231 1306 1290 1326 nos
1304 1306 1372 1328 non
1381 1296 1498 1341 tangit.

1028 1342 1194 1378 Secundo.
1222 1343 1323 1377 Ratio
1335 1343 1402 1377 haec
1413 1342 1465 1377 sust
1476 1343 1590 1390 sponte
1602 1343 1701 1383 cadit,
1717 1342 1741 1377 {i

979 1392 1067 1428 versu
1080 1406 1112 1440 7.
1125 1404 1336 1427 numerentur
1344 1404 1407 1427 tres
1417 1395 1493 1427 anni
1504 1397 1535 1427 δι
1549 1393 1739 1433 (ἰίτηὶἀίιιπις

979 1443 1045 1478 hoc
1057 1454 1165 1477 autern
1178 1441 1232 1477 etsi
1246 1443 1344 1476 Iunius
1362 1455 1460 1491 neget
1473 1467 1482 1483 ,
1504 1453 1614 1476 tamen
1630 1453 1740 1476 textus

981 1491 1139 1538 affirmat3
1155 1492 1210 1526 ubi
1222 1491 1371 1526 medium
1384 1516 1393 1531 ,
1407 1505 1474 1526 non
1485 1504 1571 1540 pars,
1599 1491 1741 1538 expresst}

984 1545 1113 1591 legitur.
1142 1543 1182 1576 Et
1192 1540 1271 1577 vero
1282 1554 1350 1576 non
1363 1541 1407 1576 est
1420 1541 1486 1577 haec
1500 1538 1608 1588 Iosephz
1620 1540 1743 1575 fabula:

980 1606 1056 1628 nam
1076 1602 1187 1639 praeter
1208 1592 1286 1626 alios
1314 1601 1379 1625 tam
1403 1591 1619 1626 Protestantes
1645 1589 1742 1638 quam

962 1669 963 1672 η
981 1640 1178 1676 Pontificios
1197 1665 1206 1677 ‚
1233 1643 1456 1675 Annotatores
1476 1642 1652 1688 Anglicani
1674 1652 1744 1674 me-

982 1693 1046 1728 dii,
1070 1689 1140 1725 imo
1158 1690 1306 1738 ipsorum
1327 1687 1536 1740 Brightmamn
1554 1689 1741 1737 sequacium

982 1742 1152 1789 primarius
1169 1743 1283 1774 Hmtm
1295 1762 1303 1774 ‚
1323 1752 1396 1774 eum
1417 1737 1523 1775 versus
1534 1738 1742 1787 septimilen-

983 1789 1053 1826 sum
1067 1790 1321 1837 amplectuntur.

1036 1839 1144 1884 Quod
1160 1837 1238 1874 vero
1250 1838 1368 1883 objicit
1381 1836 1621 1886 Brightmannus‚
1645 1835 1746 1872 deesse

985 1889 1093 1924 adhuc
1132 1888 1170 1923 ad
1206 1900 1379 1922 numerum
1409 1887 1646 1934 complendum
1675 1887 1745 1921 dies

988 1938 1174 1974 oetodecim
1185 1962 1195 1978 ,
1215 1936 1309 1972 facile
1323 1936 1557 1984 respondemus
1568 1937 1600 1971 id
1614 1939 1747 1971 contin-

987 2003 1063 2039 gere
1081 2001 1119 2022 ex
1138 1999 1263 2022 errante
1283 1984 1492 2037 Brightmanni
1512 1987 1658 2025 calculo,
1684 1998 1748 2019 nu-

988 2048 1090 2073 merat
1109 2037 1275 2072 enim-ille
1296 2037 1330 2069 in
1349 2035 1408 2070 suo
1427 2047 1514 2069 anno
1533 2035 1601 2069 dies
1620 2044 1749 2069 tanturn

988 2098 1155 2123 trecentos
1167 2085 1331 2132 sexaginta
1341 2098 1380 2119 ex
1392 2083 1555 2119 mensibus
1573 2084 1750 2119 duodecim

988 2135 1162 2186 aequalibus
1174 2137 1314 2183 triginta
1328 2135 1450 2168 dierum
1464 2147 1473 2173 3
1501 2134 1624 2168 oblitus
1642 2132 1752 2180 fingu-

989 2190 1029 2222 lis
1040 2188 1130 2221 annis
1142 2185 1327 2228 adjectitios
1340 2186 1484 2232 quinque
1496 2183 1609 2220 dies,&
1624 2180 1674 2217 sex
1686 2183 1750 2216 ho-

991 2249 1041 2272 ras
1061 2238 1095 2270 in
1107 2234 1212 2269 tribus
1232 2234 1326 2267 annis
1348 2237 1382 2267 &
1395 2232 1530 2266 dimidio
1547 2231 1702 2279 assurgere
1712 2232 1751 2266 ad

990 2286 1058 2320 dies
1071 2282 1299 2318 novemdecim
1310 2308 1319 2322 ‚
1347 2294 1433 2330 quos
1444 2282 1539 2316 certis
1559 2283 1657 2329 cyclis
1669 2282 1752 2330 sem-

992 2333 1307 2384 perintercalabant,
1334 2333 1391 2379 qui
1411 2331 1534 2366 menses
1551 2336 1581 2365 :Q
1593 2343 1695 2364 annos
1711 2343 1753 2364 ae·

992 2385 1103 2431 quales
1116 2380 1320 2429 usurpabant.

1045 2430 1152 2479 Qod
1175 2432 1293 2479 premit
1314 2428 1498 2475 nonaginta
1517 2426 1639 2460 dierum
1659 2426 1751 2461 addi-

995 2483 1119 2516 tionem
1133 2480 1170 2515 ad
1184 2482 1324 2527 priorem
1337 2478 1499 2513 summam
1510 2500 1518 2513 ‚
1536 2489 1595 2510 nos
1607 2488 1673 2509 non
1686 2474 1755 2523 spe-

996 2533 1082 2570 cht,
1101 2531 1156 2577 qui
1171 2528 1323 2575 Eupatoris
1339 2526 1554 2560 chara&erem
1577 2536 1754 2571 negamus:

998 2591 1100 2626 neque
1113 2579 1213 2612 etiam
1236 2576 1371 2614 lunium,
1401 2576 1458 2622 qui
1483 2587 1542 2621 pro
1562 2577 1639 2607 anni
1660 2574 1756 2608 dimi-

998 2629 1054 2663 dio
1074 2628 1200 2674 semper
1221 2627 1301 2675 legit
1317 2625 1394 2660 anni
1413 2634 1534 2671 partem
1546 2648 1555 2664 ‚
1573 2623 1641 2658 dies
1655 2625 1755 2658 nimi-

999 2691 1069 2714 rum
1082 2677 1208 2711 decem.

0 2738 3 2782 Ι
39 2747 171 2777 luniusde-
240 2723 469 2778 Brtghtmannus
480 2728 512 2759 in
522 2728 609 2763 Dan.
623 2727 733 2761 locum
745 2738 816 2774 pag.
829 2739 885 2769 92.
904 2725 946 2760 sic

0 2789 2 2818 ι
32 2791 142 2828 fmdnur
190 2777 317 2822 objicit.
346 2778 373 2808 A
396 2776 581 2823 pollutione
599 2778 716 2822 templi
731 2776 947 2809 addecretum

0 2838 3 2886 ζ
193 2825 233 2860 de
249 2825 396 2867 ωόζνομῖῳ
422 2825 608 2873 Judaeorum
643 2821 784 2858 Xantln'ci
819 2824 947 2857 decimo

1048 2728 1144 2762 Plura
1158 2723 1278 2769 objicit
1290 2724 1413 2764 Hnitm,
1426 2723 1583 2772 praecipua
1593 2722 1657 2757 hoec
1667 2718 1753 2757 sunt.
1772 2732 1894 2771 Resuian-

999 2776 1122 2811 Primo.
1148 2775 1353 2821 Ubicunque
1371 2775 1517 2822 loquitur
1538 2774 1699 2819 Scriptura
1713 2772 1752 2807 de
1775 2782 1890 2801 :mexte-

38 2840 123 2858 contra
1001 2822 1165 2860 ‹zAntiocln'
1180 2824 1375 2862 actionibus,
1386 2823 1473 2857 addit
1485 2821 1605 2869 semper
1616 2823 1752 2856 circum·
1771 2823 1868 2853 {³¹¹⁰”05

38 2875 56 2899 B
59 2871 134 2911 right-

0 2923 1 2927 ¹
39 2915 125 2940 'manni
131 2922 176 2938 ex-

40 2966 46 2980 ι
53 2956 159 2992 cptiones.

193 2876 309 2922 quinto
331 2888 401 2909 non
419 2876 579 2909 numerari
599 2874 667 2908 dies
686 2874 776 2908 mille
790 2872 950 2906 ducentos

197 2926 400 2971 nonaginta,
433 2925 518 2958 Nam
534 2949 543 2964 ‚
569 2926 676 2972 inquit
690 2949 699 2964 ‚
728 2923 744 2956 a
763 2923 950 2969 pollutione

197 2975 312 3019 templi
324 2973 476 3007 vicesimo
487 2976 604 3022 quinto
614 2972 708 3018 Cisseu
719 2973 796 3006 anni
813 2973 950 3007 Graeco-

200 3034 271 3055 rum
294 3033 369 3067 145.
385 3023 423 3056 ad
445 3025 674 3071 purgationem
691 3021 853 3056 fluxerunt
873 3034 951 3069 prm—

201 3069 267 3104 cis&
281 3083 341 3104 tres
351 3074 424 3105 anni
442 3073 492 3105 seu
504 3074 569 3106 dies
581 3074 670 3107 mille
683 3073 875 3118 oeioginta:
904 3072 954 3104 in-

199 3121 237 3154 de
250 3120 287 3153 ad
299 3119 462 3154 decimum
484 3122 635 3167 quintum
654 3118 791 3154 Xanthia
804 3119 876 3154 sunt
888 3119 954 3153 dies

199 3181 332 3203 centum
344 3173 374 3202 ἂ
385 3170 463 3202 osto
473 3191 479 3203 .
489 3169 521 3203 hi
530 3172 633 3214 juntffi
649 3184 717 3204 non
730 3170 904 3204 ascendunt
915 3169 953 3202 ad

198 3217 356 3254 summam
370 3217 681 3254 milleducentorum
692 3221 883 3267 nonaginta,
899 3220 953 3253 dc-

1002 2875 1131 2909 stantias
1144 2886 1213 2921 quae
1233 2874 1530 2907 notant'affionum
1546 2875 1612 2916 ejus
1623 2869 1751 2906 foedita-

1002 2935 1092 2957 tem:
1119 2923 1181 2956 Sed
1195 2925 1279 2956 Dan.
1297 2935 1348 2956 12.
1360 2922 1438 2956 vers.
1454 2934 1464 2955 1
1479 2934 1504 2955 1.
1518 2922 1756 2956 nullacircum-

1004 2974 1115 3007 stantia
1135 2970 1221 3005 foecla
1237 2973 1438 3019 exprimitur.
1475 2969 1567 3017 Resp.
1595 2971 1695 3005 Nulla
1711 2971 1756 3007 est

1004 3023 1035 3055 in
1059 3023 1177 3065 Maiori
1199 3020 1367 3055 necessitas
1387 3035 1396 3054 ι
1423 3031 1588 3067 utcunque
1606 3044 1616 3060 ‚
1642 3021 1755 3055 Minor

1004 3071 1078 3105 falsa
1100 3070 1154 3104 est.
1178 3072 1263 3105 Nam
1277 3072 1364 3104 Dan.
1380 3082 1427 3105 12.
1442 3082 1470 3101 v.
1485 3081 1495 3102 1
1511 3081 1540 3103 1.
1564 3071 1758 3117 exprimun-

1005 3132 1056 3155 tur
1075 3120 1219 3154 aCl‘iones
1232 3133 1300 3166 qua²
1312 3118 1362 3153 sust
1378 3117 1489 3153 natura
1501 3130 1586 3153 erant
1599 3119 1756 3166 pessume,

1007 3174 1040 3204 δε
1053 3182 1122 3218 (μιν
1133 3170 1238 3202 vitum
1256 3166 1468 3203 foediffimum
1487 3168 1582 3203 unice
1594 3169 1760 3206 decebant,

1007 3221 1160 3255 nimirum
1171 3216 1349 3266 suppressio
1358 3229 1414 3265 per
1424 3219 1603 3254 immanem
1615 3217 1760 3265 persecu-

979 3277 983 3309 'a
1367 3267 1399 3301 K
1412 3266 1432 3301 k
1458 3282 1474 3315 3
1694 3266 1759 3298 tio-

1774 2858 1870 2883 Huittt.
