2048 3343
476 133 555 160 ET
619 120 1531 161 CHR0N0200101L13.11.
1743 137 1779 175 35

215 204 306 230 vocet
321 204 452 232 annum,
478 205 543 226 non
563 191 607 227 est
620 192 706 240 quod
721 205 779 226 nos
797 190 979 226 nomencla-
1022 191 1206 226 testimonio
1217 193 1378 232 Herodoti,
1399 191 1502 239 (iestis,
1521 194 1680 234 Ptolemaei,
1698 198 1731 231 &
1744 209 1776 231 a-
1790 206 1830 234 ria
1838 206 1903 243 pm,-

212 256 312 279 turam
330 244 380 290 Sp.
395 243 497 277 Sanffl
510 243 711 289 corrigamus.
746 242 843 274 Certe
856 239 920 273 duo
935 238 978 271 illi
1019 240 1134 275 liorum
1147 242 1346 289 antiquorum
1359 244 1485 287 ponitur
1497 254 1579 278 extra
1592 244 1720 279 dubium
1732 259 1741 285 3
1754 245 1774 280 [i
1787 247 1920 285 probabat}

1020 290 1078 323 ulla
1091 290 1276 325 testimoniis
1290 290 1430 324 humanis
1446 291 1520 326 fides
1534 293 1705 328 adhibenda
1719 294 1773 331 est.
1789 287 1830 324 est.

211 293 282 328 anni
299 290 473 338 imperfetfti
489 292 548 324 una
560 303 632 324 cum
647 289 777 333 Ioachafi
786 292 818 322 &
831 288 975 325 lcchom'ae,

211 341 260 376 sex
273 341 443 380 mensibus,
457 341 599 375 videntur
611 337 749 385 superare
761 335 866 371 saltem
879 347 975 370 unum

211 404 338 426 annum.

260 441 389 489 Capellus
401 438 452 472 hic
465 446 604 471 numerat
618 435 861 483 quadringentos
874 434 975 482 vigin-

210 490 234 524 ti
250 487 380 536 septem,
406 491 566 525 Petavms,
593 487 769 521 Tormellus,
795 489 827 519 &
846 488 975 518 functus

210 538 452 587 quadringentos
461 536 568 584 viginti
576 546 709 583 quatuor
717 560 727 574 ,
747 547 804 568 nos
813 533 888 568 vero
902 547 974 568 cum

210 585 347 635 expressa
365 586 539 634 Scripturz'i‚
558 596 591 619 ut
603 583 713 619 fatetur
725 586 875 619 Henricus
890 583 973 616 ‘Pht-

158 677 161 681 Ι
209 640 282 687 lippi
294 639 325 671 in
339 638 438 685 quarti
452 637 577 684 Regum
586 633 761 669 vicesimum
770 633 915 681 quintum
924 645 973 666 re-

156 1248 158 1250 *
205 1233 239 1266 ni
264 1232 442 1279 captivitatis
461 1227 659 1276 Babylonicae
679 1227 695 1261 a
713 1227 816 1272 primo

209 690 344 722 tinemus
369 686 614 733 quadringentos
632 684 756 730 triginta
784 695 855 716 cum
874 681 971 721 Beda,

208 740 361 771 Mariano
367 740 460 773 Scato,
470 733 675 773 Adrtchomio,
684 732 813 766 Barade'o
828 756 839 772 ,
851 735 881 766 &
892 731 972 766 mul-

208 787 247 821 tis
265 787 340 821 aliis.
545 796 547 798 ·

255 835 412 871 Articulus
431 831 527 868 sextus
542 832 585 867 cst
602 844 755 866 annorum
775 841 899 865 centum
916 830 971 864 tri-

208 885 294 933 ginta
307 886 416 923 trium,
443 884 459 918 :i
474 883 646 930 captivitate
659 881 850 926 Babylonica
865 880 900 914 ad
914 881 971 913 ini-

207 936 286 969 tium
315 934 584 969 hebdomadarum
616 931 754 964 Danielis
767 933 969 962 'Artaxerxis

207 987 388 1034 Longimam'
400 981 538 1030 septimo.
577 981 686 1016 Solum
699 979 762 1013 hoc
775 979 969 1013 intervallum

205 1046 273 1068 non
292 1033 393 1080 potest
416 1046 452 1067 ex
472 1032 625 1078 Scriptura
644 1027 847 1064 demonstrari
865 1026 968 1062 secun-

206 1084 282 1117 dum
298 1096 408 1118 omnes
422 1082 462 1115 sui
476 1092 592 1129 partes:
618 1090 654 1113 ex
668 1077 853 1112 testimoniis
866 1087 967 1111 tamen

205 1132 347 1167 humanis
360 1132 486 1180 optimae
500 1141 598 1169 notse,
619 1127 802 1162 &motibus
815 1125 968 1160 stellarum

206 1180 273 1217 satis
286 1182 415 1216 firmiter
429 1181 584 1228 probatur.
610 1176 710 1227 Qod
723 1176 968 1273 septuagiyngzn—

897 1237 911 1256 e
931 1237 968 1258 u-

204 1279 402 1315 chadnezaris
414 1280 585 1326 inceperint
592 1275 664 1311 cum
678 1274 828 1309 abduetus
842 1273 886 1308 est
897 1277 967 1309 Da-

204 1331 266 1363 niel
278 1329 422 1363 loachimi
441 1330 570 1376 quium,
601 1326 686 1360 annis
703 1324 884 1358 oetodecim
898 1334 966 1358 ante

202 1377 345 1415 vastatam
363 1375 631 1424 Hierosolymam,
666 1378 696 1409 &
716 1372 806 1408 clausi
828 1372 883 1407 lint
899 1377 967 1422 Cyri

200 1428 388 1463 monarchia:
401 1428 504 1476 primo
515 1451 525 1466 ,
549 1426 656 1474 Regni
670 1423 748 1458 vero
763 1421 966 1470 Perficivige-

201 1476 281 1512 fimo
294 1479 413 1525 primo,
427 1478 513 1512 annis
525 1475 748 1524 quinquaginta
755 1471 878 1507 duobus
890 1471 962 1520 post

201 1525 362 1561 incensum
374 1527 542 1573 templum,
572 1523 639 1559 fuse
653 1537 689 1558 ex
708 1522 794 1557 sacris
816 1522 910 1556 literis
928 1522 964 1555 li-

203 1575 265 1610 bro
285 1577 382 1624 priori
401 1575 567 1624 probatum
580 1574 731 1609 dedimus.
758 1571 859 1622 Qod
873 1571 964 1606 etiam

202 1628 340 1660 Danielis
354 1623 582 1660 hebdomadaea
593 1625 774 1672 Longimam
781 1621 910 1668 septimo
918 1621 965 1655 in-

202 1677 333 1723 cipiant,
355 1676 458 1710 multis
471 1675 589 1709 ibidem
603 1673 811 1707 stabilivimus.
849 1671 964 1706 Omnis

202 1739 281 1774 ergo
294 1726 344 1760 hic
355 1725 483 1773 quaestio
497 1724 613 1773 reliqua
621 1722 680 1762 cst,
698 1735 734 1756 an
748 1721 764 1756 a
777 1721 879 1769 primo
887 1723 964 1755 Mo-

202 1776 335 1811 narchiae
350 1780 432 1824 Cyri,
454 1774 502 1809 seu
516 1774 532 1808 a
545 1775 631 1822 capta}
640 1785 694 1820 pet
708 1776 817 1818 Cyrum
825 1771 962 1818 Babylo-

202 1837 244 1860 ne
262 1825 299 1859 ad
317 1824 482 1872 septimum
502 1826 692 1858 Artaxerxis
711 1824 890 1870 Longimam'
907 1820 964 1855 sint

202 1875 276 1909 anni
289 1875 453 1922 oftoginta
467 1880 496 1910 δε
505 1877 602 1908 unus?
628 1875 662 1907 In
676 1872 739 1906 hoc
748 1871 824 1906 vero
838 1873 915 1906 inter
926 1883 964 1906 ο-

202 1937 293 1959 mnes
306 1938 386 1971 quos
399 1925 460 1958 vidi
473 1923 721 1971 Chronologos‚
745 1921 960 1958 Protestantes‚

161 1970 163 1972 ’
201 1974 408 2013 Pontificios‚
428 1987 556 2022 magnus
577 1973 620 2008 est
633 1970 811 2012 consensuS,
834 1971 855 2006 fi
869 1984 964 2006 unum

37 3178 99 3203 Pars
108 3182 182 3203 extra

35 3213 171 3254 scriptum-

202 2034 256 2058 aut
268 2023 395 2058 alterum
410 2036 523 2058 annum
537 2024 684 2071 excipias,
712 2035 779 2069 quae
792 2020 964 2057 differentia

202 2085 260 2120 per
279 2074 437 2121 vulgarem
455 2073 688 2108 distinet-ionem
703 2085 856 2107 annorum
876 2085 962 2107 com-

203 2122 362 2170 pletorum
375 2127 406 2158 &
420 2124 685 2170 incompletorum
698 2148 708 2163 ,
739 2123 964 2157 terminorum-

203 2185 265 2220 que
278 2170 464 2207 inclusorum
477 2177 508 2208 &
523 2171 714 2208 exclusorum
721 2171 807 2207 facile
815 2173 963 2207 concilia-

203 2231 261 2255 tur.
287 2221 488 2271 Lansbergius
495 2222 620 2270 quidem
629 2248 638 2263 ,
645 2224 805 2261 Helvicus,
813 2225 964 2261 Emmius,

203 2268 357 2314 Calvtfius,
384 2276 415 2306 &
429 2273 496 2312 alii3
511 2271 677 2307 secundum
690 2272 810 2318 priores
822 2272 966 2318 Scaltgeri

202 2320 356 2366 cogitatus
371 2321 485 2366 (quos,
510 2331 545 2353 ut
557 2321 642 2354 reete
662 2319 803 2355 observat
816 2317 963 2367 (apellas,

202 2367 310 2415 postea
322 2369 455 2402 correxit
467 2369 498 2401 in
511 2366 691 2416 Isagogicis)
706 2368 904 2402 extendentes
917 2380 965 2402 ca-

202 2417 348 2464 ptivitatis
367 2417 564 2463 Babylonicae
589 2418 685 2452 finem
706 2417 742 2452 ad
768 2419 837 2463 cyri
860 2415 964 2452 vicesi-

202 2479 290 2500 mum
310 2479 430 2500 nonum
443 2467 528 2500 annis
543 2464 659 2514 septem
674 2477 724 2500 aut
739 2467 817 2500 ofto
830 2465 900 2512 post
914 2479 963 2500 ca-

201 2527 286 2563 ptam
300 2516 493 2562 Babylonem
502 2514 687 2564 septuaginta
699 2528 796 2550 annos
805 2515 963 2562 captivita-

202 2567 242 2599 tis
261 2564 561 2604 miserejnvolvunt:
590 2565 791 2600 nihilominus
810 2577 914 2600 tamen
926 2566 965 2599 de

202 2626 345 2662 tempore
363 2628 425 2662 prae
450 2615 592 2650 manibus
616 2629 745 2664 magnus
770 2614 815 2649 est
834 2613 964 2650 consen-

204 2662 266 2703 sus,
283 2677 353 2698 nam
369 2664 431 2699 fere
444 2678 554 2700 omnes
567 2665 584 2700 a
597 2669 666 2714 Cyri
678 2664 823 2700 vicesimo
842 2666 962 2713 primo,

202 2714 328 2762 quando
337 2714 528 2760 Babylonem
537 2716 629 2761 cepit,
637 2715 672 2750 ad
679 2716 814 2763 primuni
823 2715 966 2762 Cambyfis

202 2775 366 2798 numerant
375 2776 472 2798 annos
485 2777 614 2799 novem:
634 2767 728 2813 magis
740 2777 847 2805 unum,
862 2764 965 2799 saltem

203 2811 338 2861 utrisque
351 2814 429 2847 οξὶο
443 2814 627 2848 attribuunt:
642 2816 747 2847 ‘Dario
759 2814 903 2861 Hystaspis
910 2815 964 2847 tri-

205 2862 288 2909 ginta
303 2861 366 2902 sex,
392 2866 488 2897 Xerxi
506 2863 612 2912 viginti
632 2875 744 2898 unum:
776 2862 825 2896 his
839 2862 859 2896 fi
875 2862 965 2896 addas

204 2913 391 2946 Artaxerxis
399 2916 578 2962 Longt'mam'
589 2911 668 2961 septe
673 2926 702 2947 m
709 2937 718 2950 ‚
732 2912 861 2947 habebis
869 2912 966 2946 inclu-

206 2959 243 2993 fis
256 2961 394 2995 terminis
409 2963 571 3011 o&oginta
590 2975 703 3002 unum,
730 2967 762 2998 &
782 2961 906 2996 exclusis
921 2959 966 2995 se-

205 3009 362 3057 ptuaginta
381 3023 493 3046 novem
507 3037 518 3052 ,
548 3013 600 3060 qui
620 3013 718 3059 junCd
743 3013 967 3060 quinquaginta

206 3058 330 3092 duobus
353 3059 490 3094 efficiunt
508 3074 632 3098 centum
655 3064 779 3111 triginta
804 3074 901 3095 unum
920 3062 966 3097 vel

207 3119 333 3142 centum
347 3110 470 3157 triginta
482 3120 553 3144 tres.

254 3159 382 3193 Horum
407 3171 474 3206 pars
498 3170 580 3194 extra
603 3159 789 3208 scripturaria
811 3174 965 3197 annorum

205 3205 392 3258 septuaginta
409 3221 527 3247 novem
545 3210 593 3248 vel
611 3212 776 3261 octoginta
798 3214 902 3251 unius,
928 3224 966 3248 ex

1022 338 1100 383 Qio
1114 340 1189 373 vero
1203 339 1284 377 hisce
1295 338 1482 374 testimoniis
1496 341 1613 376 firmius
1626 343 1776 382 credatur,

1017 398 1052 420 ea
1065 389 1232 421 Ptolemaeus
1244 390 1337 428 olim,
1359 393 1390 424 δι
1407 401 1503 436 nuper
1515 393 1658 440 Scaliger,
1677 396 1776 428 Lans-

1016 434 1145 485 bergius‚
1173 440 1205 471 &
1217 440 1365 474 petavius
1377 439 1532 486 eleganter
1547 452 1582 473 ex
1595 443 1667 475 coeli
1681 444 1777 478 moti-

1016 485 1073 520 bus
1087 485 1308 521 demonstrant.
1335 486 1514 522 Observatis
1535 491 1616 522 enim
1630 502 1666 524 ex
1679 491 1777 526 Chal-

1015 535 1152 570 daeorum
1172 539 1204 571 8(
1223 537 1442 584 AEgyptiorum
1463 538 1663 573 sacerdotum
1676 540 1778 575 archi-

1014 585 1075 624 vis,
1091 584 1262 632 *ecliplibus
1284 587 1364 621 Solis
1384 590 1415 621 &
1435 588 1531 621 Lunae
1552 585 1646 635 iisque
1660 589 1778 624 collatis

1014 646 1084 668 cum
1099 633 1228 671 historia
1246 636 1405 670 inveniunt
1424 637 1623 683 antiquorum
1643 639 1778 673 calculos

1013 696 1085 717 cum
1098 682 1155 718 suis
1170 684 1249 719 belle
1260 687 1448 720 convenire:
1474 688 1508 719 ln
1528 686 1631 720 multis
1653 688 1779 723 firmum

1014 732 1058 767 est
1070 732 1133 767 hoc
1151 746 1383 781 argumentum,
1410 734 1478 769 imo
1499 736 1530 769 in
1543 735 1690 770 omnibus
1706 737 1778 772 essct

1013 781 1235 830 irrefragabile,
1263 784 1284 818 fi
1299 784 1397 818 modo
1414 784 1570 831 eclipsium
1582 786 1777 832 antiquarum

1012 830 1186 879 perfectum
1205 833 1421 868 Mathematici
1442 835 1594 869 calculum
1607 835 1777 878 dedissent,

1010 885 1041 916 &
1068 881 1208 915 historici
1232 895 1280 915 res
1305 883 1402 931 gestas
1427 884 1591 920 multarum
1617 885 1776 932 ecliplium

1010 930 1239 964 charaeteribus
1255 931 1423 979 lignfissent.
1443 935 1554 967 Fateor
1567 945 1669 970 tamen
1683 948 1775 981 argu-

1009 981 1233 1014 mentationem
1246 981 1326 1016 hanc
1338 982 1464 1016 dubiam
1477 984 1648 1023 multoties,
1660 976 1729 1019 imo
1741 998 1774 1019 a-

1007 1030 1155 1077 liquando
1168 1027 1269 1064 falsam
1282 1029 1381 1066 facere
1401 1044 1466 1065 non
1480 1031 1599 1066 tantum
1614 1033 1775 1069 sententias

1008 1080 1173 1113 contrarias
1191 1078 1241 1114 sed
1255 1080 1346 1115 etiam
1360 1081 1525 1128 palpabiles
1542 1094 1678 1122 errores,
1698 1087 1773 1116 Sca-

1007 1130 1107 1176 ligert‘,
1122 1131 1260 1169 Petavii,
1282 1132 1419 1175 Calvfii,
1439 1134 1469 1165 &
1483 1131 1615 1164 aliorum
1629 1131 1775 1178 praestan-

1008 1178 1190 1212 tiffimorum
1210 1178 1508 1214 Mathematicorum
1525 1180 1557 1213 in
1576 1180 1611 1214 iis
1633 1193 1701 1228 quae
1721 1194 1773 1215 ac-
1818 1199 1820 1202 ·

1008 1238 1115 1261 curato
1128 1227 1287 1276 eclipfium
1305 1230 1424 1263 calculo
1438 1229 1573 1275 probare
1592 1233 1624 1264 &
1636 1231 1771 1265 demon-

1007 1275 1099 1311 strare
1111 1275 1139 1311 se
1151 1276 1348 1324 profitentur.
1376 1278 1680 1328 CerteLansbergius
1692 1293 1770 1314 con-

1007 1325 1199 1360 fidentissime
1220 1328 1328 1362 clamat
1349 1326 1377 1362 se
1389 1341 1425 1362 ex
1439 1329 1578 1363 motibus
1592 1329 1771 1365 coelestibus

1006 1376 1174 1411 certissimis
1186 1380 1216 1411 &
1225 1377 1390 1412 clariffimis
1404 1377 1722 1413 demonstrationibus
1735 1392 1770 1414 e-

1005 1425 1104 1460 viciffe
1117 1450 1128 1466 ‚
1154 1426 1171 1460 a
1189 1427 1309 1474 templo
1329 1426 1454 1461 incenso
1473 1428 1510 1462 ad
1530 1438 1648 1475 captam
1663 1429 1680 1462 a
1695 1433 1769 1477 Cyro

1005 1475 1198 1522 Babylonem
1212 1474 1398 1525 septuaginta
1418 1489 1515 1511 annos
1528 1476 1653 1522 praecise
1665 1477 1771 1512 fluxis-

1005 1523 1049 1564 se,
1072 1525 1158 1573 quod
1172 1536 1277 1560 tamen
1290 1525 1375 1574 supra
1388 1526 1580 1561 ostendimus
1592 1525 1713 1564 falsum,
1734 1532 1768 1563 &

1004 1575 1177 1622 Scripturae,
1192 1588 1225 1610 ac
1240 1575 1526 1624 chronologorum
1540 1579 1767 1625 Interpretum-

1003 1637 1064 1672 que
1081 1624 1261 1659 solidiffimis
1274 1637 1457 1674 repugnans.

1050 1674 1186 1709 Ultimus
1198 1675 1340 1710 articulus
1353 1688 1505 1712 annorum
1520 1676 1765 1726 quadringento-

1002 1736 1071 1759 rum
1084 1725 1305 1774 quinquaginta
1319 1727 1413 1761 trium
1427 1724 1587 1774 aseptimo
1601 1730 1765 1776 Longima-

1002 1778 1035 1808 m'
1049 1774 1085 1809 ad
1099 1786 1202 1809 natum
1216 1775 1377 1811 Christum
1391 1776 1430 1811 fic
1442 1777 1530 1811 certo
1545 1775 1610 1811 finis
1630 1777 1766 1812 demon-

1003 1823 1120 1859 stratur.
1145 1826 1246 1865 Dato,
1255 1828 1342 1873 quod
1355 1825 1440 1875 supra
1453 1826 1618 1874 probatum
1631 1826 1687 1866 est,
1695 1830 1766 1860 Da-

1002 1875 1084 1908 nielis
1103 1873 1313 1910 hebdomadas
1334 1877 1351 1911 a
1368 1880 1551 1925 Longimam'
1570 1876 1702 1924 septimo
1715 1877 1766 1910 in·-

1003 1923 1129 1972 cepiffe,
1149 1925 1180 1958 in
1195 1925 1401 1960 hebdomadis
1414 1924 1601 1974 septuaginta
1615 1924 1681 1960 sunt
1693 1926 1766 1960 anni

1003 1975 1219 2023 quadringenti
1238 1977 1404 2025 nonaginta
1423 1990 1432 2016 3
1465 1976 1497 2009 in
1518 1976 1626 2010 medio
1650 1976 1766 2011 ultimae

1002 2023 1206 2059 hebdomadae
1221 2036 1362 2060 mortuus
1376 2025 1420 2060 est
1433 2025 1554 2059 Messias
1575 2026 1699 2066 Dan.9.
1714 2037 1765 2070 27.

1003 2074 1018 2108 a
1035 2073 1188 2122 baptismo
1206 2074 1321 2109 Meffiae
1346 2075 1383 2109 ad
1403 2077 1467 2119 ejus
1485 2084 1622 2108 mortem
1640 2072 1767 2108 fuerunt

1003 2125 1073 2158 anni
1092 2135 1152 2159 tres
1171 2137 1242 2159 cum
1256 2124 1388 2159 dimidio
1401 2149 1410 2164 ‚
1438 2135 1470 2158 ut
1483 2122 1589 2173 postea
1602 2123 1768 2158 videbitur.

1002 2175 1089 2222 Ergo
1103 2174 1272 2223 baptizatus
1285 2173 1330 2209 est
1337 2173 1479 2208 Christus
1493 2173 1584 2208 initio
1598 2173 1711 2207 ultimae
1721 2171 1766 2206 se-

1001 2225 1143 2269 ptimanae
1160 2238 1170 2265 ;
1195 2224 1334 2259 nativitas
1353 2234 1456 2258 autem
1473 2221 1594 2258 Christi
1611 2221 1766 2258 anteceffit

1000 2271 1186 2319 baptilinum
1199 2274 1284 2306 annis
1297 2273 1420 2320 triginta
1429 2297 1439 2312 ,
1464 2282 1498 2306 ut
1510 2272 1612 2319 legere
1625 2270 1670 2305 est
1683 2273 1761 2305 Luc.

1000 2335 1026 2368 3.
1040 2334 1083 2368 23.
1117 2332 1204 2356 natus
1219 2322 1313 2370 igitur
1330 2321 1375 2356 est
1389 2320 1531 2356 Christus
1546 2322 1630 2354 annis
1641 2321 1766 2367 triginta

1001 2369 1117 2416 septem
1137 2382 1206 2405 ante
1228 2371 1325 2405 finem
1344 2369 1531 2417 septuaginta
1549 2368 1765 2403 hebdomada-

1001 2431 1081 2453 rum.
1107 2419 1277 2453 Subtraffls
1291 2420 1415 2466 triginta
1427 2417 1541 2465 septem
1549 2430 1584 2451 ex
1592 2418 1679 2451 totali
1687 2429 1764 2464 qua-

1001 2468 1238 2516 dringentorum
1255 2469 1422 2516 nonaginta
1436 2492 1446 2508 ‚
1473 2467 1675 2501 remanebunt
1687 2479 1763 2513 qua-

1001 2517 1155 2565 dringenti
1167 2519 1390 2566 quinquaginta
1402 2528 1480 2557 tres,
1494 2517 1548 2565 qui
1561 2515 1605 2551 est
1616 2528 1762 2550 numerus

1000 2566 1170 2614 requisitus.

1048 2618 1098 2651 Sic
1109 2616 1242 2652 breviter
1249 2628 1359 2651 omnes
1374 2614 1488 2663 septem
1501 2615 1644 2649 articulos
1658 2615 1695 2649 ab
1703 2616 1761 2650 ini-
1775 2635 1894 2665 Partium

999 2667 1046 2700 tio
1065 2667 1173 2701 mundi
1194 2666 1231 2700 ad
1247 2665 1407 2701 Christum
1427 2676 1532 2699 natum
1546 2664 1761 2711 probavimus,
1775 2678 1843 2704 unio.

1000 2728 1176 2764 omnesque
1188 2729 1225 2750 ex
1237 2717 1348 2763 apertis
1361 2716 1534 2762 Scripturis,
1550 2714 1570 2748 fi
1583 2715 1712 2762 excipias
1727 2728 1764 2749 u-

1001 2778 1093 2806 num,
1119 2765 1186 2800 imo
1207 2765 1228 2799 si
1243 2766 1331 2800 unius
1345 2764 1464 2799 tantum
1478 2776 1612 2812 partem,
1632 2777 1689 2811 pro
1702 2764 1763 2813 qu&

1002 2815 1178 2849 testimonia
1196 2815 1329 2850 humana
1347 2813 1414 2849 satis
1434 2815 1527 2848 multa
1541 2839 1551 2854 ,
1577 2817 1609 2848 δι
1628 2815 1761 2849 rationes

1002 2863 1098 2898 firmae
1110 2863 1293 2900 afferuntur:
1312 2865 1401 2900 restat
1413 2866 1474 2910 jam
1487 2875 1520 2898 ut
1533 2864 1676 2898 articulos
1689 2877 1762 2898 orn-

1002 2926 1056 2947 nes
1075 2916 1312 2962 conjungamus.
1350 2915 1472 2949 Primus
1490 2913 1528 2947 ab
1543 2913 1636 2947 initio
1654 2914 1762 2949 mundi

1003 2963 1039 2997 ad
1052 2963 1217 2998 Diluvium
1231 2964 1325 2999 habet
1337 2964 1422 2998 mille
1437 2962 1593 2997 sexcentos
1606 2963 1762 3011 quinqua-

1003 3015 1086 3061 ginta
1104 3011 1158 3048 sex
1170 3038 1180 3053 ‚
1209 3012 1356 3049 secundus
1371 3013 1388 3048 a
1400 3013 1534 3047 Diluvio
1546 3012 1584 3047 ad
1597 3012 1762 3047 eAbraha.

1001 3067 1047 3096 mi
1058 3063 1278 3109 migrationem
1290 3089 1300 3103 ‚
1327 3072 1483 3098 trecentos
1497 3061 1650 3110 sexaginta
1662 3063 1758 3104 οᾶο,

1002 3112 1108 3147 tertius
1122 3112 1193 3146 inde
1207 3113 1244 3147 ad
1256 3113 1390 3158 exodum
1406 3113 1647 3160 quadringentos
1658 3114 1761 3160 vigin-

1001 3162 1025 3196 ti
1045 3162 1183 3209 quinque
1196 3186 1206 3202 ,
1238 3173 1363 3210 quartus
1387 3163 1423 3196 ad
1449 3161 1633 3198 struGimram
1651 3163 1760 3209 templi

1001 3210 1242 3260 quadringentos
1253 3213 1417 3262 oetoginta
1430 3236 1440 3252 ,
1465 3214 1590 3261 quintus
1603 3213 1640 3248 ad
1652 3211 1761 3257 templi

1376 3265 1404 3299 E
1417 3275 1432 3298 e
1452 3274 1470 3297 2
1638 3261 1759 3296 ruinam
