2048 3343
426 44 1483 86 ETCHRONOLOG1c1L13.L
1673 53 1745 93 165

990 117 1080 150 tione
1091 126 1240 151 mortuus
1251 115 1348 152 fuerit
1360 121 1472 154 nonin
1482 119 1660 161 medi0,sed
1670 133 1746 156 ante

994 166 1136 200 medium
1150 165 1377 207 hebdomadae,
1390 171 1423 202 in
1436 172 1534 217 priori
1547 170 1665 204 scilicet
1677 175 1746 216 ejus

996 216 1142 249 dimidio.

1044 264 1173 299 Prolixe
1191 263 1266 298 cum
1293 267 1422 311 Scaliger
1447 277 1516 300 tum
1539 271 1684 304 Reinoldus
1699 267 1741 302 de
1763 276 1881 306 Medium

996 323 1077 346 voce
1088 316 1177 348 Medii
1188 318 1223 348 δε
1234 317 1346 349 dimidii
1356 314 1540 363 disputant:
1558 317 1648 363 quasi
1659 320 1742 352 inter
1760 318 1822 346 hic?l
1832 320 1901 347 ‘stim'-

994 361 1051 396 ista
1061 361 1127 395 duo
1139 375 1214 396 vcta
1232 363 1309 397 effer
1322 364 1519 399 differentia.
1555 367 1621 400 Sed
1635 380 1742 402 tamen
1763 360 1804 388 ‘¹¹¹'
1815 372 1874 407 ,Μ’

202 121 341 160 dochice
353 132 416 169 pro
426 118 648 155 hebdomada:
658 129 786 153 tanturn
800 116 952 155 dimidio,

201 171 321 207 scilicet
341 182 404 218 pto
420 171 522 204 tribus
533 170 626 203 annis
638 165 805 203 &semiss'e
830 178 838 198 :
866 162 952 211 Ergo

199 220 403 268 septuaginta
414 218 632 254 hebdomadae
643 228 712 250 non
722 212 851 262 possunt
864 216 950 247 acci-

199 272 233 317 pi
245 272 277 304 in
292 268 383 306 sensu
394 271 529 317 proprio
547 279 608 314 pro
627 262 861 312 integrisannis
873 274 950 308 qua.

198 320 382 367 dringcntis
395 313 643 365 nonaginta,sed
657 326 714 362 pro
726 313 951 361 quadringen-

195 372 235 404 tis
246 371 417 417 oCtoginta
427 366 475 400 sex
487 370 518 400 &
531 364 685 400 dimidio.

11 1621 14 1639 Ι

36 1259 81 1286 De
87 1254 170 1283 termi-

36 1299 73 1325 ru}
82 1295 168 1323 bebdo-

33 1336 107 1367 mada
126 1348 154 1364 u-

35 1382 89 1407 m‘m
97 1388 152 1405 con-

242 418 337 464 Resp.
366 415 621 452 Demonstratio
638 414 706 449 haec
724 414 849 449 Reinoldi
870 409 950 446 facit

195 479 313 503 contra
324 465 414 500 suum
427 467 707 506 institutum‚nam
718 461 951 510 disputationis

195 518 256 554 suae
276 516 395 564 scopus
420 514 465 550 est
492 514 694 563 septuaginta
720 512 950 548 hebdomadas

196 567 370 603 extendere
383 564 485 613 usque
506 565 549 599 ad
567 577 675 598 annos
687 563 887 611 septuaginta
896 559 948 595 su-

193 630 254 666 pra
276 628 453 651 numerum
481 626 698 649 communem
727 626 736 646 ι
761 612 828 645 hoc
840 622 949 645 autem

192 677 394 716 argumento
420 667 505 699 intra
533 675 710 697 numerum
727 673 948 696 communem

192 729 247 752 eas
273 715 445 763 restringit.
481 713 545 749 Sed
566 714 699 748 Reinoldo
716 710 949 758 *concedamus

193 768 311 801 miram
323 776 425 800 artem
438 765 639 798 contrarium
653 776 690 797 cx
703 762 872 796 contrario
887 760 946 794 de-

191 815 334 851 ducendi
354 840 365 856 ,
394 815 556 863 procudat
575 812 806 847 dilatationem
819 823 855 844 ex
867 822 946 845 con-

191 866 357 900 traffione
378 890 389 905 ,
415 868 446 898 &
467 862 601 909 quidem
622 862 856 896 dilatationem
876 871 947 892 ma—

193 927 294 964 gnam
306 915 345 948 ad
357 925 464 947 annos
474 913 732 959 (epttiaginta‚ex
742 907 948 960 contratstip-

192 976 234 997 ne
264 963 360 1010 parvi
386 974 551 997 annorum
577 962 675 994 trium
702 970 777 992 cum
797 956 944 991 semisle:

189 1013 408 1047 nihilominus
418 1020 550 1046 corruet
568 1019 642 1042 tota
655 1007 720 1041 baec
733 1017 945 1054 argumenta-

190 1065 240 1096 tio
253 1089 263 1102 ,
288 1062 359 1109 ipso
369 1060 494 1095 fatente
513 1085 523 1098 ‚
549 1055 652 1092 modo
664 1061 818 1100 ruatejus
829 1055 946 1090 funda-

191 1122 343 1146 mentum
356 1112 389 1142 in
401 1108 467 1142 hoc
476 1105 622 1154 positum
633 1132 641 1145 ,
651 1103 745 1152 quod
756 1103 945 1139 hebdoma-

189 1161 236 1194 dae
247 1159 404 1193 finiantur
424 1158 457 1191 in
477 1157 712 1190 mortechriffi
729 1178 739 1194 ‚
765 1158 800 1188 &
812 1155 946 1188 christus

189 1218 343 1241 mortuus
359 1205 398 1240 fit
410 1208 442 1240 in
456 1205 571 1240 medio
584 1217 652 1238 non
672 1203 738 1238 fine
757 1202 945 1238 hebdoma-

189 1256 377 1291 disultimae.
387 1255 541 1302 Utraque
550 1253 864 1298 fundamentihujus
873 1263 947 1300 pars

191 1305 289 1353 quam
307 1306 353 1340 est
371 1303 495 1353 fragilis
515 1308 549 1339 δε
574 1303 659 1338 fluxa
675 1307 689 1338 ?
718 1302 840 1337 Nullus
858 1302 947 1349 apud

190 1353 603 1402 ReinoldumChronologus
614 1353 659 1388 est
670 1354 812 1400 scaligero
822 1355 948 1398 major,

189 1404 241 1441 hic
251 1417 362 1440 autem
372 1417 448 1439 cum
464 1407 542 1439 lunia
553 1408 588 1438 &
609 1402 679 1437 aliis
690 1401 863 1450 permultis
887 1412 945 1434 ne-

995 412 1177 446 concedere
1196 424 1365 460 coguntur
1382 427 1478 449 voces
1495 426 1548 448 eas
1566 414 1649 462 saepe
1664 430 1743 463 pro·
1763 412 1879 472 ascititium

994 459 1111 494 misene
1120 460 1252 499 sumk&
1262 464 1578 511 quomodocunque
1588 463 1746 503 alibi,hoc
1758 465 1777 481 ὁ

995 509 1082 544 certe
1105 510 1184 545 loco
1204 512 1398 559 interpretes
1416 526 1534 548 vocem
1552 524 1594 552 *γε*
1612 513 1748 548 indiffe-

995 571 1104 594 renter
1116 573 1175 608 pro
1186 563 1276 596 medio
1288 566 1322 597 &
1332 563 1449 598 dimidio
1461 561 1628 611 usurpant·
1663 568 1747 598 Pro-

995 609 1093 655 pheta
1106 612 1242 656 quidem
1254 614 1308 658 qui
1325 614 1358 646 in
1369 615 1479 648 Chriffi
1492 624 1602 647 morte
1614 626 1748 647 accura-

995 669 1047 692 tus
1059 656 1120 694 effe
1131 659 1216 701 vult,
1235 659 1314 694 utin
1325 674 1445 698 eventu
1456 664 1496 697 ab
1508 663 1590 697 orbe
1601 663 1744 697 condito

993 707 1120 744 summe
1135 710 1433 749 memorabilimon
1444 714 1575 747 tantum
1586 725 1654 758 ejus
1665 711 1748 745 heb-

995 757 1180 794 domadam
1196 772 1294 795 notat
1311 787 1322 802 ,
1344 760 1398 796 sed
1418 763 1506 796 istius
1522 761 1744 796 hebdomadae

994 807 1145 856 designat
1156 809 1464 846 dimidiuimutrum
1477 811 1556 846 vero
1566 811 1746 846 dimidium

992 860 1060 898 ejus
1070 859 1160 903 prius
1169 870 1208 891 an
1221 859 1381 904 posterius
1393 861 1551 908 intelligat
1563 886 1572 902 ‚
1591 874 1631 895 an
1643 860 1745 908 ipsam

990 906 1076 939 inter
1086 917 1267 953 utrumque
1284 908 1494 942 medietatem
1509 935 1519 950 ‚
1538 913 1664 944 nonita
1677 910 1747 957 pla-

992 966 1071 988 num
1084 956 1129 990 est
1146 969 1156 990 z
1182 957 1336 991 auetores
1354 960 1465 1004 magni
1477 956 1547 991 sunt
1559 971 1621 1005 pro
1632 961 1744 994 omni-

991 1003 1050 1038 bus
1061 1007 1166 1040 tribus
1177 1004 1355 1041 sententiis.

1036 1055 1112 1088 Nos
1124 1055 1176 1089 hic
1194 1066 1257 1089 tres
1268 1055 1400 1090 tantum
1413 1053 1571 1103 scopulos
1589 1058 1743 1104 cupimus

989 1102 1320 1152 declinare,pi·imum
1336 1109 1422 1140 Paraei
1433 1131 1442 1144 ‚
1462 1107 1520 1151 qui
1533 1106 1685 1139 ultimam
1697 1105 1748 1140 se-

989 1153 1199 1200 ptuagefimae
1226 1156 1356 1189 Danielis
1394 1154 1648 1189 hebdomadam
1677 1155 1746 1189 vult

990 1202 1092 1237 tribus
1103 1203 1234 1237 tantum
1246 1206 1339 1238 annis
1351 1207 1385 1238 &
1398 1203 1476 1238 semi
1486 1217 1575 1238 anno
1587 1205 1745 1246 constare,

990 1251 1147 1287 abradens
1160 1253 1201 1287 ab
1213 1266 1254 1287 eo
1265 1253 1437 1300 septennio
1450 1257 1617 1301 integrum
1632 1255 1745 1301 poste-

988 1303 1053 1336 rius
1072 1303 1258 1340 dimidium.
1294 1303 1489 1338 Secundum
1509 1307 1646 1352 Scaligeri
1659 1330 1668 1345 ‚
1687 1305 1747 1350 qui

989 1350 1142 1387 ultimam
1154 1365 1224 1387 eam
1237 1351 1493 1388 hebdomadam
1514 1353 1585 1388 vult
1597 1353 1745 1387 constare

989 1414 1061 1436 non
1073 1401 1204 1437 tantum
1215 1404 1351 1452 integris
1360 1402 1484 1452 septem
1496 1404 1587 1437 annis
1598 1430 1607 1444 ‚
1627 1402 1679 1438 sed
1694 1406 1746 1437 in-

46 1431 73 1448 ra
82 1420 159 1448 Pani

32 1429 169 1502 {Qinoldn'
192 1467 247 1504 gat
259 1455 492 1490 hebdomadas
504 1454 674 1489 terminari
686 1454 719 1486 in
733 1463 844 1486 morte
853 1451 945 1487 Chri-
991 1449 1083 1500 super
1096 1452 1202 1487 tribus
1214 1457 1248 1488 &
1261 1451 1401 1495 semisse,
1416 1454 1460 1488 illi
1473 1453 1602 1488 addens
1612 1454 1747 1488 alterius

35 1503 160 1549 oscab-
183 1506 245 1552 sti,
267 1504 321 1539 sed
333 1506 427 1553 annis
446 1506 580 1552 triginta
598 1502 648 1537 sex
659 1513 714 1536 aut
738 1502 942 1551 quadragin-
989 1500 1175 1550 septimanae
1194 1503 1389 1538 dimidium.
1424 1505 1581 1538 Tertium
1601 1502 1747 1550 denique

28 1551 173 1624 ξζὲξηῖἶ
193 1567 225 1589 ta
237 1554 313 1604 post
331 1567 403 1588 eam
419 1555 452 1587 in
470 1553 616 1588 secundo
629 1551 944 1598 Hierosolymorum
991 1552 1195 1600 Reinoldi‚qui
1206 1553 1246 1587 ad
1260 1553 1407 1586 medium
1418 1552 1540 1586 ultimae
1551 1552 1647 1598 hujus
1660 1551 1746 1586 heb«

191 1618 250 1653 per
261 1607 357 1639 Titum
369 1604 510 1637 excidio.
538 1606 658 1650 Qum
677 1606 710 1637 ὅ(
727 1602 802 1636 hoc·
814 1602 945 1637 Reinoldo

192 1654 422 1689 concedamus
440 1654 473 1685 in
496 1664 603 1687 morte
625 1652 731 1698 christi
747 1652 946 1698 septimanas

190 1704 312 1740 claudi:
324 1716 365 1738 an
377 1715 415 1737 ex
426 1715 466 1736 eo
482 1703 627 1749 sequitur
639 1700 786 1735 ultimam
796 1700 947 1749 septima-

193 1766 272 1788 nam
285 1752 390 1787 tribus
402 1754 495 1786 annis
509 1756 544 1786 &
556 1751 671 1786 medio
681 1750 948 1785 decurtandam?

195 1801 297 1837 Certe
316 1801 338 1835 fi
358 1804 408 1836 vel
422 1803 454 1834 in
468 1802 633 1849 principio
646 1799 888 1848 septuagesimae
899 1800 946 1834 se-

191 1853 349 1898 ptimanae
359 1851 485 1898 Christus
495 1850 570 1885 efl'et
581 1861 732 1884 mortuus
744 1876 751 1891 ,
763 1849 946 1885 redtedice—

190 1913 305 1938 rentur
322 1900 531 1949 septuaginta
549 1901 737 1948 septimanae
758 1899 863 1936 claudi
878 1904 947 1945 ejus

192 1962 302 1984 morte
327 1974 335 1987 ‚
360 1950 400 1984 εὸ
420 1950 512 1997 quod
539 1952 571 1984 in
597 1962 708 1984 earum
736 1947 852 1984 uitimz'i
879 1947 946 1996 ipse

193 1999 299 2036 fuisset
313 2011 691 2046 mortunszquaecunque
703 2001 839 2033 enimin
852 1999 948 2033 ullius

192 2050 271 2089 diei,
285 2048 412 2088 mensis,
425 2054 501 2083 anni
512 2074 521 2089 ,
534 2061 590 2082 aut
605 2048 830 2083 hebdomada:
842 2061 946 2082 anno-

192 2111 267 2133 rum
287 2100 453 2146 principio
474 2100 680 2147 contingunt
698 2123 709 2139 ,
735 2111 774 2132 ea
801 2099 860 2132 isto
881 2098 949 2137 die,

194 2148 303 2183 mense
322 2174 332 2188 ,
349 2160 437 2182 anno
460 2173 470 2188 ,
498 2151 534 2182 &
559 2160 722 2181 annorum
735 2147 949 2182 hebdomadfi

196 2199 390 2244 contingere
403 2199 557 2232 dicuntur
578 2209 645 2231 tam
666 2197 796 2244 proprie
812 2196 913 2243 quam
927 2196 947 2230 fi

194 2245 247 2281 vel
260 2249 292 2281 in
304 2248 417 2282 medio
427 2271 435 2284 ‚
455 2246 505 2281 vel
515 2246 581 2281 fine
591 2246 680 2280 istius
694 2248 854 2293 temporis
863 2258 946 2280 con-

198 2294 349 2341 tigiss‘ent.

248 2345 310 2377 Sed
329 2342 395 2375 hoc
415 2341 545 2377 omisso.
581 2343 679 2391 Qid
700 2345 947 2391 vetatchristum

198 2394 231 2425 in
247 2392 432 2437 septimana:
445 2393 564 2425 ultimae
575 2404 724 2426 extremo
740 2392 947 2435 crucifixum,

199 2453 269 2474 non
285 2443 373 2474 enim
389 2440 465 2474 dicit
477 2441 603 2482 Daniel,
621 2443 764 2487 Christum
777 2454 947 2478 mortuum

197 2492 385 2537 septimanae
398 2493 523 2525 medio.
551 2492 949 2538 Legaturtextus,nullibi

198 2539 299 2574 verba
311 2540 378 2574 haec
390 2539 637 2587 apparebunt‚fi
649 2551 759 2574 autem
772 2553 827 2585 per
837 2539 951 2576 conse-

200 2590 350 2636 quentias
365 2601 441 2636 agat
457 2591 603 2624 Reinoldus
616 2615 624 2627 ,
642 2591 763 2637 optimi
782 2589 952 2638 Theologi

200 2639 367 2685 negabunt
386 2639 468 2672 hanc
492 2638 658 2686 sequelam
686 2653 694 2673 ε
731 2639 949 2681 hebdomadae

200 2688 313 2722 medio
330 2686 452 2721 defecit
463 2687 568 2721 hostia
582 2692 617 2722 &
632 2688 836 2728 sacrificium,
864 2690 951 2738 Ergo

202 2739 319 2772 eodem
332 2750 509 2772 momento
520 2745 537 2772 ί
550 2739 648 2778 brisim
660 2749 813 2772 mortuus
824 2741 879 2773 est.

253 2789 349 2834 Qin
369 2800 544 2836 pergamus
563 2785 623 2821 effe
642 2788 771 2821 [reinoldo
788 2788 951 2828 liberales,

206 2837 321 2870 eodem
336 2849 510 2871 momento
524 2848 677 2870 mortuus
690 2835 727 2870 sit
742 2835 874 2872 Christus
885 2849 952 2885 quo

206 2885 323 2919 defecit
340 2886 531 2921 sacrificium
543 2912 550 2923 ‚
573 2891 607 2921 &
627 2886 706 2920 vero
719 2887 828 2933 (quod
840 2898 951 2921 tamen

206 2946 308 2968 nemo
320 2933 526 2979 concesserit)
548 2936 771 2970 hebdomada:
792 2938 952 2976 medium,

206 2982 255 3017 sex
266 2985 460 3019 totimenses
472 2987 512 3019 ad
525 2999 626 3021 unum
639 2994 658 3021 ί
669 2984 746 3033 lsristi
757 2987 870 3021 mortis
880 2999 948 3020 mo-

207 3044 357 3066 mentum
368 3035 578 3069 contrahatur
600 3051 607 3070 ι
638 3036 763 3071 anhinc
778 3036 950 3071 necessario

205 3080 348 3129 sequitur
369 3085 510 3127 Christum
532 3097 700 3119 mortuum
718 3099 821 3120 annos
838 3098 903 3122 tres
916 3090 949 3121 δί

210 3133 355 3169 medium
367 3144 442 3167 ante
453 3132 670 3171 hebdomada:
683 3134 808 3174 finem?
828 3136 886 3173 hac
899 3149 949 3173 ra-

991 1600 1148 1636 domadae
1161 1604 1269 1637 Christi
1279 1613 1422 1636 mortem
1436 1602 1600 1650 restringit
1610 1626 1621 1643 ‚
1635 1614 1671 1636 ut
1680 1614 1748 1636 non

990 1662 1120 1686 tanturn
1144 1651 1309 1699 posterius
1321 1651 1499 1686 dimidium
1513 1651 1555 1685 ab
1568 1650 1749 1686 eahebdo-

991 1702 1088 1736 mada
1100 1703 1176 1736 velit
1188 1702 1298 1744 abjici,
1310 1705 1344 1735 δέ
1354 1704 1442 1748 prius
1454 1701 1633 1736 dimidium
1645 1703 1748 1735 totius

991 1751 1218 1786 hebdomadae
1230 1763 1353 1785 nomen
1368 1763 1426 1798 pet·
1435 1749 1671 1797 Synecdochen
1682 1749 1748 1784 fer-

993 1812 1049 1846 re;
1075 1801 1126 1835 sed
1147 1814 1184 1835 ex
1203 1801 1261 1835 hac
1279 1802 1376 1835 unius
1396 1798 1645 1846 Synecdochica
1665 1811 1749 1834 con-

994 1852 1156 1886 trastione
1167 1851 1383 1885 demonstrari
1395 1860 1490 1896 putat
1511 1849 1607 1884 simili
1623 1852 1748 1896 Synec-

994 1901 1112 1939 doche,
1121 1912 1252 1935 caeteras
1264 1911 1380 1934 omnes
1391 1899 1623 1934 hebdomadas
1633 1910 1748 1933 exten-

994 1951 1025 1984 di
1039 1948 1128 1998 poffe
1136 1951 1175 1984 ad
1185 1951 1323 1997 quotvis
1335 1949 1454 1996 plures,
1468 1948 1580 1982 saltem
1591 1950 1633 1983 ad
1641 1960 1747 1983 annos

993 1999 1208 2048 septuaginta.
1234 1997 1455 2032 Incommoda
1465 1998 1533 2031 haec
1546 2000 1606 2031 tria
1617 2009 1749 2031 conco-

995 2052 1050 2085 eru
1070 2050 1157 2083 adeo
1175 2047 1250 2083 sunt
1271 2046 1418 2082 difficilia
1438 2075 1447 2088 ‚
1477 2058 1513 2081 ut
1524 2048 1581 2081 viri
1595 2048 1625 2081 hi
1639 2046 1745 2081 multo

992 2098 1171 2134 doCtiffimi
1189 2110 1315 2145 paucos
1327 2097 1518 2131 admodum
1538 2097 1640 2130 adhuc
1656 2108 1749 2143 repe-

992 2152 1094 2183 rerint
1110 2176 1119 2190 ,
1143 2149 1200 2195 qui
1217 2147 1303 2197 ipsos
1321 2149 1354 2179 in
1365 2146 1431 2180 haec
1442 2147 1512 2180 avia
1523 2145 1690 2181 voluerint
1702 2145 1750 2180 se—

992 2201 1060 2245 qui.
1086 2198 1154 2233 Sed
1167 2198 1209 2231 de
1223 2195 1334 2232 ultimfi
1353 2195 1409 2230 iit-fi
1427 2195 1644 2232 hebdomada
1654 2195 1747 2244 plura

992 2249 1050 2282 suo
1062 2249 1153 2282 loco.

1042 2296 1116 2333 Aliz'i
1133 2296 1418 2332 demonstratione
1440 2309 1477 2330 ex
1491 2296 1620 2330 Danielis
1633 2294 1743 2328 verbis

993 2347 1136 2395 probare
1147 2346 1208 2380 sibi
1222 2345 1351 2379 videtur
1359 2346 1504 2380 Reinoldus
1514 2343 1742 2378 hebdomadas

992 2394 1237 2443 Synecdochice
1253 2395 1527 2442 interpretandas.
1554 2394 1665 2426 Prima
1677 2393 1744 2434 (in-
1766 2401 1823 2432 „Ad
1834 2414 1857 2431 Ζ,

993 2449 1081 2493 quit)
1096 2457 1209 2480 earum
1221 2457 1292 2490 pars
1306 2469 1315 2483 ‚
1333 2442 1556 2478 hebdomadae
1569 2441 1688 2474 scilicet
1698 2439 1748 2475 se-

994 2506 1086 2543 ptem
1099 2518 1108 2533 ‚
1127 2492 1339 2527 extendendae
1353 2491 1425 2524 sunt
1443 2493 1480 2525 ad
1494 2493 1602 2524 multo
1617 2492 1745 2536 plures:

994 2556 1068 2577 nam
1084 2544 1153 2577 vult
1165 2542 1272 2576 Daniel
1288 2539 1479 2588 impeditam
1495 2538 1748 2584 Hierosolymo.

994 2605 1065 2627 rum
1078 2590 1349 2626 instaurationem
1368 2588 1493 2637 septem
1511 2590 1546 2622 iis
1559 2588 1744 2623 hebdoma-

994 2642 1042 2676 dis
1055 2667 1064 2682 ,
1084 2641 1210 2676 constat
1229 2650 1339 2674 autem
1351 2641 1536 2674 extruetum
1551 2639 1745 2686 Hierosoly-

996 2703 1125 2725 morum
1138 2702 1268 2724 mutum
1291 2688 1308 2722 a
1325 2691 1468 2724 Nehcmia
1488 2701 1552 2722 non
1571 2701 1644 2721 ante
1657 2696 1743 2723 Mne-

994 2746 1081 2776 mom's
1090 2738 1282 2774 vicefimum
1295 2762 1303 2774 ‚
1317 2738 1385 2786 plus
1397 2750 1528 2773 centum
1542 2739 1636 2771 annis
1646 2737 1663 2772 εὶ
1674 2741 1745 2786 Cyri

993 2791 1101 2836 primo
1118 2805 1127 2822 ι
1156 2790 1194 2822 ad
1212 2800 1298 2835 quos
1316 2801 1434 2823 omnes
1453 2788 1583 2822 exrendi
1606 2799 1740 2834 oportet

995 2839 1117 2887 septem
1130 2836 1363 2872 hebdomadas
1373 2863 1382 2878 ‚
1395 2838 1515 2885 quibus
1526 2834 1664 2870 affirmat
1677 2845 1744 2871 Da-

997 2891 1053 2924 nicl
1072 2888 1285 2923 extruendam
1313 2888 1430 2921 urbem
1460 2903 1466 2920 ς
1495 2890 1528 2920 &
1560 2886 1638 2921 veto
1666 2899 1742 2920 cum

997 2938 1249 2972 hebdomadum
1263 2939 1367 2985 prima
1380 2939 1491 2983 portio
1504 2949 1561 2983 pet·
1574 2936 1743 2982 Synccdoo

995 2989 1076 3022 chen
1090 2990 1135 3021 ita
1145 2989 1357 3024 extendatur,
1378 2987 1515 3033 quidem
1529 2998 1646 3020 caeterce
1662 2999 1741 3033 por--

994 3040 1101 3072 tiones
1114 3042 1148 3072 δε
1163 3049 1234 3072 tota
1250 3037 1374 3071 summa
1392 3036 1486 3070 iimili
1499 3047 1601 3084 tropo
1613 3035 1653 3069 ad
1670 3048 1744 3068 ma»

990 3091 1096 3132 jorcm
1114 3089 1221 3123 multo
1236 3098 1411 3122 numerum
1433 3098 1595 3122 annorum
1609 3085 1743 3119 extendi

994 3136 1123 3185 pollint.

1347 3159 1379 3219 X⁴
1408 3197 1420 3231 ς
1646 3182 1742 3228 Rcsp.
