2048 3343
126 3055 209 3077 Etmm
221 3052 256 3077 ad

118 3090 253 3125 secundm)

125 3130 225 3165 A'si’fii'b
234 3140 262 3156 72¹5

124 3180 147 3195 C(
167 3179 236 3196 112th-

282 112 339 150 132.

284 171 368 208 tiam,
378 168 408 201 in
421 167 481 215 qua
493 165 684 201 affirmabant
697 164 810 198 nullam
824 163 882 198 effe
895 163 1043 212 poffibili-

284 229 376 253 tatem
390 217 501 251 erroris
510 241 521 256 ,
535 215 585 250 sed
598 215 765 261 simplicem
773 213 981 249 &absolutam
989 226 1042 248 ne-

286 267 448 302 cessitatem
465 266 607 302 veritatis.
631 267 707 299 Hoc
719 265 804 310 jacto
820 261 1024 307 fundamento
1035 287 1043 300 ,

286 318 374 365 quod
391 317 619 364 Semipelagiani
637 315 798 362 ponebant
811 339 821 354 ‚
847 314 997 362 quodque
1015 323 1046 347 te

285 367 409 401 credere
418 367 562 404 arbitror,
576 364 629 400 etsi
638 363 831 413 Apologistae
838 363 1046 399 remonstran-

286 427 331 450 tes
345 416 418 450 illud
431 417 477 450 vel
491 425 604 463 negent
619 439 629 454 ,
657 415 705 448 vel
720 425 753 448 ut
765 415 912 448 incertam
925 417 957 449 δι
970 425 1045 461 pro-

286 466 481 499 blematicam
494 466 651 501 veritatem
665 474 842 511 proponant
858 477 865 498 :
889 463 952 497 hoc
965 487 974 501 ‚
996 463 1043 495 in-

287 528 379 561 quam
387 540 397 555 ,
410 512 566 561 supposito
574 538 583 553 ,
597 526 678 560 quos
686 516 775 548 Deus
782 511 926 560 praescivit
934 511 1043 545 salvan-

286 566 344 599 dos
354 589 364 604 ‚
379 564 434 598 etsi
448 563 611 598 secundum
625 563 713 596 liberi
722 561 762 596 sui
776 562 891 595 arbitrii
902 561 987 594 affitus
996 571 1043 594 ut-

285 615 360 648 libet
373 613 588 661 contingentes
601 610 762 646 certissime
775 609 962 656 salvabuntur
974 634 984 648 ,
1011 613 1044 644 &

286 676 365 710 quos
379 661 523 710 praescivit.
538 661 725 696 damnandos
739 659 901 694 certiffime
914 659 1040 693 damna-

286 714 416 747 buntur:
435 711 489 746 ista
497 712 638 745 evenient
646 709 727 743 tanta
735 709 916 743 certitudine
931 719 1042 756 quanta

286 763 436 797 invenitur
452 763 481 794 in
495 757 644 793 infallibili
657 756 842 805 praescientifi
854 758 1041 792 omniscien-

285 813 322 846 tis
336 812 418 849 Dei,
433 822 500 857 quae
514 809 648 842 omnino
659 807 703 841 est
713 818 793 842 tanta
805 807 1040 855 quantamindi-

284 863 352 896 vina
360 857 624 907 praedestinatione
631 858 763 903 reperire
771 856 826 897 est,
835 868 962 903 utraque
970 855 1040 890 cum

284 909 468 958 praescientia
480 918 545 941 tum
558 906 785 954 praedestinatio
798 917 878 941 certa
891 905 934 940 est
947 907 978 940 in
992 905 1039 940 su-

284 971 394 1007 premo
406 958 511 1006 gradu.
536 958 583 991 Ex
596 955 653 990 hac
664 955 825 1003 hypothesi
840 967 890 990 tua
900 957 932 989 in
946 966 976 991 te
991 967 1039 990 re-

284 1009 357 1043 cidit
370 1008 513 1051 objectio
527 1031 537 1046 ‚
563 1010 673 1053 prout,
689 1004 855 1040 secundum
870 1006 1040 1054 eAugufi‘i-

283 1071 373 1097 mtm,
389 1058 420 1091 in
435 1057 553 1104 primos
568 1056 710 1089 auerores
725 1055 862 1090 cadebat.
891 1059 1041 1104 Qomo-

283 1107 325 1142 do
342 1107 389 1140 isti
401 1120 459 1154 pro
474 1105 502 1139 se
521 1104 748 1152 respondebant
766 1103 890 1142 nescio,
921 1104 971 1139 sed
987 1105 1041 1151 qui

282 1156 579 1204 praedestinationem
586 1153 755 1189 absolutam
763 1164 885 1189 tuentur
897 1152 1041 1189 facillime

281 1207 401 1240 nodum
414 1206 495 1239 hunc
514 1203 634 1239 solvunt
646 1229 656 1243 ,
682 1205 756 1238 dum
769 1205 852 1238 enirn
870 1205 1040 1251 loquuntur

282 1256 320 1289 de
338 1256 493 1289 ele-{tione
505 1252 541 1288 ad
558 1254 688 1302 gloriam
702 1251 855 1293 absoluta,
874 1266 939 1286 non
953 1253 1040 1286 intel-

281 1306 380 1353 ligunt
396 1305 491 1338 ullum
504 1303 661 1337 decretum
675 1302 712 1336 ad
726 1302 857 1350 gloriam
876 1303 938 1335 tam
951 1299 1040 1334 abso-

282 1355 397 1394 lutum,
413 1364 446 1387 ut
458 1352 596 1387 excludat
609 1351 708 1385 media
721 1351 823 1399 gratiae
832 1375 841 1390 ,
856 1349 906 1384 sed
918 1348 1040 1384 absolu-

281 1401 568 1449 tislimumipsorum
577 1399 856 1439 decretumsalutis,
874 1397 1043 1447 semperin-

282 1453 378 1487 cludit
390 1454 470 1486 viam
484 1452 584 1499 gratiae
599 1451 634 1484 ad
643 1451 796 1498 gloriam;
810 1448 921 1489 fidem,
937 1448 1040 1496 resipi-

282 1501 424 1536 scentiam
433 1527 442 1541 ,
455 1501 722 1548 perseverantiam,
737 1512 830 1547 quam
838 1500 927 1532 Deus
934 1498 1041 1533 decre—

282 1553 322 1586 vit
336 1550 429 1585 solam
449 1547 506 1584 effe
520 1550 598 1585 viam
612 1549 648 1582 ad
661 1549 791 1596 gloriam
805 1573 815 1587 ,
841 1549 943 1595 itaque
956 1558 1040 1582 tuam

282 1600 528 1649 propositionem
542 1608 671 1646 negant,
690 1596 829 1633 absolute
842 1596 1036 1645 praedestina-

284 1663 334 1685 tos
349 1649 513 1684 necessario
527 1647 698 1687 salvandos,
712 1647 765 1681 etsi
779 1645 890 1681 faciant
902 1648 989 1695 quod
1003 1647 1040 1680 li-

285 1700 338 1734 bet
346 1724 355 1739 ‚
373 1712 442 1733 nam
455 1699 632 1747 quicunque
645 1695 717 1732 facit
728 1698 815 1745 quod
827 1696 903 1731 libet
915 1721 926 1737 ‚
951 1700 983 1732 δι
995 1695 1039 1732 se-

284 1750 418 1783 cundum
431 1747 511 1783 suam
525 1761 645 1796 pravam
660 1748 854 1783 voluntatem
866 1747 939 1782 vivit
955 1747 1039 1794 peri-

280 1799 370 1833 bitin
385 1810 532 1833 aeternum
548 1822 556 1835 ‚
582 1798 677 1846 gratia
695 1797 821 1845 quidem
835 1797 901 1831 Dei
922 1796 1040 1832 ele&os

278 1847 386 1888 servat,
400 1862 439 1883 ne
452 1861 588 1896 unquam
602 1850 632 1882 in
646 1845 820 1892 hujusmodi
830 1846 918 1894 prava
927 1847 1040 1881 volun-

278 1909 339 1932 tate
353 1897 561 1945 perseverent:
575 1898 774 1945 repugnantia
790 1896 836 1931 est
848 1895 1041 1944 praedestina-

278 1960 345 1981 tum
359 1945 458 1981 facere
473 1947 670 1994 quodlibet,
697 1957 747 1981 aut
759 1948 860 1982 vivere
874 1945 1040 1981 secundum

277 2010 399 2043 pravam
413 1996 494 2031 suam
507 1997 712 2036 voluntatem,
727 1995 849 2031 essentia
856 1997 1041 2031 enimssma-

278 2058 343 2079 tura
357 2047 629 2093 praedestinationis
643 2046 771 2081 includit
783 2044 1039 2081 conformitatem

278 2096 441 2129 voluntatis
456 2097 549 2130 electi
562 2109 632 2130 cum
642 2096 797 2130 voluntate
807 2097 926 2136 divina,
940 2096 1039 2130 inclu-

278 2146 322 2178 dit
335 2145 568 2179 conversionem
584 2150 615 2180 &
632 2145 756 2179 finalem
776 2144 1038 2193 perseverantiam.

278 2195 326 2226 Ex
340 2193 464 2227 adverso
474 2194 493 2227 si
502 2193 590 2228 faeiat
597 2195 748 2240 reprobus
756 2195 842 2242 quod
850 2195 959 2234 debet,
973 2207 1038 2228 non

278 2244 393 2288 poterit
402 2243 555 2276 damnari:
570 2241 688 2276 sedhoc
697 2256 794 2277 nemo
804 2243 957 2289 reprobus
965 2257 1038 2288 prae-

277 2291 334 2324 stat
344 2316 352 2330 ‚
372 2304 441 2324 nam
455 2303 564 2324 omnes
573 2291 728 2325 obstinate
740 2290 903 2337 sequuntur
916 2302 1038 2336 pravam

277 2339 359 2373 suam
372 2341 578 2380 voluntatem3
592 2340 733 2385 adeoque
747 2339 801 2372 suo
812 2339 926 2372 merito
941 2335 1038 2381 justis-

277 2389 351 2424 sime
364 2389 554 2423 damnantur.
595 2390 714 2423 Verum
732 2387 776 2420 est
788 2412 798 2426 ‚
823 2384 953 2433 potuisse
972 2386 1038 2420 Dei

279 2439 405 2486 gratiam
425 2451 534 2472 omnes
554 2436 672 2472 servasse
692 2437 707 2470 a
727 2447 854 2483 peccato
869 2440 899 2470 &
913 2447 1037 2475 morte,

278 2488 328 2521 scd
343 2488 429 2522 nullo
441 2488 567 2521 rationis
582 2487 707 2521 vinculo
726 2486 882 2534 obligatur
901 2486 992 2519 Deus
1005 2495 1038 2519 ut

278 2538 433 2584 peccatori
454 2541 485 2572 &
499 2536 641 2583 apostatae
659 2536 799 2583 largiatur
818 2548 886 2569 eam
911 2536 1038 2583 gratiam

279 2600 370 2634 qnam
385 2585 602 2625 semelhabuit‚
618 2584 667 2620 sed
680 2585 854 2619 inhaerentis
863 2584 918 2618 suae
931 2597 1038 2620 corru—

280 2637 394 2683 ptionis
407 2637 483 2671 vitio
497 2637 533 2670 ea
546 2634 688 2682 spoliatus
702 2633 756 2668 est.
778 2636 964 2681 Utcunque,
981 2647 1038 2668 ne-

281 2698 340 2732 que
354 2687 483 2719 carentia
496 2686 597 2733 gratiae
609 2709 618 2723 ‚
650 2697 751 2730 neque
765 2685 855 2718 Deus
873 2683 959 2730 quod
971 2696 1037 2731 gra-

282 2737 355 2767 tiam
368 2748 432 2768 non
446 2735 497 2769 det
518 2733 660 2781 reprobis
673 2734 738 2767 ullo
754 2733 853 2767 modo
866 2731 959 2767 causae
973 2731 1039 2767 sunt

283 2784 331 2817 vel
344 2785 578 2829 peccatorumin
591 2784 691 2818 terris,
707 2783 756 2816 vel
768 2783 1037 2817 tormentorumin

284 2831 422 2867 inferno:
436 2833 713 2881 quicquidlargitur
728 2833 816 2866 Deus
823 2832 1037 2879 peccatoribus

285 2883 377 2929 gratia
391 2882 434 2916 est
449 2908 458 2922 ‚
488 2887 518 2917 &
533 2880 760 2922 misericordia3
786 2881 872 2928 quod
885 2882 1014 2929 denegat
1026 2906 1037 2921 ‚

284 2932 362 2964 nulla
375 2932 418 2965 est
431 2933 538 2978 injuria
550 2931 599 2966 sed
610 2930 722 2976 justum
742 2930 948 2978 reproborum
971 2944 1037 2965 me-

286 2992 390 3014 titum.

332 3030 467 3063 Secunda
480 3041 528 3064 tua
548 3031 625 3063 ratio
639 3031 702 3064 liaec
718 3029 772 3064 est.
808 3028 1035 3064 Praedestinatio

286 3077 420 3111 absoluta
440 3079 560 3111 bomini
585 3080 719 3126 imponit
737 3078 857 3113 fatalem
880 3079 1033 3113 necessita-

264 3149 272 3153 -
286 3137 348 3160 tem
362 3152 371 3166 ‚
397 3128 437 3160 ita
455 3138 488 3160 ut
501 3140 563 3161 non
579 3129 612 3161 sit
631 3129 707 3162 liber
724 3130 835 3176 eligere
850 3128 972 3163 bonum
984 3139 1035 3162 aut

284 3177 407 3210 malum.
422 3174 514 3223 Resp.
528 3177 644 3211 Primus
657 3178 779 3223 hujusce
786 3178 912 3213 rationis
925 3179 1034 3213 3υᾶοτ

571 93 665 131 ΒΕ
722 91 1535 136 PRAEDESTINAT10NE,

1079 161 1138 198 fuit
1149 165 1308 214 Pelagius,
1327 166 1369 200 ita
1381 166 1464 200 enirn
1478 167 1679 216 eAugustinm
1693 171 1729 206 ad
1743 173 1839 205 *Boni-

1073 215 1195 260 facium
1211 215 1265 250 lib.
1279 227 1306 249 2.
1320 228 1384 263 cap.
1401 221 1432 250 6.
1445 219 1528 251 Itane
1542 217 1617 251 vero
1627 220 1768 266 ‚·inquit,
1783 221 1840 256 filii

1081 262 1247 313 superbiae,
1270 265 1388 300 inimici
1401 267 1502 313 gratiae
1516 266 1598 303 Dei,
1620 266 1754 315 quisquis
1767 271 1840 305 dicit

1082 314 1176 363 'gratia
1193 315 1259 349 Dei
1272 316 1377 349 omnia
1389 315 1526 350 hominis
1542 316 1625 350 bona
1638 319 1746 352 merita
1766 332 1842 365 prae-

1081 365 1195 404 veniri,
1211 362 1309 403 fatum
1323 366 1413 399 vobis
1427 367 1547 403 videtur
1560 365 1705 402 asserere?
1717 371 1747 401 A
1757 371 1841 402 Pela-

1075 417 1126 462 gio
1140 426 1207 447 eam
1217 415 1439 459 eWaffi'limfts
1453 427 1647 456 mutuarunt,
1667 418 1765 463 prima
1777 417 1843 453 haec

1081 462 1139 496 fuit
1152 475 1262 497 eorum
1276 474 1384 498 contra
1399 467 1580 512 ‘prosperum
1594 465 1738 511 objeffio
1745 492 1755 507 ‚
1777 468 1843 502 Fati

1081 512 1212 546 nomine
1227 513 1243 557 ζ
1250 513 1352 561 inquit
1363 515 1516 562 Prosper)
1538 514 1712 550 doctrinam
1725 517 1840 564 praede-

1080 560 1253 596 stinationis
1272 560 1429 598 infamant.
1467 565 1499 598 Si
1517 563 1575 598 tibi
1596 565 1728 611 placeret
1744 567 1842 612 capita

1080 611 1183 658 priora
1195 611 1362 646 duodecim
1383 613 1437 647 lib.
1454 626 1480 659 5.
1493 613 1531 647 de
1548 614 1645 649 Civit.
1663 615 1729 649 Dei
1745 616 1843 662 perle-

1080 673 1162 708 gere,
1176 661 1294 697 videres
1308 665 1422 709 quanta
1435 675 1506 697 cum
1519 663 1630 707 injuria
1642 663 1764 699 ethnica
1776 664 1841 700 haec

1079 709 1204 746 fatalitas
1217 710 1260 744 illi
1278 713 1448 760 Augustini
1464 713 1614 747 do&rinae
1628 714 1839 761 imputaretur.

1125 761 1233 794 Fatum
1250 785 1260 800 ‚
1291 759 1457 796 secundum
1477 773 1616 796 veterum
1637 776 1840 799 communem

1078 805 1254 844 sententiam
1269 834 1278 848 ‚
1305 810 1350 844 est
1362 810 1468 845 efficax
1483 810 1636 850 stellarum
1655 814 1797 860 operatio
1807 814 1840 848 in

1077 869 1227 893 creaturas
1241 856 1414 894 inferiores.
1442 862 1535 899 Hoc,
1552 873 1646 908 puto,
1667 875 1733 896 non
1751 862 1840 897 ascri-

1077 907 1131 942 bes
1149 908 1208 942 tuis
1226 906 1410 944 adversariis.
1450 913 1485 943 In
1506 911 1599 946 altera
1618 910 1840 959 significatione

1076 957 1204 1005 quidam
1216 955 1314 992 fatum
1326 958 1516 1006 accipiebant
1532 972 1590 1006 pro
1606 962 1840 996 concatenatio-

1075 1019 1114 1041 ne
1136 1006 1290 1042 causarum
1309 1006 1508 1043 secundarum
1529 1020 1592 1043 tam
1614 1010 1702 1044 arfto
1723 1010 1812 1045 nodo
1824 1012 1841 1046 Ξ

1076 1058 1172 1103 parcis
1192 1059 1333 1093 connexa
1347 1082 1358 1098 ,
1385 1069 1418 1092 ut
1438 1058 1499 1105 ipse
1508 1059 1630 1106 Jupiter
1643 1060 1717 1094 huic
1737 1061 1841 1095 ordini

1076 1105 1290 1151 subjiceretur,
1305 1119 1364 1141 nec
1375 1107 1470 1142 ullum
1483 1107 1607 1153 hujusce
1619 1120 1731 1144 catenae
1744 1122 1842 1144 annu-

1075 1156 1139 1190 lum
1157 1156 1271 1191 valeret
1296 1169 1451 1204 rumpere.
1485 1157 1630 1202 Eusebius
1652 1159 1692 1193 de
1713 1171 1838 1206 praepar.

1076 1205 1241 1252 Euangelii
1254 1205 1306 1239 lib.
1318 1212 1348 1240 6.
1368 1206 1423 1240 ubi
1436 1207 1476 1241 de
1491 1206 1557 1241 fato
1570 1207 1690 1255 prolixe
1703 1210 1815 1244 tractat
1826 1234 1837 1250 ‚

1076 1254 1154 1288 hanc
1173 1253 1286 1301 probat
1302 1252 1388 1289 fuisse
1407 1266 1546 1291 mentem
1568 1257 1738 1293 multorum
1751 1270 1840 1293 vete-

1077 1315 1157 1337 rum.
1187 1305 1297 1349 Unum
1312 1304 1529 1340 testimonium
1546 1305 1633 1341 affert
1653 1320 1690 1342 cx
1708 1307 1841 1343 versibus

1078 1353 1240 1402 eApollmis
1256 1352 1421 1388 excusantis
1434 1355 1650 1402 impotentiam
1664 1356 1745 1390 suam
1753 1358 1840 1404 quod

1077 1414 1142 1436 non
1160 1402 1286 1437 valuerit
1307 1401 1394 1436 suum
1416 1402 1507 1450 ipsius
1529 1405 1680 1451 templum
1694 1405 1711 1440 a
1724 1406 1841 1440 confla-

1077 1451 1217 1499 gratione
1229 1448 1408 1486 conservare
1417 1476 1427 1491 ,
1440 1464 1529 1491 nam,
1550 1453 1668 1500 inquit,
1681 1453 1742 1500 ipse
1753 1456 1842 1502 Jupi-

1076 1511 1122 1536 ter
1128 1514 1193 1535 non
1200 1499 1303 1548 potest
1311 1513 1407 1535 unum
1414 1501 1476 1536 coli
1485 1504 1646 1537 Parcarum
1658 1501 1840 1539 filum'rum-

1075 1563 1159 1599 pere.

1152 1607 1213 1637 Τῆστ
1229 1604 1260 1644 ›ss
1273 1604 1390 1643 389²⁹¹Q⁰
1404 1605 1467 1637 dl&
1480 1605 1603 1641 ηρι-ι-ἔνσίισῑ
1618 1606 1723 1647 κάξᾶυον

1152 1645 1239 1676 όΉικε
1252 1645 1357 1677 ὢνῆσωστ
1370 1647 1434 1683 μένᾴν
1451 1646 1589 1675 haimom
1604 1648 1737 1683 οἷα-ξάκῖςις.

1074 1694 1150 1728 Hoc
1161 1705 1257 1742 genus
1270 1690 1324 1727 fati
1336 1694 1436 1728 nullus
1448 1706 1584 1742 unquam
1597 1696 1761 1744 Augustino
1779 1697 1836 1730 tri-

1073 1743 1159 1780 buit.
1174 1742 1224 1777 sed
1237 1744 1327 1777 tertia
1339 1743 1424 1778 vocis
1438 1742 1621 1790 significatio
1633 1744 1692 1781 fuit
1705 1746 1721 1781 a
1743 1746 1839 1795 Chry-

1066 1796 1145 1843 sippo
1159 1797 1190 1828 &
1200 1793 1309 1827 Stoicis
1320 1795 1386 1837 ejus
1393 1791 1573 1840 sequacibus
1581 1794 1718 1843 usurpata
1729 1795 1767 1830 de
1775 1798 1839 1844 qua

1075 1842 1143 1878 fuse
1158 1844 1260 1878 Aulm
1271 1844 1398 1891 §elliam
1413 1842 1603 1888 Hujusmodi
1610 1870 1620 1885 ,
1632 1856 1725 1892 puto,
1739 1843 1838 1880 fatum

1074 1893 1133 1928 fuit
1150 1893 1238 1941 quod
1250 1894 1328 1927 olim
1340 1906 1375 1927 ac
1393 1892 1490 1928 hodie
1508 1894 1670 1942 Augustini
1688 1895 1839 1930 doetrinae

1076 1944 1114 1978 ab
1127 1941 1297 1979 adversariis
1314 1942 1491 1977 inurebatur
1503 1968 1514 1984 ‚
1541 1944 1591 1978 sed
1608 1949 1640 1979 δε
1658 1944 1721 1980 hoc
1741 1943 1839 1979 fatum

1076 1992 1194 2041 semper
1207 1994 1314 2038 rejecit
1325 1992 1511 2042 Augustinus
1520 2018 1531 2034 ‚
1547 1994 1687 2042 inprimis
1701 1994 1746 2029 ob
1759 1995 1840 2028 duos

1077 2056 1198 2078 errores
1211 2056 1293 2091 quos
1307 2044 1337 2077 id
1350 2043 1526 2077 includebat
1546 2047 1577 2078 &
1595 2044 1657 2091 ipse
1676 2044 1839 2079 abomina-

1077 2094 1182 2134 batur,
1201 2092 1253 2127 etfi
1265 2103 1432 2141 utrumque
1442 2092 1496 2140 ipsi
1510 2094 1694 2140 imputarent
1706 2091 1838 2127 adversa-

1076 2145 1127 2178 rii.
1139 2145 1229 2178 Prior
1242 2155 1341 2182 error,
1356 2142 1443 2191 quod
1456 2143 1591 2176 omnino
1604 2142 1725 2180 omnia,
1744 2141 1837 2175 etiam

1077 2194 1155 2228 mala
1172 2197 1203 2227 &
1217 2203 1339 2239 peccata
1355 2192 1473 2227 directe
1490 2191 1529 2224 ab
1548 2191 1611 2224 hoc
1622 2189 1687 2224 fato
1700 2189 1838 2237 proflue-

1076 2252 1155 2274 rent.
1181 2243 1259 2274 Haec
1274 2239 1371 2272 fatalis
1383 2239 1428 2272 est
1440 2238 1592 2272 neceffitas
1600 2252 1694 2285 quam
1708 2242 1838 2288 Semipe-

1075 2289 1188 2334 lagiam‘
1201 2288 1232 2320 in
1244 2287 1348 2320 verbis
1363 2286 1499 2331 epistolae
1511 2286 1646 2334 Prosperz'
1661 2300 1728 2334 quae
1742 2298 1775 2322 tu
1795 2289 1839 2322 ci-

1075 2346 1120 2369 tas
1132 2335 1306 2381 Augustino
1320 2333 1512 2379 objiciebant
1529 2349 1538 2376 ;
1565 2336 1648 2372 talis,
1670 2338 1813 2384 inquiunt
1826 2362 1836 2377 ‚

1075 2383 1301 2432 praedestinatio
1320 2381 1442 2418 fatalem.
1466 2385 1584 2419 inducit
1607 2386 1813 2421 necessitatem
1828 2411 1838 2426 ‚

1076 2444 1127 2468 aut
1139 2433 1321 2469 diversarum
1335 2444 1509 2468 naturarum
1523 2436 1632 2470 Deum
1645 2434 1717 2470 facit
1727 2437 1838 2470 condi-

1076 2495 1190 2518 torem.
1214 2481 1461 2520 Manichaeismus
1474 2484 1526 2518 hic
1540 2483 1614 2532 saepe
1629 2485 1835 2534 Augustino&

1077 2532 1254 2581 sequacibus
1276 2533 1422 2578 objeekus
1442 2532 1499 2568 fuit
1516 2532 1566 2569 sed
1581 2546 1738 2582 nunquam
1758 2547 1835 2583 pro-

1077 2583 1177 2623 batus,
1191 2595 1350 2631 nunquam
1360 2584 1442 2617 enim
1450 2584 1497 2617 vel
1505 2584 1558 2618 illo
1566 2584 1611 2619 vel
1618 2583 1650 2618 hi
1657 2584 1747 2619 talem
1754 2597 1834 2632 prae-

1075 2632 1314 2667 destinationem
1335 2632 1530 2673 docuerunt,
1556 2646 1625 2680 quae
1643 2634 1704 2670 ulla
1724 2633 1833 2669 conse-

1075 2682 1201 2731 quentia
1225 2682 1362 2730 legitima
1389 2684 1496 2717 Deum
1520 2680 1650 2718 faciebat
1672 2685 1833 2718 auctorem

1075 2732 1191 2780 peccati
1208 2743 1258 2765 aut
1278 2742 1450 2766 creatorem
1468 2733 1539 2766 mali
1554 2733 1585 2766 in
1598 2732 1831 2781 quibuscunque

1074 2781 1217 2816 creaturis
1225 2781 1323 2829 malis.
1336 2781 1473 2817 Adhanc
1480 2782 1696 2826 objectionem
1705 2781 1830 2829 respon-

1074 2832 1125 2866 det
1133 2832 1324 2881 Auguffmus
1340 2830 1378 2865 de
1391 2832 1475 2867 civit.
1488 2833 1554 2866 Dei
1565 2832 1655 2878 lib.5.
1664 2844 1767 2878 cap.9.
1781 2832 1829 2865 Si-

1074 2892 1125 2916 cut
1137 2882 1280 2915 omnium
1294 2882 1437 2928 (inquit)
1452 2893 1624 2916 naturarum
1637 2892 1772 2920 creator,
1788 2881 1828 2915 ita

1075 2931 1217 2964 omnium
1230 2929 1416 2976 potestatum
1433 2931 1521 2965 dator
1533 2943 1597 2963 non
1611 2930 1803 2964 voluntatum
1815 2955 1827 2970 ,

1074 2980 1158 3013 malae
1170 2979 1286 3027 quippe
1298 2979 1471 3013 voluntates
1478 2980 1577 3013 abillo
1590 2992 1655 3013 non
1668 2978 1745 3021 sunt,
1757 2981 1828 3028 quia

1073 3040 1178 3063 contra
1192 3039 1330 3062 naturam
1344 3027 1425 3068 sunt,
1444 3029 1511 3077 ‘quae
1524 3029 1562 3063 ab
1577 3029 1631 3063 illo
1644 3028 1696 3063 est.

1120 3079 1207 3113 Alter
1219 3078 1376 3124 primarius
1384 3091 1469 3113 error
1476 3079 1521 3112 ob
1533 3091 1626 3126 quem
1640 3079 1745 3125 rejecit
1756 3080 1828 3111 An-

1065 3128 1206 3176 guflinus
1220 3127 1316 3162 fatum
1326 3129 1465 3163 Stoicum
1473 3153 1482 3168 ‚
1496 3140 1559 3163 erat
1567 3128 1653 3176 quod
1661 3129 1699 3162 ab
1707 3128 1827 3162 astibus

1071 3178 1211 3213 humanis
1225 3177 1356 3213 liberum
1369 3178 1489 3213 tolleret
1501 3178 1660 3213 arbitrium
1677 3177 1745 3224 (etsi
1753 3179 1825 3224 Spa-

1732 3228 1823 3258 laten-
