2048 3343
129 394 234 430 Craffiaem

125 435 186 471 Iastp
190 434 216 461 ln

121 475 243 513 sphalma.

289 135 363 160 102
639 120 955 158 OPER1s

283 194 499 232 extruendum
527 192 688 241 templum
701 218 710 227 .
754 193 841 228 Huic
868 195 914 229 illi
941 195 1034 241 operi

282 243 909 291 strenueincuinbentcs‚succeffi1plane
922 243 1035 277 divino

282 307 371 329 anno
396 296 488 330 Darii
507 294 598 329 {exto
620 290 1029 340 colophonemimposue-

283 355 372 379 runt.
1025 375 1028 378 .

334 394 501 428 Praeterire
510 390 637 427 hicnon
650 390 725 425 finit
735 393 865 426 animus
875 404 1032 441 magnum

289 439 345 486 (ut
359 442 452 477 vobis
463 443 611 489 videtur)
624 442 725 490 loftphi
734 440 879 489 sphalma
890 443 1029 487 antiqui·

283 501 390 526 tatum
405 505 460 527 20.
474 505 547 538 cap.
562 507 593 536 4.
620 491 714 539 quod
734 505 771 526 ex
791 490 1033 527 recentioribus

283 541 420 587 quidam
448 543 490 576 ab
516 541 587 589 ipso
616 552 810 576 mutuantur
829 566 839 582 ‚
874 542 1031 574 nimirum

282 592 484 626 Zorobabelcm
497 595 530 626 &
542 591 653 637 lofitam
663 615 672 631 ,
686 605 722 625 ex
738 590 804 624 hoc
816 587 1032 624 Dariiedidto

282 639 452 675 adduxisse
485 639 595 676 secum
623 639 793 685 Babylone
820 639 853 670 in
880 635 1029 682 Judaeam

282 701 399 736 praeter
409 692 533 737 priores
546 700 697 736 tempore
707 689 775 735 Cyri
785 686 919 720 reduces
933 712 943 725 ‚
964 697 1031 718 non

283 741 457 784 pauciores
473 739 573 787 quam
593 737 785 784 quadragies
805 735 927 769 centies
942 736 1030 770 mille

282 786 459 823 sexcenties
488 790 586 822 vicies
617 786 720 819 oeties
753 783 843 818 mille
870 784 1028 824 virorum,

281 839 382 884 idque
392 850 429 871 ex
442 836 593 871 tribubus
606 832 736 868 tantum
748 834 819 868 Iudae
834 836 867 867 δε
885 833 1030 876 Benjami-

281 899 312 921 m
323 913 330 925 ,
343 886 468 920 summa
481 884 620 919 omnino
633 882 847 918 incredibilis.
872 881 1032 915 Putaffem

282 933 430 982 sphalma
457 933 508 968 liic
528 933 643 969 haberi
662 931 798 979 aliquod
818 930 1033 979 typographi-

284 997 360 1018 cum
382 1009 392 1022 ‚
419 983 479 1018 nisi
498 984 538 1018 ad
558 984 737 1018 editionem
762 984 911 1015 Graecam
936 981 1033 1014 Pala-

284 1036 388 1068 tinam
412 1059 423 1074 ,
451 1047 487 1068 ex
508 1034 644 1077 optimis
666 1029 887 1078 manuscriptis
898 1030 1033 1070 factam,

285 1085 434 1118 cometa
457 1080 563 1118 luisset
585 1083 771 1117 Roveriana
795 1079 907 1113 nostra
924 1082 1034 1114 Gene-

285 1131 390 1168 vensis
408 1131 573 1179 impreffio
597 1147 608 1175 3
634 1135 668 1165 &
699 1129 776 1165 vero
797 1128 887 1174 supra
905 1128 1034 1164 duston}

284 1195 461 1216 nnmerum
490 1182 614 1216 disertis
633 1179 740 1215 verbis
757 1178 950 1228 expreffiffet
969 1191 1036 1212 non

286 1230 417 1266 tantum
431 1230 635 1266 docrissimus
651 1232 776 1265 Gelenius
788 1231 921 1263 Latinus
935 1231 1034 1263 Inter-

285 1284 535 1328 pres,nimirum
549 1293 664 1330 quater
675 1280 763 1314 mille
775 1278 1036 1315 millia,sexcenra

285 1333 402 1380 viginti
416 1333 498 1366 οέὶο
512 1332 615 1366 millia
625 1355 633 1370 ‚
646 1329 699 1364 sed
709 1340 814 1364 textus
825 1326 891 1375 ipse
904 1331 1036 1363 Graecus

286 1380 361 1416 suos
376 1393 531 1416 numeros
549 1376 699 1428 posuisset
720 1391 791 1412 non
811 1375 939 1412 tantum
952 1379 983 1410 in
995 1376 1036 1411 li-

287 1433 365 1464 teris
379 1458 388 1470 ,
407 1429 460 1467 sed
472 1432 568 1464 etiam
580 1431 613 1464 in
625 1427 887 1463 summssdilatatfi
897 1426 938 1460 ad
950 1427 1038 1461 hunc

288 1479 432 1515 modum
460 1480 617 1523 uvestoe'dlee.
634 1495 659 1513 υ.
680 1480 706 1523 ζ.
726 1483 755 1518 β
776 1494 804 1511 κ.
828 1475 1038 1523 ὄκζὶκιχῖλιοι.

289 1530 385 1565 Vasta
397 1528 484 1564 adeo
495 1529 559 1564 fuit
576 1529 642 1564 haec
652 1528 828 1562 hominum
843 1524 1037 1567 multitudo,

286 1590 323 1613 ut
341 1579 422 1614 nulli
442 1579 592 1613 humanae
611 1576 800 1612 auctoritati
817 1575 856 1610 de
875 1573 911 1610 e&
932 1574 1035 1609 fidem

286 1627 444 1663 adhibere
469 1628 652 1663 valeamus.
688 1627 784 1673 Qin
811 1625 910 1660 etiam
932 1625 1036 1672 losephi

283 1676 399 1713 locum
412 1675 822 1726 penitiusintrospicientes
842 1676 904 1709 alia
924 1673 970 1707 ibi
989 1687 1036 1708 re-

285 1730 516 1776 perimus‚quae
530 1727 673 1762 auffioris
690 1725 945 1759 oscitantiam&
957 1722 1036 1757 dor·

285 1779 499 1812 mirationem
516 1776 621 1812 finon
633 1774 873 1814 demonstrent,
882 1772 970 1808 cette
985 1772 1033 1807 su-

285 1825 431 1872 spec'bam
453 1826 544 1862 valde
555 1825 699 1861 reddant
723 1838 733 1859 ι
760 1823 877 1857 scilicet
892 1823 1033 1857 eundem

286 1875 416 1922 prorsus
427 1889 602 1910 numerum
613 1877 651 1910 ad
664 1886 768 1909 unum
780 1869 872 1906 fuisse
884 1870 962 1906 cum
972 1871 1034 1906 ser—

285 1937 405 1959 vorum
438 1923 509 1959 turn
537 1923 739 1959 camelorum
763 1922 973 1957 redeuntium
997 1933 1036 1955 ex

285 1975 403 2009 edieto
417 1977 528 2014 Darii,
544 1975 600 2021 qui
613 1972 719 2008 fuerat
729 1971 818 2020 prius
828 1971 1035 2006 redeuntium

286 2035 363 2059 ante
374 2023 500 2071 aliquot
511 2036 611 2057 annos
620 2036 656 2057 ex
667 2023 781 2058 edieto
794 2023 873 2070 Cyri.
884 2019 1039 2056 Praeterea

287 2084 354 2108 tam
372 2075 466 2108 vastae
487 2074 633 2107 virorum
655 2071 864 2106 multitudini
886 2071 1037 2118 adjungit

284 2135 465 2170 puerorum
478 2126 513 2158 &
525 2124 698 2157 mulierum
710 2120 819 2156 solum
832 2120 1034 2168 quadragin-

284 2182 320 2204 ta
348 2173 450 2205 millia
478 2172 683 2218 septingenta
708 2171 929 2218 quadraginta
954 2173 1036 2210 duo,

284 2220 360 2253 cum
372 2222 466 2267 pueri
479 2232 516 2253 ac
534 2222 686 2254 mulieres
701 2221 826 2266 semper
842 2218 971 2254 soleant
984 2220 1033 2253 vi-

285 2281 342 2303 ros
354 2281 491 2304 numero
504 2268 601 2316 longe
613 2268 775 2315 superare.

336 2318 471 2353 Deinde
486 2317 526 2352 ab
548 2317 597 2352 his
614 2315 849 2364 posterioribus
871 2314 940 2350 vult
964 2326 1034 2349 non

284 2369 414 2403 tantum
429 2369 514 2412 jadra
532 2368 648 2414 templi
665 2366 883 2401 fundamenta
894 2389 903 2405 ‚
918 2362 972 2398 sed
983 2377 1035 2399 ex-

283 2419 430 2452 truc'tum
442 2417 500 2452 effe
513 2419 611 2451 etiam
622 2419 721 2451 altare
733 2441 743 2456 ,
762 2416 859 2460 idque
879 2425 969 2447 anno
989 2413 1034 2447 se-

281 2468 392 2502 cundo
414 2471 448 2502 &
470 2464 574 2501 mense
588 2464 735 2501 secundo
752 2466 826 2513 post
839 2463 930 2497 suum
943 2463 1031 2498 redi—

280 2526 364 2550 tum.
398 2517 459 2550 Ista
470 2518 585 2551 omnia
598 2520 632 2550 in
646 2517 755 2563 primo
767 2514 873 2549 reditu
884 2512 900 2547 a
910 2514 1032 2548 Zoroba-

280 2568 338 2601 bele
358 2563 444 2600 facta
462 2591 471 2607 ,
504 2578 575 2599 non
596 2576 689 2599 eraut
710 2563 833 2610 absque
844 2560 1033 2596 necessitate

280 2615 474 2664 repetenda.
498 2613 652 2650 Profetsto
665 2612 797 2647 tantum
810 2609 900 2645 abest
912 2623 946 2645 ut
958 2611 1031 2656 1οβ-

276 2669 334 2714 plm
353 2664 524 2699 credamus
546 2675 596 2697 tot
617 2676 653 2696 ex
667 2662 882 2698 DariiediCto
896 2660 1032 2700 rediisse,

282 2726 429 2761 quorum
450 2713 587 2748 decimae
614 2712 695 2759 parti
721 2709 844 2743 alendae
866 2719 951 2742 terra
963 2719 1034 2742 tota

285 2763 476 2810 Judaeornm
500 2763 538 2796 esi
564 2759 756 2807 tempestate
768 2756 911 2792 desolata
927 2782 937 2798 ‚
964 2769 1033 2791 non

285 2811 467 2853 luffccisset‚
479 2824 514 2846 ut
526 2823 626 2846 nemo
639 2806 808 2856 quisquam
821 2819 860 2841 co
872 2808 1034 2853 temporis

289 2862 459 2907 Babylone
472 2861 660 2907 inJudoeam
678 2854 909 2903 commigrasse
924 2857 1034 2890 videa-

287 2923 351 2951 tur,
364 2922 527 2957 quantum
539 2923 576 2944 ex
589 2909 671 2956 Esdra
680 2932 687 2943 ‚
696 2907 851 2943 Nebmia,
861 2917 917 2939 aut
928 2906 1035 2951 Esthere

286 2972 420 3007 apparet
435 2983 444 2998 ‚
470 2961 526 3006 qui
547 2972 596 2993 res
615 2956 809 3004 Judaeorum
830 2955 918 2989 istius
936 2953 1035 2988 seculi

288 3010 395 3044 multo
418 3008 517 3058 quam
537 3010 661 3055 loseplnu
677 3003 859 3041 accuratius
869 3017 904 3038 ac
916 3000 1036 3038 certius

289 3058 537 3104 descripserunt.

338 3106 384 3138 Ut
406 3111 438 3139 in
460 3106 727 3149 Hierosolymam
745 3102 869 3138 Divina
881 3103 1032 3136 bonitate

290 3155 383 3188 Dario
395 3152 580 3200 benignitas
591 3155 692 3189 eluxit
708 3182 715 3194 ‚
746 3155 791 3186 ita
809 3165 866 3200 per
878 3153 1032 3186 Divinam

288 3201 336 3236 ob
353 3203 470 3237 Zioncm
490 3204 664 3238 vindictam
676 3202 821 3249 ejusdem
841 3201 990 3238 severitas
1001 3201 1034 3233 in

1018 121 1494 162 Hrsroarer

1088 194 1292 242 Babylonem
1315 197 1448 240 exarsit,
1465 212 1566 246 quam
1586 200 1743 237 omnibus
1757 199 1834 238 belli

1085 247 1328 282 calamitatibus
1338 247 1450 283 afflixit
1460 274 1469 286 ,
1483 253 1516 283 &
1529 248 1666 285 tandem
1676 254 1709 286 in
1723 253 1830 287 villam

1086 296 1226 344 redegit.

1131 345 1304 392 Babylonii
1321 347 1539 382 animadversa
1558 360 1615 396 per
1627 350 1755 397 aliquot
1774 363 1831 384 an-
1853 358 1969 388 Dariiin

1085 404 1147 428 nos
1166 397 1199 428 in
1217 395 1405 444 cambysis&
1418 405 1570 445 Magorum
1582 400 1828 445 Regnis,ctiam
1850 399 1958 436 Babylo-

1083 443 1116 474 in
1127 443 1371 492 Dariiauspiciis
1383 470 1392 483 ,
1409 447 1526 495 magni
1540 446 1654 481 Persici
1664 450 1830 496 regiminis
1850 441 1986 484 nfmseve-

1082 489 1277 526 confusione
1296 518 1306 534 ‚
1334 499 1465 530 animos
1486 498 1616 544 erigunt
1627 496 1680 544 spe
1691 510 1829 544 recupe-
1846 488 1916 511 ΨΜ·

1082 541 1190 575 randae
1202 541 1504 587 pristinaeliberratis
1517 550 1551 579 ἃ
1562 548 1703 592 imperii:
1716 547 1832 582 urbem

1081 587 1169 623 suam
1184 591 1272 625 tanta
1285 602 1351 626 arte
1372 604 1529 640 tantaque
1541 596 1571 626 vi
1584 598 1833 634 communiunt,

1083 650 1119 672 ut
1136 642 1261 675 Darium
1286 641 1370 688 pene
1392 653 1468 676 toto
1491 643 1628 676 biennio
1649 656 1723 677 cum
1737 646 1833 679 omni

1083 686 1139 722 suo
1157 691 1300 724 exercitu
1319 689 1523 726 obsidentem
1545 690 1741 738 spreverint:
1768 694 1833 729 Sed

1082 736 1156 772 cum
1174 741 1281 789 Zopyri
1301 740 1427 774 artibus
1447 753 1485 774 ac
1505 742 1702 788 proditione
1722 743 1832 777 aditus

1083 787 1115 820 in
1141 787 1257 822 urbem
1285 790 1465 835 patefadtus
1485 789 1558 824 ell'et
1582 792 1653 838 post
1676 804 1832 839 magnam

1083 833 1264 870 obviorum
1276 838 1413 885 stragem
1425 865 1435 880 ,
1456 852 1570 874 muros
1589 843 1721 884 (mnndi
1733 845 1834 875 mira-

1082 886 1221 932 culum)
1253 886 1374 931 quibus
1394 896 1480 937 Cyrus
1499 902 1699 937 pepercerat,
1719 894 1834 927 Darius

1083 931 1155 967 solo
1181 937 1339 980 aequavit.
1376 936 1423 969 Ex
1449 940 1608 982 primariis
1639 940 1767 974 civibus
1786 952 1835 975 tet

1087 983 1174 1017 mille
1185 984 1336 1017 crucibus
1346 982 1523 1032 affixit:ipli
1534 999 1608 1021 anre
1623 988 1835 1024 obsidionem

1084 1042 1208 1067 tantam
1228 1034 1361 1069 suarum
1384 1035 1554 1068 mulierum
1566 1036 1701 1085 stragem
1716 1039 1836 1074 edide-

1084 1093 1160 1116 runt
1178 1107 1188 1123 ,
1206 1093 1242 1116 ut
1257 1082 1297 1116 ad
1309 1081 1498 1118 munsterum
1511 1087 1655 1120 virorum
1666 1087 1836 1121 connubia

1085 1133 1199 1166 Darius
1210 1144 1247 1166 ex
1257 1132 1338 1166 locis
1350 1133 1464 1166 vicinis
1483 1135 1722 1181 quinquaginta
1735 1137 1837 1171 millia

1085 1179 1296 1215 foeminarum
1310 1180 1467 1228 colligere
1480 1182 1606 1219 neceffe
1618 1185 1778 1221 habuerit.

1134 1229 1399 1277 Babyloniorum
1418 1232 1498 1265 urbe
1519 1234 1552 1265 in
1565 1232 1673 1267 villam
1688 1234 1833 1276 redadffi,
1854 1235 1945 1272 Inftlix

1085 1281 1234 1325 proxima
1257 1293 1331 1315 cura
1354 1282 1504 1316 animum
1529 1283 1743 1318 Dariiinvafit
1760 1285 1834 1318 iub·
1854 1279 1937 1305 Darii

1084 1333 1216 1379 jugandi
1229 1333 1344 1381 Scythas
1373 1346 1382 1365 .·
1403 1330 1443 1364 ab
1458 1331 1548 1377 lndia
1560 1332 1658 1379 usque
1670 1333 1709 1366 ad
1722 1335 1829 1368 Thra·
1854 1325 1963 1386 isiniga
1989 1332 1995 1335 ”

1088 1391 1140 1414 cas
1153 1405 1163 1421 ,
1183 1384 1215 1414 &
1233 1379 1250 1414 a
1275 1378 1425 1415 Caucaso
1438 1382 1477 1416 ad
1487 1382 1775 1430 Oct-anumlonge
1788 1386 1833 1418 la·
1854 1368 1950 1427 1„me

1089 1440 1186 1477 teque
1198 1432 1309 1464 Darius
1321 1429 1524 1476 imperabat3
1538 1431 1625 1465 hisce
1636 1443 1746 1466 tamen
1759 1432 1835 1467 fini-

1088 1477 1149 1513 bus
1161 1477 1267 1513 noluit
1279 1477 1309 1513 se
1321 1482 1483 1514 coarctari
1494 1482 1654 1515 immensa
1667 1482 1726 1516 viri
1737 1483 1834 1530 cupi·-

1087 1527 1193 1569 ditas3
1220 1531 1393 1578 Scytharum
1412 1527 1690 1578 subjugandorum
1712 1543 1835 1577 magna

1086 1577 1190 1625 ipsum
1201 1577 1459 1626 cepitambitio:
1477 1591 1584 1627 neque
1599 1591 1707 1614 tamen
1722 1581 1836 1613 orien-

1089 1629 1166 1662 tales
1177 1629 1359 1676 Maffagetas‚
1369 1630 1424 1676 qni
1441 1632 1509 1678 Cyri
1521 1632 1620 1664 vitam
1634 1631 1835 1663 exercitum-

1087 1688 1152 1723 que
1163 1679 1391 1724 perdiderunt,
1404 1689 1529 1711 tentare
1540 1676 1632 1712 ausus
1643 1678 1687 1713 est
1701 1701 1711 1714 ‚
1734 1677 1835 1712 sedin

1088 1726 1314 1762 occidentales
1330 1751 1341 1765 .,
1368 1725 1473 1760 hodie
1500 1735 1632 1763 Tartaros
1644 1730 1836 1774 Praecopenfizs‚

1086 1773 1172 1809 ultra
1199 1786 1343 1822 pontum
1369 1776 1537 1810 Euxinum
1570 1781 1604 1812 &
1637 1776 1836 1811 Danubium

1083 1824 1207 1859 flumen
1218 1824 1613 1872 degente5,ar1natnovir.
1638 1828 1739 1861 Binos
1752 1839 1840 1861 con-

1085 1873 1194 1908 struxit
1215 1885 1335 1922 pontes
1353 1887 1390 1908 ex
1410 1876 1530 1909 ratibus
1550 1878 1677 1922 ligneos
1696 1901 1704 1913 ‚
1728 1878 1835 1910 altero

1087 1921 1295 1970 Bosphorum
1306 1923 1486 1958 Thracium
1498 1936 1643 1970 quatuor
1654 1925 1837 1959 stadiorum

1086 1985 1174 2008 mare
1194 1973 1302 2008 stravit
1321 1998 1332 2014 ‚
1358 1974 1461 2007 altero
1480 1974 1687 2008 Danubium.
1726 1973 1835 2009 Nullae

1086 2034 1156 2057 tum
1176 2023 1262 2057 inter
1280 2024 1395 2067 Scythas
1413 2023 1508 2057 urbes
1529 2049 1538 2063 ,
1565 2022 1702 2057 mobilia
1722 2025 1837 2058 omnia

1086 2072 1234 2118 ipsorum
1246 2073 1279 2106 in
1290 2073 1439 2106 tentoriis
1450 2072 1633 2107 domicilia.
1664 2073 1835 2106 Persarum

1085 2123 1130 2157 illi
1143 2133 1233 2156 arma
1245 2120 1342 2156 flocci
1353 2120 1462 2156 facere
1481 2147 1492 2163 ,
1517 2124 1551 2155 in
1572 2123 1726 2168 Regionis
1743 2124 1834 2155 inte-

1085 2172 1167 2206 riora
1182 2183 1317 2206 movete
1325 2170 1442 2209 castra,
1454 2182 1575 2205 vacuos
1586 2174 1683 2205 Dario
1694 2182 1835 2216 campos

1083 2220 1280 2266 relinquere.
1318 2218 1391 2253 Post
1409 2221 1595 2253 multorum
1616 2222 1742 2253 dierum
1765 2218 1834 2254 sine

1082 2267 1191 2302 fructu
1203 2266 1468 2302 discursationem
1482 2293 1492 2307 ,
1506 2266 1616 2302 Persas
1626 2267 1835 2303 commeatus

1085 2314 1196 2362 inopia
1206 2316 1458 2364 propemodum
1470 2319 1744 2366 enedrosunagno
1755 2330 1834 2351 curn

1083 2376 1174 2400 metu
1186 2378 1245 2400 nec
1259 2365 1381 2399 minori
1401 2366 1546 2412 periculo
1567 2369 1608 2401 ad
1631 2378 1749 2413 pontes
1764 2366 1834 2400 Istri

1081 2427 1244 2450 recurrere
1270 2419 1454 2462 coegerunt
1485 2427 1495 2451 t
1531 2416 1699 2450 Persarum
1720 2428 1836 2458 nemo,

1082 2464 1139 2498 nisi
1150 2463 1303 2499 festinato
1318 2476 1440 2512 pontes
1460 2463 1694 2504 tranfiviffent,
1715 2477 1836 2499 cruen-

1084 2525 1131 2548 tas
1143 2512 1316 2560 Scytharum
1329 2525 1442 2548 manus
1456 2512 1594 2548 evafiss'et
1611 2528 1621 2554 ς
1648 2514 1701 2548 scd
1722 2514 1834 2548 divina

1083 2563 1215 2597 bonitas
1228 2565 1320 2598 Darii
1336 2565 1368 2596 in
1378 2562 1511 2608 Judaeos
1523 2561 1785 2603 beneficentiam,
1797 2566 1834 2597 &

1083 2615 1117 2646 in
1137 2611 1341 2657 Babylonios
1361 2611 1544 2645 vindidiam
1564 2610 1606 2643 ab
1622 2612 1747 2657 ingenti
1766 2611 1832 2645 hoc

1084 2666 1118 2696 &
1135 2659 1377 2709 praesentiffimo
1399 2661 1543 2706 periculo
1562 2658 1758 2696 liberatione
1773 2673 1836 2696 vo-

1084 2711 1144 2745 luit
1157 2711 1378 2746 remunerarffi.

1132 2757 1206 2805 Qi
1219 2756 1272 2791 liat
1285 2769 1320 2791 ut
1330 2758 1442 2792 lacobm
1455 2758 1668 2805 Ufherim(qui
1679 2761 1710 2792 in
1724 2758 1829 2793 multo
1854 2767 1959 2802 Vsherii

1085 2808 1269 2841 minoribus
1280 2819 1450 2841 accuratus
1462 2806 1523 2841 effe
1538 2807 1637 2854 solet)
1655 2819 1832 2853 utrumque
1847 2816 1987 2847 parommae·
2030 2849 2032 2853 ι

1084 2857 1148 2890 hoc
1161 2858 1253 2891 Darii
1266 2855 1388 2890 bellum
1407 2857 1644 2902 Babylonicum
1659 2861 1693 2890 δέ
1707 2857 1833 2901 Scythi-

1088 2918 1163 2939 cum
1174 2930 1182 2941 ‚
1194 2906 1235 2939 ab
1247 2908 1388 2940 Herodoto
1399 2905 1531 2950 aliisque
1541 2906 1684 2950 antiquis
1696 2904 1764 2939 fuse
1776 2906 1835 2940 de-

1084 2955 1238 3000 scriptum
1260 2979 1270 2993 ‚
1298 2967 1340 2988 nc
1365 2955 1466 2989 verbo
1492 2953 1628 2999 quidem
1653 2967 1833 2997 memoret,

1085 3001 1172 3036 nulla
1184 3015 1270 3048 queo
1280 3002 1466 3044 conjec'rurfi
1475 3003 1606 3047 aflequi.

1134 3054 1289 3085 Tertium
1315 3054 1414 3085 Dario
1442 3050 1566 3084 bellum
1608 3065 1682 3085 cnm
1713 3053 1832 3085 Graecis

1085 3099 1146 3134 fuit
1163 3124 1172 3136 ‚
1195 3100 1288 3146 quod
1319 3101 1508 3132 Graecorum
1530 3101 1779 3147 propemodum
1800 3105 1832 3135 δέ

1087 3148 1254 3184 Persarum
1275 3150 1459 3194 potentiam
1482 3153 1623 3184 omnino
1643 3152 1775 3185 tandem
1794 3162 1831 3182 e-

1086 3202 1192 3235 vertit.
1208 3198 1368 3232 Maximas
1380 3200 1484 3233 Graeci
1499 3201 1662 3236 Colonias
1672 3202 1704 3233 in
1716 3210 1831 3231 omncs

1715 3246 1830 3281 Archi-

1852 3184 1932 3212 Grati
1944 3194 1988 3211 ex*

1851 3233 1888 3254 tra
1899 3234 1970 3264 qnam
