2048 3343
0 614 3 643 l
49 623 169 659 fiseamm
213 633 237 666 P

0 2934 3 2973 ἰ

0 2979 6 2997 ¹„

0 1703 1 1711 ¹
46 1705 142 1730 nacione

449 117 1235 156 ET·C1.-1RONOL00101

49 203 187 234 ,mmo-n.
208 186 420 236 Archipelagi
448 187 513 234 (ut
532 203 621 226 nunc
631 194 817 235 vocantur)
843 188 961 224 insulas

51 249 109 274 ciam
120 252 167 282 po·
208 239 290 273 olim
304 237 531 277 deduxerunt,
541 242 573 275 in
583 241 724 276 Siciliam
736 242 836 273 etiam
850 243 884 274 &
897 241 961 272 lta-

51 287 166 317 gentious.
208 286 300 327 liam,
310 289 343 320 in
356 290 469 335 primis
482 289 558 324 vero
569 292 603 323 in
615 288 695 323 Asu:
706 289 820 324 littora
834 288 960 323 Ioniam

208 337 309 372 dicta.
338 338 439 372 §erte
453 349 520 371 non
541 342 653 372 minor
663 350 722 372 nec
736 351 891 373 numerus
902 349 962 370 nec

208 397 287 433 pote
295 387 508 424 ntia‚istarum
521 389 554 421 in
567 390 722 423 Coloniis
735 390 962 436 propaginum

209 434 301 470 fuisse
314 436 444 470 videtur
454 435 553 483 quim
564 436 692 485 reliquae
702 440 805 472 totius
819 439 961 472 Graeciae.

53 498 169 529 Grmin
259 486 351 518 Licet
365 486 485 519 Ionum
497 487 529 519 in
543 486 615 522 Afia
626 499 725 534 atque
738 487 847 522 insulis
864 486 961 521 urbes

55 537 191 577 „Astabat
212 532 263 568 vel
273 532 535 570 omninoliberae
547 537 597 571 vel
610 537 626 571 a
638 539 784 583 tyrannis
797 548 962 584 occupata:

54 581 191 612 men-imer-
210 581 272 618 suis
288 583 416 632 legibus
438 584 744 621 administrarentur
761 613 771 627 ‚
801 599 837 621 ea
851 597 963 620 tamen

242 632 380 667 crsasum
416 636 450 666 in
487 636 564 669 Afla
587 638 745 683 potentiae
763 635 963 684 magnitudo

0 663 257 715 *meſsuisseref-
315 684 320 690 .
399 684 404 689 .
448 685 454 690 .
701 687 705 691 .
779 690 784 694 ,

56 703 161 743 Rggihau
227 694 293 723 uit,
312 695 345 716 in
357 695 471 739 prunis
483 686 624 741 Satrapae
638 686 965 742 LydclonibusV1ein1

57 745 167 779 inser-vic-
212 743 450 767 commorantis
461 733 618 769 Sardibus
633 746 685 774 3ut
698 738 804 769 Graeci
817 733 863 769 illi
877 734 966 768 Asia-

54 793 121 814 ηοω.
211 783 268 815 tici
295 787 329 816 &
349 782 504 817 Insulares
529 783 594 830 qua
618 796 708 818 metu
724 783 788 831 qua
807 783 964 823 amicitii,

211 832 346 878 Imperii
361 831 474 866 Persici
489 834 689 877 majestatem
706 837 745 869 ad
757 833 963 868 subditorum

208 879 318 927 prope
331 893 461 915 morem
478 894 714 916 revererentur.
744 885 780 916 In
793 881 881 916 bello
891 884 965 928 Scy-

209 928 298 963 thico
317 929 614 978 magnusipsorum
635 944 792 966 numerus
804 934 896 966 Darii
908 943 964 963 ca-

209 979 272 1012 stra
283 979 324 1014 ad
336 979 449 1014 Istrum
462 979 561 1027 usque
572 980 792 1027 sequutus,hic
800 978 965 1012 subsistere

208 1028 306 1070 jussus
317 1029 360 1062 ad
373 1028 546 1063 servandos
558 1041 678 1075 pontes
697 1028 754 1062 sub
772 1028 880 1062 mmai
893 1029 964 1062 Mi-

208 1076 368 1112 lesiorum
381 1075 659 1124 tyranniimperio
683 1102 693 1117 ,
715 1077 795 1111 dum
815 1090 873 1123 per
885 1079 962 1123 Scy-

209 1126 315 1161 thiam
325 1128 640 1173 vagarenturPerlae,
651 1126 743 1159 nullo
760 1125 850 1160 hoste
863 1151 872 1167 ‚
889 1126 959 1160 imo

207 1188 268 1210 nec
279 1177 345 1210 ullo
354 1177 422 1209 sere
433 1174 569 1209 animali
587 1173 781 1223 conspeffiw.
807 1177 960 1225 Indathyr-

196 1224 245 1269 sus
255 1224 452 1269 Scytharum
467 1227 539 1258 Rex
552 1236 628 1258 cum
647 1223 707 1258 suis
722 1225 828 1272 copiis
840 1225 879 1260 ad
893 1226 959 1259 Istri

201 1284 322 1320 pontes
335 1274 443 1308 insciis
457 1271 557 1308 Persis
567 1284 755 1308 occurrerat
769 1290 780 1319 ·,
800 1274 817 1308 εὶ
835 1276 960 1309 Graecis

202 1321 348 1368 postulat
360 1322 451 1357 enixe
463 1335 500 1358 ut
512 1325 632 1371 pontes
641 1322 762 1358 vellent
779 1324 959 1372 abrumpe-

201 1383 236 1406 re
249 1395 260 1412 ‚
280 1384 402 1407 certam
421 1372 544 1408 faciens
556 1372 659 1407 fidem
680 1386 798 1407 omnes
811 1373 838 1408 se
850 1373 959 1408 Persas

202 1419 254 1455 vel
268 1419 355 1456 fame
369 1426 420 1458 vel
430 1423 736 1458 ferm-deleturum:
759 1424 959 1458 Graecorum

204 1471 300 1504 multi
313 1474 351 1506 ad
361 1472 446 1507 suam
458 1473 473 1507 21
486 1472 655 1507 Persarum
672 1483 761 1506 metu
772 1471 960 1508 libertatem

205 1518 270 1565 qua
296 1523 556 1569 recuperandam
584 1521 650 1568 qua
676 1520 961 1572 confirmandam,

207 1569 332 1615 patulas
344 1573 417 1605 satis
431 1584 522 1606 aures
533 1575 639 1616 Scythis
649 1566 872 1617 praebiserunt.
895 1571 962 1607 Sed

210 1620 331 1667 Histiaeus
351 1624 385 1655 &
403 1624 457 1655 alii
470 1622 601 1655 urbium
617 1622 806 1655 Graecarum
819 1621 963 1661 domini»,

208 1680 396 1704 metuentes
407 1683 447 1705 nc
460 1682 572 1704 ruente
588 1669 755 1705 Persarum
767 1669 964 1705 Monarchifi

208 1717 355 1765 ipsorum
377 1732 514 1767 qnoque
529 1719 640 1753 throni
658 1726 850 1754 corruerent
872 1722 964 1767 (po-

207 1770 290 1816 pulo
303 1770 425 1817 ubique
444 1769 474 1804 se
492 1771 525 1803 in
547 1768 737 1803 libertatern
756 1769 961 1813 vindicante)

208 1817 313 1852 fidem
322 1817 422 1853 Persis
435 1821 466 1852 in
480 1830 632 1865 tempore
642 1818 827 1852 admodum
838 1832 960 1868 oppor-

208 1877 294 1900 tuno
316 1866 501 1902 servavere.
537 1868 687 1916 Agnovit
705 1878 775 1901 tum
799 1876 961 1917 temporis

205 1918 317 1951 Darius
337 1917 439 1964 Histiaei
457 1921 490 1952 &
508 1925 608 1952 ionum
635 1916 801 1952 summum
833 1917 958 1954 benefi-

205 1967 295 2000 cium
310 1991 320 2007 ‚
341 1966 426 2001 male
448 1978 560 2001 tamen
580 1966 750 2002 consultus
761 1967 902 2016 Htstiaeum
911 1968 959 2003 se-

207 2027 283 2048 cum
297 2015 373 2050 Susa
388 2016 540 2050 deduxit.

258 2066 403 2100 Maxima
428 2065 480 2101 hic
507 2066 647 2100 honoris
667 2078 842 2114 opumque
864 2067 960 2116 copiz'i

47 1581 86 1610 Hi
108 1580 161 1608 iaus

48 1621 158 1654 ,Durium

48 1655 80 1688 ab
87 1665 165 1689 imer-

36 1743 143 1779 servat.
158 1774 166 1786 Ι

46 2070 173 2099 lamper-

41 2111 185 2147 Jhrumcon-

206 2175 267 2210 pro
284 2165 402 2198 innato
425 2166 552 2199 Graecis
574 2164 735 2199 omnibus
748 2168 834 2200 miro
847 2168 958 2214 patriae

205 2211 381 2253 defidciio,
393 2215 473 2249 anlae
486 2214 617 2249 Persicae
630 2216 676 2248 vir
686 2215 852 2260 perraesus,
866 2214 960 2262 super

207 2264 323 2296 omnia
350 2263 507 2298 Miletum
532 2265 564 2297 in
582 2264 723 2297 domum
745 2263 834 2298 suam
856 2265 958 2298 redire

205 2311 356 2347 studebat
378 2327 386 2348 :
413 2317 505 2358 cujus
522 2315 594 2348 voti
614 2312 688 2348 cum
711 2325 855 2360 compos
868 2312 960 2348 aliter

205 2358 267 2392 effe
285 2373 354 2395 non
372 2356 478 2408 posset
498 2388 508 2403 ‚
536 2364 741 2397 clanculariis
751 2363 822 2404 ⁵suis
834 2363 959 2398 artibus

205 2406 378 2442 seditiosos
389 2413 474 2444 inter
484 2419 563 2446 lonas
574 2411 735 2445 tumultus
749 2423 867 2446 contra
880 2413 959 2446 Per-

206 2455 253 2490 sas
273 2459 438 2492 excitavit.
483 2460 536 2493 Ad
555 2460 655 2493 hosce
679 2459 841 2495 sedandos
858 2473 958 2508 prout

202 2507 409 2553 providerat,
420 2505 486 2555 ipse
498 2509 639 2541 mittitur
649 2507 665 2541 a
675 2511 763 2541 Dario
774 2512 806 2542 in
816 2513 958 2548 Ioniam,

202 2555 258 2589 ille
278 2556 357 2590 vero
386 2570 427 2591 nc
447 2559 480 2590 in
500 2559 608 2601 aulam
631 2557 789 2591 Persicam
809 2558 924 2606 procul
935 2557 958 2590 4εὶ

202 2606 310 2652 patria
338 2606 556 2641 retraheretur
576 2631 586 2646 ,
612 2605 808 2640 seditionem
837 2609 957 2640 Ionum

204 2652 335 2688 tantt‘lm
358 2655 465 2691 abfuit
485 2667 520 2689 ut
537 2655 657 2702 sopiret
675 2682 682 2694 ,
707 2666 743 2689 ut
765 2658 798 2689 in
818 2655 956 2696 bellurn,

203 2705 306 2751 qusun
330 2707 440 2750 potuit
466 2729 476 2745 ,
501 2704 694 2739 diuturnum
713 2717 842 2739 curaret
863 2703 957 2739 effer-

204 2753 355 2794 vescere,
374 2756 564 2788 amicorum
583 2753 683 2799 opera
706 2754 957 2789 Atheniensium

207 2804 374 2851 populoin
386 2815 552 2837 armorum
566 2802 757 2836 societatem
771 2805 925 2849 peuceto.

256 2861 354 2888 Ionum
367 2855 473 2901 copiae
493 2853 512 2887 εὶ
533 2852 640 2886 multo
655 2852 838 2896 majoribus
851 2852 961 2886 Persa-

211 2914 282 2935 rum
301 2902 396 2939 facilex
416 2903 489 2937 sunt
509 2902 639 2936 obrutae
654 2930 663 2942 ,
689 2906 725 2937 δε
750 2903 908 2950 quicquid
930 2903 960 2935 in

53 2861 164 2892 ,lisania-

52 2915 108 2931 nlssu'
133 2913 166 2930 ex

53 2943 149 2972 Gracia

46 2987 126 3024 f¹'g“·
212 3002 317 3035 fliffiaez
334 3003 471 3049 inceptis
491 3002 693 3051 opprcflum.
729 3004 793 3037 Sed
821 3013 890 3035 non
908 3001 961 3035 hic

213 3049 356 3084 constitit
370 3054 455 3086 Darii
474 3054 506 3085 in
521 3053 708 3087 Graecosira
723 3076 731 3088 ‚
749 3050 960 3100 implacabile

210 3101 244 3132 in
269 3098 483 3135 Athenienses
510 3103 543 3134 in
568 3100 682 3149 primis
705 3102 821 3136 odium
845 3102 959 3135 conci-

211 3150 304 3194 piens
318 3173 327 3188 ,
349 3160 478 3196 magnas
494 3150 575 3183 terr&
589 3154 738 3198 marique
752 3152 867 3200 copias
879 3164 963 3184 con-

211 3196 309 3233 trahit
327 3222 337 3240 ‚
357 3209 506 3233 uttotam
520 3200 959 3247 Graeciammittcretsubju-

208 2117 316 2148 Darius
338 2118 486 2150 Hiffiaeum
505 2116 686 2149 cumulavit
704 2139 713 2155 ,
741 2116 960 2151 nihilominus
981 2128 983 2135 ’

212 2949 417 2988 AfiaGraecis
443 2950 600 3001 superfuit
615 2951 796 2992 libertatis,
815 2950 961 2985 infaustis
983 2979 984 2992 2

1297 118 1414 158 L113.
1445 120 1476 159 Ι.
1687 130 1751 164 103

1012 202 1107 237 gum.
1141 192 1264 224 Iterum
1282 190 1325 224 ad
1349 193 1555 239 Bosphorum
1574 194 1758 229 Thracium

1011 241 1121 286 ligneo
1138 250 1245 287 ponte
1265 238 1343 286 plus'
1358 252 1492 276 centum
1517 244 1759 280 millibusmili-

1012 288 1192 327 tum,duce
1202 285 1355 324 M'ardom'o
1374 301 1495 336 genero
1514 295 1631 336 trajicit
1652 318 1661 333 ,
1687 307 1762 327 ma-

995 348 1177 385 ‘gnamque
1203 338 1297 373 limul
1313 338 1438 372 classem
1452 342 1552 374 mittit
1568 342 1763 391 Hellespon-

1010 396 1094 422 tum.
1122 389 1211 420 Cum
1223 389 1262 421 ad
1284 399 1437 422 montem
1451 388 1564 422 Athon
1576 390 1761 427 locarentur

1010 434 1125 475 castra,
1136 439 1165 469 &
1179 437 1274 470 staret
1286 438 1319 469 in
1335 438 1445 471 vicino
1457 437 1560 472 claffis
1571 462 1580 478 ‚
1591 452 1707 487 magna
1719 443 1758 476 de

1012 483 1113 519 Coelo
1133 485 1309 533 tempestas
1329 487 1508 532 permultas
1528 490 1662 522 navium
1685 514 1693 529 ‚
1723 495 1759 524 &-

1009 535 1153 577 virorum
1166 537 1284 582 viginti
1297 536 1398 570 millia
1413 538 1491 570 mari
1503 533 1674 573 demersit:
1695 550 1759 571 no-

1012 584 1136 617 cturnis
1162 597 1299 631 quoque
1331 581 1579 620 excursionibus
1612 586 1761 621 Thraces

1013 631 1181 666 Persarum
1193 635 1292 667 castra
1302 634 1385 669 adeo
1400 634 1482 669 male
1494 635 1686 670 malfiz‘irunt
1697 662 1706 678 ‚
1726 649 1761 671 ut

1013 683 1143 716 territus
1168 685 1336 719 Mardonius
1357 683 1456 732 quam
1483 687 1596 733 potuit
1619 686 1760 733 propere

1011 733 1181 778 copiarum
1194 734 1348 779 reliquias
1359 737 1391 767 in
1404 734 1511 768 Asiam
1525 736 1695 770 reduxerit.

1061 781 1280 816 Calamitates
1300 782 1347 816 hae
1367 785 1612 819 Dariianimum
1627 785 1668 820 ad
1685 797 1760 832 per-

1011 829 1135 863 dendos
1149 832 1288 866 Graecos
1299 834 1402 878 magis
1413 835 1652 872 accenderunt,
1668 836 1761 870 novis

1010 890 1090 924 ergo
1103 882 1138 912 &
1152 882 1260 913 multo
1272 882 1453 923 majoribus
1465 886 1571 930 copiis
1585 896 1759 932 compara-

1011 929 1097 966 tis,in
1109 927 1207 974 ipsam
1220 929 1363 962 Atticam
1377 943 1450 964 cum
1463 943 1540 966 toto
1555 936 1697 968 exercitu
1710 932 1761 967 in-

1011 975 1144 1016 cubuit,
1163 977 1257 1011 Duce
1268 985 1344 1012 Date
1355 978 1443 1013 Persa
1457 1006 1465 1021 ,
1478 985 1512 1014 ὃς
1524 983 1625 1028 Hippia?
1635 995 1672 1016 ac
1686 987 1760 1018 Da-

1010 1034 1125 1058 marata
1147 1027 1286 1062 Graecis.
1330 1026 1557 1064 Athenienses
1580 1030 1597 1064 ὲ
1628 1032 1761 1077 reliquis

1011 1074 1129 1108 Graecis
1139 1075 1275 1115 deserti,
1287 1075 1307 1110 si
1320 1089 1422 1111 unum
1436 1079 1525 1112 mille
1538 1077 1763 1114 Plataeenfium

1007 1125 1149 1170 excipias
1169 1149 1179 1166 ,
1206 1127 1239 1158 in
1260 1129 1382 1173 campis
1403 1127 1626 1162 Marathoniis
1645 1129 1763 1163 decem

1007 1172 1143 1206 suorum
1159 1174 1276 1215 millia,
1296 1176 1390 1210 Duce
1408 1178 1542 1212 Miltiade
1553 1176 1764 1222 Perfisobje-

1007 1232 1234 1257 cerunrztanta
1245 1223 1303 1258 hfic
1315 1227 1412 1259 virtus
1427 1229 1617 1261 Graecorurn
1630 1229 1762 1267 enituit,

1006 1281 1042 1304 ut
1061 1272 1255 1318 Persaesticet
1268 1273 1410 1321 decuplo
1424 1275 1531 1323 plures
1550 1301 1560 1316 ,
1587 1288 1677 1325 terga
1689 1289 1762 1310 ver-

1005 1332 1113 1355 tentes
1122 1322 1165 1356 ad
1176 1334 1274 1356 naves
1282 1324 1649 1372 confugerint‚totaque
1660 1327 1761 1361 etiam

1007 1368 1112 1405 cla-llis
1146 1381 1271 1406 terrore
1296 1376 1417 1409 Panico
1435 1374 1575 1410 confusa
1596 1378 1628 1409 in
1650 1374 1762 1410 Asiam

1008 1423 1244 1467 properaverit.

1057 1470 1179 1516 Neque
1208 1483 1318 1506 tamen
1350 1471 1394 1506 fic
1415 1472 1552 1508 labascit
1577 1475 1666 1509 Darii
1693 1475 1764 1508 ani-

1010 1530 1098 1559 mus,
1112 1519 1166 1553 sed
1178 1522 1299 1554 irarum
1310 1523 1343 1554 in
1357 1525 1489 1558 Graecos
1501 1524 1694 1558 incendium
1705 1524 1766 1557 ha-

1009 1580 1082 1601 rum
1095 1570 1242 1603 cladium
1257 1567 1378 1618 frigida
1390 1572 1544 1608 suffusum
1556 1598 1566 1615 ,
1576 1575 1610 1606 in
1622 1577 1764 1620 majores

1009 1617 1115 1652 adhuc
1126 1618 1276 1653 flammas
1286 1623 1406 1669 erupit.

1036 1682 1037 1685 ¹
1058 1671 1183 1702 Verum
1208 1669 1377 1704 enimvero
1403 1670 1481 1705 dum
1501 1671 1532 1705 in
1559 1671 1698 1705 Graecos
1716 1670 1765 1706 vi·

1008 1717 1115 1752 &ores
1133 1715 1213 1752 furit
1226 1742 1235 1754 ,
1249 1721 1392 1765 AEgyptii
1405 1721 1446 1753 ab
1459 1720 1507 1755 his
1520 1719 1683 1755 Persarum
1697 1723 1765 1755 cla-

1007 1767 1104 1801 dibus
1119 1766 1171 1814 spc
1183 1767 1344 1803 libertatis
1356 1771 1456 1804 erecki
1469 1769 1637 1804 deficiunt.
1665 1771 1765 1804 Con-

1008 1828 1057 1850 tra
1077 1815 1238 1863 utrosque
1259 1818 1369 1853 Darius
1386 1817 1451 1867 ipse
1462 1819 1569 1854 statuit
1580 1821 1761 1853 exercitum

1008 1867 1138 1900 ducere.

1055 1915 1119 1949 Sed
1131 1926 1166 1949 ut
1179 1915 1238 1949 suo
1249 1917 1379 1951 interim
1393 1918 1515 1964 Regno
1528 1927 1643 1951 contra
1654 1917 1759 1952 incer-

1005 1966 1196 1999 tosmilitiae
1207 1965 1298 1999 casus
1317 1967 1519 2013 prospiceret
1539 1992 1549 2007 ‚
1576 1975 1756 2013 antequam

1004 2013 1588 2062 Sufisproficisceretur‚commodum
1600 2016 1746 2049 existima

1006 2066 1052 2096 vit
1070 2062 1283 2098 successorem
1304 2064 1487 2112 designare.
1528 2066 1630 2098 Erant
1649 2063 1708 2112 ipfi
1720 2079 1758 2100 ex

1004 2111 1126 2160 septem
1140 2111 1299 2147 uxoribus
1311 2117 1390 2148 varii
1404 2113 1462 2148 filii
1481 2132 1491 2156 ‚-
1519 2126 1633 2149 natum
1654 2116 1756 2148 maxi-

1006 2175 1079 2196 mus
1095 2164 1286 2207 Artabasiznes
1301 2161 1362 2197 fibi
1390 2163 1504 2198 deberi
1529 2163 1658 2210 putavit
1683 2164 1760 2211 post

1005 2223 1132 2259 patrem
1147 2211 1255 2246 Perfiae
1268 2212 1431 2246 thronum
1443 2237 1451 2251 ,
1463 2210 1518 2247 sed
1529 2215 1687 2257 Xerxisjus
1701 2212 1759 2249 etsi

1005 2272 1084 2295 natu
1105 2263 1245 2295 minoris
1258 2264 1370 2296 Darius
1382 2261 1521 2309 praetulit
1541 2276 1548 2302 ;
1579 2260 1720 2309 eoquod
1734 2265 1761 2296 is

1004 2322 1044 2346 ex
1067 2307 1161 2356 Atossi
1185 2313 1254 2355 Cyri
1270 2310 1334 2345 fili&
1354 2310 1414 2346 fibi
1428 2312 1513 2359 Regi
1526 2313 1652 2359 primus
1664 2323 1760 2345 natus

1004 2359 1040 2394 fit
1050 2385 1059 2401 ‚
1078 2359 1133 2394 etsi
1146 2359 1339 2405 Artabafimes
1350 2361 1406 2395 fibi
1420 2362 1549 2409 privato
1564 2364 1690 2408 primus
1703 2373 1760 2394 na-

1003 2420 1055 2443 tus
1073 2408 1180 2443 fuerit.
1212 2412 1284 2444 Lite
1302 2410 1361 2445 hac
1379 2408 1562 2444 domestici:
1578 2408 1759 2457 periculosi

1003 2457 1100 2493 valde
1111 2458 1215 2493 amice
1230 2458 1419 2505 compofitfi
1432 2484 1441 2499 ‚
1456 2459 1536 2492 dum
1549 2460 1580 2492 in
1590 2459 1756 2506 apparati-

1003 2506 1064 2540 bus
1076 2507 1151 2541 belli
1162 2518 1276 2541 contra
1290 2511 1423 2543 Graecos
1435 2513 1468 2542 ἃ
1480 2509 1654 2554 AEgyprios
1667 2517 1758 2540 totus

1001 2557 1253 2602 immergeretur
1267 2579 1277 2594 ‚
1303 2569 1378 2590 ecce
1401 2557 1506 2590 fatum
1522 2566 1630 2602 coepta
1641 2557 1756 2590 omnia

1002 2603 1170 2649 abrumpit
1183 2606 1252 2637 viro
1267 2605 1672 2652 magnanimo‚Epitaphio
1686 2617 1758 2638 me-

1003 2655 1087 2688 liore
1100 2653 1218 2700 digno,
1229 2653 1328 2699 quam
1340 2654 1430 2700 quod
1443 2654 1498 2701 ipsi
1511 2656 1652 2688 Atheniens
1661 2653 1754 2689 simul

1003 2707 1037 2737 &
1061 2699 1350 2737 strabo‘ascribunt
1369 2702 1677 2752 post36.annorum
1687 2705 1754 2738 im·-

1003 2764 1145 2799 perium.
1592 2769 1596 2773 ⁴

1053 2803 1130 2835 Hoc
1150 2813 1307 2851 regnante
1319 2803 1429 2850 Reges
1443 2803 1467 2835 R
1477 2800 1552 2834 om&
1562 2800 1632 2835 sunt
1643 2802 1750 2846 ejecti,
1772 2812 1897 2847 quesRo.

1006 2855 1040 2886 ὃ(
1064 2854 1234 2899 Pythagoras
1253 2851 1361 2886 relicta
1379 2855 1480 2885 Samo
1500 2849 1602 2897 patria
1621 2852 1751 2886 Croto·
1771 2849 1901 2888 mdejefffi,

1007 2902 1126 2934 nemin
1140 2903 1266 2948 Magna
1279 2903 1402 2936 Graecia
1412 2927 1421 2941 ‚
1434 2901 1493 2934 hoc
1503 2899 1558 2940 est,
1574 2903 1671 2936 ltalia:
1685 2902 1753 2935 Ca-

1006 2949 1110 2985 labria
1123 2976 1133 2992 ‚
1155 2952 1314 2999 migravit.
1350 2950 1466 2984 Exules
1477 2950 1607 2995 quidam
1623 2950 1757 2997 Sybari-

1006 3001 1072 3034 tide
1085 3000 1188 3034 vicinfi
1205 3000 1285 3035 urbe
1299 3003 1488 3036 Crotonem
1501 2997 1753 3046 fugientesmon

1780 785 1856 820 Persic
1870 785 1888 813 ἂ

1781 827 1905 855 Miltiade

1781 869 1919 897 Maratha.

1780 909 1872 947 nosufi.

1779 1915 1808 1942 ln
1817 1916 1893 1944 tertio>

1777 1966 1818 1983 con
1823 1965 1862 1985 tra

1779 2000 1804 2025 G
1807 2008 1877 2025 raecos

1778 2046 1899 2076 apparatu

1779 2082 1877 2107 Darius

1778 2123 1888 2150 moritur.

982 3055 984 3059 '
1006 3048 1077 3083 sunt
1105 3051 1219 3085 redditi
1258 3049 1484 3098 repetentibus
1505 3053 1640 3093 sybarim
1660 3051 1756 3088 ,ini-

1006 3112 1106 3147 quam
1130 3100 1335 3134 existimante
1361 3097 1753 3147 Pirtlmgorvitraditionem

1005 3147 1226 3196 profugorum
1240 3175 1249 3190 ,
1270 3152 1327 3196 qui
1340 3148 1580 3195 &tyrannorum
1597 3150 1755 3184 domesti-

1005 3211 1122 3234 corum
1145 3200 1176 3235 vi
1195 3200 1228 3234 in
1248 3201 1435 3236 vicinorum
1453 3201 1605 3247 aequitate
1627 3211 1754 3280 quiere--

1700 3257 1756 3280 ant
