2048 3343
477 80 542 107 ετ
598 67 1279 106 CHRONOL00101

225 147 383 184 Adamum,
398 138 528 180 setlmm,
539 145 701 182 Enoclmm;
725 152 818 175 natus
829 141 915 174 enim
928 137 970 172 est

223 194 297 245 post
309 189 451 228 mortem
464 193 659 228 semiannos
670 201 813 238 quatuor
824 213 835 229 ,
853 192 886 223 δε
899 189 972 235 post

225 240 471 279 transsationem
486 243 588 276 [nocht
607 239 806 288 septuaginta
821 262 829 276 ,
850 241 882 272 δε
896 237 970 284 post

223 294 331 328 Admni
350 304 493 327 mortem
515 301 648 326 centum
670 290 783 336 viginti
804 286 873 321 sex.
906 286 968 321 Sed

222 342 382 389 quicquid
395 342 468 375 inde
480 340 592 374 damni
604 336 686 372 ferre
698 338 823 386 potuit,
835 337 968 370 abunde

222 392 404 426 resarcitum
422 389 466 423 est
485 402 522 424 ex
532 387 682 422 familiari
698 399 771 421 cum
782 388 904 421 caeteris
916 385 965 419 sex

224 438 415 485 majoribuis
425 437 485 473 suis
497 438 653 472 convictu
663 461 670 473 ‚
682 435 802 483 quibus
811 433 968 468 omnibus

222 502 285 525 tres
305 488 354 523 isti
379 500 449 522 non
477 486 606 522 tantum
619 487 657 521 de
670 484 752 521 facie
771 484 969 532 sedintegris

223 538 373 573 moribus
390 564 399 577 ,
426 541 460 572 &
479 536 550 571 totfi
569 536 702 570 vivendi
715 536 969 569 rationeintrme

223 589 350 636 cogniti
363 587 505 622 fucrant:
523 584 588 633 qua
598 587 727 619 ratione
740 584 886 632 proclive
897 582 969 617 No-

222 641 291 673 acho
303 636 365 671 fuit
379 637 541 682 quicquid
562 636 604 669 ab
622 635 703 669 orbe
718 633 855 667 condito
868 630 968 665 addi-

222 685 349 720 luvium
369 683 469 730 usque
490 685 604 719 accidit
623 709 632 724 ,
658 683 743 717 certa
757 679 968 716 &infallibili

1336 66 1512 106 L1B.I.
1670 52 1674 56 ⁴
1738 76 1753 105 Ξ

1017 137 1097 173 dum
1116 150 1176 185 pro
1188 139 1259 172 vitae
1274 138 1471 174 fulcimento
1488 150 1606 187 panem
1618 151 1657 173 ex
1670 149 1760 174 terrae

1012 190 1078 231 jam
1093 186 1273 222 maledictae
1285 187 1456 234 dorso,per
1467 193 1568 223 duros
1581 188 1761 236 agricultu-

1015 250 1055 271 rae
1077 235 1208 270 labores
1234 236 1346 271 divino
1372 238 1525 270 mandato
1555 238 1685 272 adaetus
1706 237 1761 272 est.

1017 287 1108 319 Dum
1119 287 1150 318 in
1164 285 1228 320 lioc
1241 298 1342 334 opere
1354 284 1535 323 sudat,ecce
1548 288 1580 319 in
1594 289 1762 334 primoge-

1011 337 1083 368 nito
1099 337 1186 369 Caino
1198 337 1324 381 pcccati
1337 335 1421 368 virus
1435 336 1466 366 in
1477 335 1686 370 deterrimum
1698 336 1765 370 fra-

1014 384 1232 418 tricidiiulcus
1243 387 1361 431 erupit.
1396 384 1507 417 Abelem
1527 382 1579 416 hic
1597 386 1761 419 uterinum

1014 431 1148 467 fratrem
1162 432 1391 480 probiffimurn
1406 436 1437 466 &
1450 431 1762 480 piissimum‚virum‚

1016 482 1062 516 ob
1083 494 1179 516 unam
1206 481 1303 528 ipsius
1329 483 1484 528 pietatem
1505 485 1538 515 &
1554 480 1760 528 probitatem

1015 531 1138 565 invidia
1157 532 1331 566 exaestuans
1343 555 1352 571 ‚
1373 528 1684 577 contra-exprcffum
1698 532 1763 565 Dei

1013 580 1624 617 inter-dietum‚immanitcrtrucidavit
1652 593 1660 613 ε
1687 578 1764 613 hinc

1014 642 1107 665 novae
1119 629 1342 664 malediffioni
1352 628 1518 674 subjctfitus
1528 629 1593 676 ipse
1606 633 1640 663 &
1651 630 1763 662 omnis

1014 679 1184 728 posteritas
1202 679 1235 712 in
1246 680 1363 726 quaevis
1374 678 1488 713 scelera
1501 679 1712 712 corruebant.

1064 727 1290 762 Nihilominus
1303 730 1335 762 in
1345 726 1441 762 rebus
1451 727 1546 763 seculi
1557 741 1623 761 non
1634 729 1760 763 minore
1780 739 1892 766 Cainita-

1016 775 1185 813 felicitate,
1195 775 1293 824 quim
1306 778 1358 812 alii
1369 779 1559 823 quicunque
1571 789 1609 811 ex
1620 775 1764 824 piissimis
1781 790 1910 808 mmmm:-

1013 826 1154 860 floruere
1181 842 1188 859 :
1215 828 1340 871 ingenii
1363 825 1764 874 dotibusinventisqucad
1784 819 1897 859 danafe-

223 735 344 769 notitifi
357 733 474 780 assequi
495 758 504 774 ‚
531 737 566 768 δε
593 731 783 768 Patriarcliis
795 729 869 777 post
885 728 970 762 dilu-

220 787 311 819 vium
322 783 454 832 posteris
475 782 536 816 suis
553 781 713 816 tradenda
736 780 967 814 committere:
991 781 993 801 ’ν

222 847 297 869 nam
319 833 360 867 ad
379 833 537 867 Abrahami
554 830 863 877 quinquagesimum
876 829 970 861 oeta-
1781 862 1790 887 l
1816 864 1830 888 ‘t

1790 872 1818 891 At!
1832 872 1868 889 as.

64 1529 178 1560 Patriar-
268 1522 474 1555 Mementote
499 1532 537 1554 ex
559 1518 680 1553 lumbis
701 1518 816 1552 decem
843 1515 974 1563 primo·
1019 1515 1105 1560 piam
1123 1517 1207 1549 Settn
1233 1517 1429 1562 progeniem
1457 1513 1524 1550 aliae
1536 1527 1616 1549 curae
1628 1513 1770 1548 solicita-

65 1571 109 1598 clu
119 1569 193 1605 Mstrff'
219 1582 290 1604 rum
314 1569 572 1604 Patriarcharum
587 1595 596 1610 ‚
615 1570 649 1601 in
670 1565 792 1614 quibus
813 1561 973 1613 praecipue
1018 1566 1106 1599 bant.
1134 1563 1206 1597 Post
1218 1574 1332 1597 natum
1346 1565 1499 1610 Enoschum
1509 1568 1595 1600 Setho
1610 1588 1619 1603 ,
1634 1561 1765 1610 publice

65 1618 152 1651 patres.
219 1617 361 1655 Ecclesia
372 1620 435 1653 Dei
448 1630 523 1652 ante
542 1618 703 1653 diluvium
723 1616 892 1655 constitit,
912 1625 973 1648 nos
1019 1615 1123 1660 magis
1157 1625 1280 1647 nomen
1299 1614 1363 1646 Dei
1384 1615 1529 1647 invocari
1547 1624 1697 1660 coeptum
1710 1611 1770 1652 est,

222 1667 422 1715 caeterosque
445 1680 560 1702 omnes
575 1668 630 1716 qui
648 1667 750 1701 hodie
763 1668 795 1699 in
812 1675 898 1698 terra
911 1663 973 1711 spi·
1019 1674 1190 1708 quotquot
1207 1674 1245 1696 ex
1260 1661 1382 1696 Adami
1396 1660 1449 1709 pia
1464 1663 1556 1708 prole
1576 1662 1594 1694 a
1614 1662 1770 1696 Cainita-

222 1729 311 1756 rant,
334 1721 365 1751 &
386 1727 556 1762 quotquot
578 1715 650 1762 post
661 1715 824 1750 diluvium
838 1713 975 1759 usquam
1019 1723 1091 1745 rum
1111 1713 1283 1760 impietate
1304 1710 1552 1750 abhorrebant,
1572 1712 1607 1743 in
1618 1707 1770 1744 ecclesia-

224 1767 374 1815 gentium
386 1765 555 1812 spiravere,
571 1775 752 1812 prognatos
763 1763 821 1798 effe
839 1781 849 1804 ,-
875 1761 975 1810 usque
1020 1761 1102 1796 sticis
1113 1760 1253 1795 coetibus
1264 1760 1295 1795 se
1307 1758 1558 1807 conjungebant
1574 1782 1585 1799 ,
1609 1768 1644 1791 ut
1666 1759 1769 1804 pieta-

223 1817 307 1849 adeo
320 1827 355 1849 ut
368 1827 486 1849 omnes
499 1819 532 1849 δε
544 1814 703 1862 singulos,
713 1824 868 1860 tanquam
880 1812 974 1846 vetis·
1019 1824 1086 1846 tem
1100 1815 1133 1846 &
1145 1811 1247 1844 divini
1260 1810 1403 1844 numinis
1415 1807 1538 1843 cultum
1550 1805 1660 1855 aperte
1683 1810 1714 1840 &
1734 1807 1770 1839 in

222 1863 325 1898 simos
337 1863 466 1898 nostros
476 1875 624 1910 parentes
639 1861 815 1909 inspectare
825 1861 976 1897 nobisli-
1020 1860 1135 1894 mundi
1154 1860 1259 1894 oculis
1287 1856 1521 1905 profiterentur
1535 1860 1569 1891 δε
1582 1868 1644 1903 prae
1658 1854 1686 1890 se
1703 1852 1772 1890 fer.-

223 1923 301 1947 ceat.
336 1912 411 1947 1³0st
433 1914 606 1947 Diluvium
628 1912 765 1961 quidem
789 1936 798 1952 ‚
823 1916 858 1946 δε
878 1909 975 1958 paulo
1019 1920 1103 1944 rent.
1130 1909 1179 1943 Ad
1192 1907 1313 1942 horum
1329 1905 1431 1941 fidem
1443 1905 1772 1945 confirmandam,ex

223 1964 326 1996 etiarn
339 1973 412 1996 ante
424 1961 560 1996 humani
572 1964 701 2011 generis
723 1972 856 1995 truncus
867 1962 899 1994 in
911 1971 975 1994 tres
1021 1959 1166 2006 ipsorum
1179 1969 1319 1992 numero
1337 1959 1472 1996 mochus,
1485 1954 1587 2003 paulo
1599 1954 1673 2001 post
1689 1955 1773 1988 Ada-

225 2010 370 2060 primum
383 2023 493 2044 ramos
506 2036 514 2050 ‚
536 2015 570 2046 &
583 2009 981 2046 moxinramusculosin-
1001 2049 1002 2056 ἵ
1022 2010 1063 2043 mi
1082 2019 1222 2042 mortem
1245 2008 1279 2039 in
1300 2006 1421 2041 coelum
1442 2007 1535 2039 vivus
1547 2002 1689 2038 sublatus
1705 2002 1772 2036 est:

227 2058 448 2094 numerabiles
457 2060 616 2095 diversum
632 2060 762 2096 ivit:ad
774 2058 980 2093 confirman-
1002 2061 1003 2067 ¹
1023 2069 1064 2091 ne
1081 2069 1117 2091 ex
1129 2058 1191 2104 piis
1212 2054 1385 2102 quisquam
1399 2054 1570 2088 mundana
1580 2052 1725 2100 pericula
1737 2054 1773 2085 δε

226 2110 302 2144 dam
331 2121 440 2144 tamen
465 2112 551 2144 inter
577 2122 697 2144 omnes
723 2111 780 2156 qui
801 2120 887 2142 nunc
904 2108 979 2143 sunt
1002 2109 1003 2113 ’
1025 2103 1567 2142 mortemnimiscontrernisceret,
1587 2112 1694 2135 certus
1706 2101 1771 2134 hoc

228 2160 388 2193 mortales
402 2159 580 2199 amicitiam
595 2183 604 2196 ,
628 2159 821 2193 societatem
836 2161 869 2190 δε
882 2158 981 2191 unio-
1022 2158 1177 2200 exemplo
1195 2179 1206 2195 ,
1232 2153 1469 2201 perfruiturum
1484 2151 1668 2199 *aliquando
1685 2148 1713 2184 se
1733 2151 1769 2183 in

228 2220 319 2248 nem,
333 2207 443 2242 divina
455 2209 663 2256 providentia
672 2206 795 2247 feretum
808 2206 865 2246 est,
877 2217 912 2239 ut
925 2216 982 2239 to-
1021 2204 1086 2252 ipsa
1106 2217 1203 2238 carne
1216 2229 1226 2244 ‚
1247 2204 1365 2237 virtute
1384 2200 1624 2238 resurreetionis
1637 2199 1767 2234 venturi

228 2258 292 2291 tius
301 2256 571 2306 humanigeneris
584 2258 673 2305 quod
687 2257 829 2292 nuncest
848 2281 858 2297 ,
881 2257 933 2289 vel
962 2254 978 2289 ὲ
1022 2257 1120 2300 Messiae
1132 2278 1140 2290 ‚
1156 2252 1352 2300 sempiternzl
1370 2253 1445 2301 post
1464 2261 1609 2286 mortem
1627 2250 1661 2283 in
1674 2249 1766 2283 coelis

227 2305 367 2340 Diluvio
380 2305 442 2341 fuit
452 2332 461 2344 ,
474 2309 570 2342 velad
580 2307 876 2354 conflagrationem
888 2303 978 2338 futu-
1018 2302 1184 2338 felicitate.

230 2366 302 2387 rum
313 2356 469 2396 est,atbor
479 2356 518 2390 ab
531 2369 596 2391 una
609 2357 716 2391 radice
727 2359 761 2391 in
773 2367 875 2390 unum
887 2365 979 2388 trun·
1070 2352 1200 2387 Publici
1215 2351 1248 2386 hi
1264 2351 1307 2386 ad
1319 2351 1467 2386 divinum
1480 2350 1603 2383 cultum
1615 2358 1722 2383 coetus
1734 2350 1769 2380 ἅτ
1788 2353 1911 2392 Voluptas

232 2415 308 2437 cum
320 2430 327 2441 ‚
350 2417 407 2451 pet
417 2417 519 2441 annos
532 2408 620 2442 mille
631 2409 834 2454 quingentos
850 2403 977 2438 succre-
1019 2400 1172 2438 ecclesiae,
1183 2403 1308 2449 optima
1323 2400 1470 2434 advertus
1482 2397 1695 2444 profanorum
1710 2396 1769 2428 ho·
1788 2396 1896 2442 carnallf

234 2452 328 2486 verit.
537 2462 541 2465 ·
1022 2452 1150 2486 minum
1160 2449 1311 2484 scandala
1325 2454 1356 2484 δ(
1371 2451 1573 2483 tentationes
1586 2447 1771 2480 munimen·
1782 2434 1906 2500 {wfffi'

73 2507 190 2536 Introitus
281 2501 439 2534 Detertio
450 2503 557 2547 capite
575 2515 734 2549 perpauca
743 2503 825 2536 tradi
838 2501 981 2548 possunt,
1021 2513 1053 2535 ta
1066 2500 1158 2535 fuere
1179 2516 1188 2541 ;
1212 2499 1373 2545 ejusmodi
1386 2510 1497 2532 tamen
1510 2498 1713 2542 qnaeSatanfe
1724 2494 1771 2527 vis
1797 2486 1862 2505 um.

71 2556 173 2587 peccam.
231 2548 300 2584 haec
312 2561 422 2584 tamen
435 2550 570 2587 habeto.
598 2553 799 2585 Eventurum
812 2551 922 2598 prirnae
934 2551 980 2582 E-
1023 2553 1056 2582 &
1076 2548 1159 2580 astus
1180 2549 1312 2580 tandem
1333 2547 1478 2592 perrupit
1505 2558 1512 2577 :
1540 2555 1615 2575 nam
1630 2543 1774 2578 utlemel

221 896 299 918 vum
311 885 380 927 ejus
397 883 469 916 vitae
482 882 550 916 dies
563 881 590 915 se
605 880 832 914 extenderunt.

273 935 475 978 Qanquam
489 929 550 963 ali&
563 931 661 964 ctiam
679 925 903 962 commodiori
922 935 969 956 ra-

222 983 313 1016 tione
326 981 508 1015 doetrinam
536 988 670 1011 omnem
697 973 903 1008 neccffariam
931 972 970 1005 ad

222 1032 369 1077 posteros
388 1024 596 1062 transmiffim
619 1025 660 1057 src
679 1021 948 1057 demonstramus
961 1045 968 1054 .

223 1083 353 1115 Schemus
387 1074 648 1121 nonagintaocsto
680 1084 784 1106 annos
820 1070 972 1118 transegit

221 1141 295 1163 cum
309 1136 435 1173 proavo
454 1123 658 1168 Methufitlemo
671 1145 678 1157 ‚
697 1122 841 1168 quicum
853 1120 972 1156 Adamo

218 1176 366 1211 ducentis
377 1172 594 1219 quadraginta
608 1171 728 1211 tribus,
743 1174 777 1206 &
789 1182 864 1203 cum
876 1181 972 1204 caete-

217 1227 259 1258 ris
271 1222 426 1257 omnibus
439 1222 545 1256 multo
565 1220 715 1269 pluribus
728 1220 820 1253 annis
830 1231 971 1254 conver-

219 1274 301 1308 satus
314 1273 375 1308 est:
396 1271 559 1318 quicquid
574 1273 709 1306 schemas
719 1269 844 1316 ab·hoc
855 1268 972 1303 didicit

217 1333 426 1357 nontantum
447 1320 642 1356 Abrabinnum
673 1324 707 1354 δε
729 1319 860 1365 lsaacmn
880 1345 889 1357 ,
914 1315 968 1350 secl

215 1373 319 1418 ipsum
339 1374 434 1406 ctiam
459 1372 590 1406 iacobum
613 1368 710 1416 quam
727 1369 971 1412 voluitprolixe

216 1424 337 1456 docere
349 1423 480 1469 potvit,
499 1433 575 1453 nam
589 1420 630 1453 ad
642 1420 734 1453 Iiecobi
745 1415 976 1467 quinquagesi-

217 1483 307 1505 mum
323 1473 469 1518 primum
485 1472 583 1505 vitam
599 1469 766 1517 produxit.

231 2597 347 2646 pochae
359 2599 460 2648 longe
474 2602 664 2647 primarium
679 2600 750 2646 post
765 2597 977 2647 Angelorum

230 2650 555 2695 quamplurimorum
568 2649 676 2683 casum
696 2675 706 2690 ‚
732 2647 796 2682 fuit
815 2649 918 2681 adami
944 2651 979 2681 δε

230 2697 675 2746 E1¹aeinP.1radisolapsus,&
689 2711 760 2744 quce
770 2710 846 2731 eum
859 2695 979 2742 sequu-

231 2757 264 2780 ta
287 2749 331 2780 est
358 2746 491 2781 humani
509 2750 637 2794 generis
662 2747 841 2782 miserrima
866 2748 980 2779 ruina:

231 2808 332 2842 quam
352 2808 462 2831 tamen
486 2797 548 2829 Dei
562 2793 983 2842 misericordiagratiosiffi-

236 2857 295 2878 mo
310 2847 438 2879 venturi
452 2844 582 2879 seminis
599 2843 759 2892 promisso
771 2870 780 2884 ,
796 2848 829 2877 &
842 2841 983 2876 novfise-

236 2894 333 2928 cundi
346 2893 481 2929 foederis
500 2896 692 2929 oeconomia
707 2892 821 2941 inipso
835 2891 985 2926 Paradil'o

238 2941 384 2977 resarcire
396 2946 532 2991 incepit.
559 2944 623 2978 Sed
637 2955 701 2978 tam
715 2944 816 2977 multa
830 2941 887 2975 hac
899 2942 935 2975 dc
953 2953 986 2975 re

239 2990 406 3042 Theologi
417 2993 600 3035 omnes,ad
615 3006 699 3040 quos
709 2992 838 3040 quidem
853 2990 984 3038 proprie

237 3038 359 3083 spectat
375 3068 383 3079 ,
411 3054 446 3076 ut
459 3042 558 3077 nobis
570 3045 603 3076 in
615 3056 715 3092 opere
730 3039 984 3087 Chronologico

239 3086 348 3122 secure
360 3090 491 3126 transire
499 3091 605 3127 liceat.

285 3137 436 3174 Adamus
448 3139 596 3178 Paradiso
609 3138 729 3187 ejefms
747 3164 758 3183 ‚
782 3139 826 3177 ad
838 3141 982 3177 educen-

1015 874 1163 908 humanae
1190 875 1261 907 vitae
1288 875 1470 909 commoda
1496 879 1530 910 &
1557 887 1764 917 ornamenta,

1015 922 1320 968 optimosquosque
1333 921 1538 968 superabant.
1579 926 1765 972 Cainusiple

1013 970 1037 1004 si
1050 984 1118 1004 non
1133 970 1368 1004 Architecturae
1382 995 1392 1009 ,
1406 970 1488 1003 certe
1500 973 1767 1008 aedificandarum

1015 1020 1146 1054 urbium
1161 1021 1285 1066 primus
1296 1021 1416 1053 auetor-
1428 1017 1510 1058 fuit;
1529 1021 1672 1068 exipsius
1685 1035 1768 1070 pro-

1013 1072 1117 1117 gnaris
1125 1071 1206 1103 [ubal
1217 1070 1440 1103 tentoriorum
1454 1071 1487 1101 δε
1501 1071 1690 1116 mapalium,
1703 1072 1768 1106 fra,

1017 1131 1130 1167 terque
1145 1117 1378 1157 [abalcitharae‚
1393 1119 1532 1165 organi,
1550 1118 1768 1153 musicorum<

1016 1181 1079 1216 que
1091 1168 1383 1201 instrumentorum
1404 1181 1411 1201 :
1440 1166 1588 1213 alterque
1600 1166 1697 1202 frater
1711 1176 1770 1203 Tu-

1016 1219 1158 1252 bal-Cain
1170 1229 1263 1252 verus
1276 1215 1444 1250 Vulcanus
1464 1240 1473 1255 ‚
1499 1220 1618 1251 artium
1631 1215 1707 1252 ferri
1717 1216 1770 1251 fa-

1018 1265 1149 1302 brilium
1163 1292 1173 1307 ,
1190 1277 1373 1312 eorumque
1388 1266 1485 1298 trium
1507 1276 1599 1314 pater
1612 1269 1768 1302 Lameclms

1019 1318 1158 1351 Poeticae
1175 1319 1209 1351 &
1233 1316 1455 1350 Canticorurn
1474 1315 1665 1351 inventores
1682 1317 1769 1351 cele-

1021 1365 1166 1400 brantur.

1066 1418 1158 1449 Dum
1174 1416 1207 1449 in
1228 1415 1374 1451 inventis
1394 1415 1436 1451 ad
1451 1416 1523 1451 vitae
1536 1415 1696 1463 praesentis
1707 1413 1770 1450 de-

1020 1477 1097 1498 cora
1118 1469 1152 1499 δε
1170 1464 1355 1512 voluptates
1379 1467 1466 1501 Caini
1484 1464 1615 1500 soboles
1627 1475 1698 1499 tota
1709 1464 1768 1504 est,

1024 2596 1206 2642 voluptatis
1219 2594 1355 2628 carnalis
1368 2592 1531 2628 illecebris
1541 2616 1549 2632 ‚
1570 2593 1679 2624 Dei&
1690 2593 1773 2638 pio-

1023 2657 1095 2678 rum
1108 2643 1164 2678 filii
1184 2644 1224 2678 acl
1236 2643 1462 2677 contrahenda
1481 2642 1676 2688 cumimpiis
1689 2652 1774 2674 con-

1025 2691 1366 2740 nubiapelledkisunt‚
1378 2693 1453 2725 hinc
1465 2692 1494 2724 in
1506 2689 1571 2737 ipsa
1581 2687 1773 2723 ecclefiala-

1025 2742 1143 2777 tiffima
1156 2741 1485 2790 pietatis,honestaris
1498 2765 1506 2780 ‚
1529 2743 1563 2773 &
1579 2740 1690 2772 omnis
1708 2740 1774 2773 vir-

1028 2793 1104 2826 tutis
1115 2792 1231 2839 strages
1242 2790 1434 2825 incumbere
1454 2802 1461 2826 ε
1491 2786 1646 2822 mortales
1656 2800 1775 2822 omnes

1029 2840 1210 2885 promiscue
1221 2843 1253 2874 in
1273 2841 1425 2874 vitiorum
1439 2839 1592 2872 omnium
1606 2850 1701 2872 coeno
1713 2850 1777 2871 vo·

1028 2892 1146 2931 lutari,
1164 2894 1198 2924 &
1213 2893 1261 2924 vir
1274 2902 1357 2923 unus
1371 2891 1455 2925 Noah
1466 2888 1664 2922 &communi
1677 2886 1778 2921 scele-

1031 2952 1102 2973 rum
1115 2941 1269 2987 contagio
1289 2940 1447 2972 immunis
1463 2937 1607 2984 reperiri.
1633 2936 1780 2979 Indeju-

1030 2987 1195 3022 stislimum
1207 2992 1246 3024 de
1258 2988 1427 3036 perdendo
1441 2999 1495 3031 per
1503 2997 1663 3030 aquarum
1676 2986 1779 3019 Cam-

1029 3037 1185 3085 clysmurn
1199 3039 1346 3080 humano
1360 3048 1476 3085 genere
1494 3061 1504 3076 ,
1531 3035 1700 3081 perpaucis
1720 3046 1779 3068 ex-

1032 3089 1159 3135 ceptis,
1185 3088 1365 3122 decretum
1397 3083 1599 3131 :quotamen
1611 3085 1645 3116 in
1659 3084 1710 3116 irae
1723 3086 1777 3128 ju-

1029 3137 1143 3184 staequc
1161 3138 1310 3174 vindic‘tae
1337 3136 1447 3170 medio
1467 3135 1577 3172 divina
1594 3131 1778 3216 rniserictzir⁴

1290 3189 1323 3220 A
1351 3197 1373 3222 2
1750 3191 1780 3215 ia
