2048 3343
437 102 509 130 Er
569 91 605 130 C
639 99 914 129 Ηιιοισο
953 98 1238 127 ιο(;ιει

191 169 282 206 annis
298 167 504 213 septuaginta
528 163 633 200 tribus
651 191 661 205 ,
688 165 833 209 adeoque
845 164 942 198 Dilu-

192 221 282 252 vium
294 220 386 250 annis
399 216 530 250 decem.
565 216 658 262 Qin
670 217 705 248 &
717 215 868 261 Africanus
878 236 887 251 ,
907 222 943 246 ut

193 266 293 301 habet
307 265 470 312 Scaligcrin
487 263 678 312 fragmentis
688 262 851 296 Clu-onici
862 264 942 309 Eus-

192 317 268 351 biam·
303 315 382 349 duas
417 323 582 348 memorat
607 311 779 357 Dynastias
806 313 942 358 Regum

193 364 452 400 Chaldaicorum
466 388 475 404 ‚
493 363 639 409 quiante
651 362 748 396 Belum
765 359 943 409 regnarunt

192 416 285 449 annis
316 411 565 460 quadringentis
588 410 803 457 quadraginta
822 434 832 450 ,
858 421 942 456 quos

192 474 308 497 omnes
319 471 392 494 ante
407 462 578 494 Diluvinm
590 457 712 494 fluxisse
730 460 879 506 oportuit
890 484 899 499 ‚
919 457 941 492 si

191 511 357 546 Hebraico
371 512 470 545 textui
481 509 648 545 standum.
675 508 776 556 Resp.
788 510 871 543 Non
883 508 943 542 de-

191 559 264 594 buit
291 557 497 594 doctissimus
523 559 571 594 vir
596 557 713 593 talibus
740 559 942 606 argumentis

189 609 356 645 sacrorum
377 620 526 643 textuum
548 610 717 642 veritatem
731 618 941 656 oppugnare:

190 671 262 706 quae
280 658 322 693 de
344 657 581 693 Chaldaeorum
593 658 844 704 antiquitatibus
854 666 942 689 extra

191 710 371 754 Scripturas
392 718 559 741 narrantur
577 731 587 745 ‚
614 719 702 754 putae
714 717 799 753 putae
811 703 881 739 suut
894 702 941 737 fa-

192 756 472 798 bulae‚&deliria.
501 758 545 789 Ex
557 754 648 789 libris
657 755 750 789 sacris
767 753 941 788 chaldaeo-

191 819 264 840 rum
300 809 380 854 Magi
414 804 630 853 proferebant
663 817 730 838 res.
748 804 850 851 gestas
874 815 941 837 non

189 853 298 889 modo
307 867 382 889 ante
394 857 578 892 Dssuvium,
591 853 646 888 sed
655 865 728 888 ante
739 855 940 887 creationem

191 903 363 952 plusquam
390 904 642 951 quadringentis
670 901 814 936 millibus
837 914 942 935 anno-

189 967 277 993 rum,
291 965 328 988 ut
340 953 439 988 refert
452 956 556 988 Cicero
570 951 611 986 de
622 952 836 985 Divinatione
845 949 902 984 lib.
912 961 939 983 1.

189 1016 266 1051 pag.
277 1005 332 1039 88.
363 1007 398 1037 &
418 1014 504 1035 exeo
519 1002 685 1035 Lactantius
697 996 794 1043 lib.7.
807 1009 940 1046 cap.14.

193 1054 400 1100 Qicunque
425 1049 663 1084 Chaldaeorum
683 1046 758 1081 libri
770 1046 942 1093 Dynastias

191 1103 324 1150 Africani
338 1099 478 1147 probant
495 1122 506 1137 ‚
530 1096 634 1131 iidem
651 1107 826 1131 enormem
849 1096 942 1129 illum

191 1153 330 1186 ciceronis
350 1157 524 1180 numerum
548 1146 942 1193 annorumquadraginta

189 1199 310 1245 septem
322 1195 462 1230 millium
474 1194 709 1235 testantur‚hos
718 1206 829 1229 autem
844 1198 942 1230 cicero

187 1249 259 1281 vult
281 1245 480 1279 deridendos
497 1271 507 1284 ,
534 1245 806 1279 contemnendos
822 1270 831 1283 ,
859 1257 942 1279 con—

185 1295 394 1329 demnandos
411 1294 566 1334 stultitiae,
578 1295 730 1329 vanitatis
743 1318 753 1331 ,
769 1298 803 1328 &
817 1296 942 1341 impru-

186 1345 308 1379 dentiae
328 1369 337 1383 ‚
367 1343 646 1388 imojudicandos
660 1345 811 1385 mentiri,
830 1347 864 1378 δε
877 1368 887 1385 ,
905 1354 941 1377 ut

184 1392 284 1429 habet
294 1396 457 1428 Laclantius
467 1417 477 1430 ‚
486 1394 630 1428 delirare.
822 1423 825 1426 .

232 1442 397 1478 Secundo.
429 1441 533 1488 Qod
548 1443 586 1477 de
604 1442 779 1490 Callisthene
788 1441 940 1481 refertur,

185 1493 282 1527 unius
309 1495 455 1542 Porphyrii
486 1491 681 1525 testimonio
718 1492 832 1526 nititur
857 1516 867 1531 ‚
899 1492 941 1526 de

185 1552 256 1587 quo
278 1542 328 1576 sua
347 1539 484 1589 sumpsit
496 1541 673 1589 Simplicius:
702 1541 868 1588 Apostatae
886 1554 941 1576 au-

184 1601 250 1624 tem
278 1592 373 1635 hujus
398 1590 527 1625 nudum
554 1590 691 1627 verbum
714 1592 821 1626 Sacris
840 1589 942 1625 literis

186 1640 271 1674 nihil
283 1641 482 1687 prejudicat.

235 1688 368 1724 Tertio.
397 1691 542 1736 Porphyrii
554 1688 592 1723 de
604 1686 774 1733 Callisthene
786 1689 939 1723 testimo-

184 1739 291 1777 nium,
302 1751 337 1773 ut
350 1737 431 1772 illud
444 1740 544 1775 refert
562 1740 724 1784 Simplicius
744 1763 755 1778 ‚
782 1738 862 1772 nihil
881 1737 940 1772 ha-

185 1787 242 1822 bet
255 1791 305 1824 vel
324 1789 362 1823 dc
374 1798 476 1835 regno
489 1815 498 1828 ‚
516 1788 567 1822 vel
578 1788 656 1827 aerfi,
677 1788 730 1821 vel
741 1785 819 1822 urbe
831 1787 939 1834 Baby-

1300 90 1478 130 L12.L
1682 104 1732 135 23

995 158 1109 196 diserte
1135 161 1256 196 fatetur
1273 187 1283 202 ,
1311 164 1379 198 imo
1399 163 1478 201 vero
1493 177 1604 200 earum
1627 168 1744 203 multas

994 210 1110 245 mundi
1131 212 1333 246 creationem
1352 213 1507 259 'superare
1529 215 1632 250 docet
1650 242 1661 258 ,
1686 216 1743 251 sed

994 259 1202 294 calumniose
1214 260 1292 294 inde
1302 258 1401 294 infert
1413 266 1547 299 Petamus
1557 291 1565 303 ‚
1582 268 1635 302 vel
1644 268 1742 300 Scali-

987 322 1090 355 gerum
1104 333 1113 348 ‚
1131 311 1183 345 vel
1197 311 1363 357 Africanum
1377 322 1414 344 ex
1427 311 1567 357 ipsorum
1582 315 1741 350 sententia

993 358 1096 392 ullum
1111 354 1238 405 Regem
1250 383 1260 400 ,
1280 358 1330 394 vel
1341 370 1416 393 ante
1429 364 1632 397 creationem
1650 389 1661 404 ‚
1688 363 1742 398 vel

992 419 1067 440 ante
1078 408 1248 441 Diluvium
1261 421 1389 456 ponere
1415 422 1424 442 ε
1450 409 1550 450 nulla,
1562 424 1676 456 praeter
1688 413 1742 459 Je-

990 455 1377 504 fiiiticani‚impt1dentia
1394 484 1402 498 ‚
1429 461 1645 506 tamimpiam
1666 486 1676 501 ,
1705 465 1742 496 δε

991 505 1193 540 atheisticam
1211 505 1445 542 absurditatem
1465 509 1540 542 viris
1552 509 1743 556 praestantis-

991 552 1078 588 limis
1089 556 1202 602 potuit
1211 554 1379 592 affinxiffe.
1415 558 1639 605 Nequaquam
1652 561 1741 595 enim

989 606 1140 652 Africanus
1159 618 1197 640 ex
1221 604 1276 639 sua
1292 603 1453 641 sententia
1472 607 1644 654 Dynassias
1663 621 1744 655 pro-

992 655 1110 700 ponit,
1129 653 1182 689 sed
1201 666 1237 688 ut
1254 667 1308 690 eas
1327 656 1494 691 invenerat
1507 660 1743 693 inManethonu‚

991 703 1096 749 (tesia,
1107 715 1144 736 ac
1156 702 1291 737 aliorum
1304 706 1612 752 Paganorumlibris
1634 731 1643 745 ‚
1671 707 1744 743 abs-

992 764 1057 798 que
1067 750 1127 786 ulla
1140 753 1320 788 variatione
1334 756 1444 789 citavit
1454 783 1463 798 ‚
1476 758 1507 790 in
1520 758 1740 804 multiplicem

991 813 1053 847 pro
1080 802 1261 849 Religione
1289 802 1472 838 Christiana
1498 818 1614 840 contra
1636 807 1746 855 Paga-

990 847 1132 882 nismum
1153 850 1266 884 usum.
1301 853 1392 886 Idem
1420 855 1525 900 Euftbii
1552 859 1587 890 &
1606 857 1744 903 scaligeri

991 896 1164 931 confilium
1177 925 1186 937 ,
1208 899 1306 944 quod
1323 902 1446 936 temere
1467 905 1565 937 nimis
1577 928 1587 940 .
1609 909 1744 940 petavius

993 956 1088 979 taxat.
1115 946 1215 980 Certe
1235 947 1406 982 ridiculum
1429 952 1475 983 est
1488 965 1750 996 argumentum3'

993 997 1167 1041 scaligerum
1183 1020 1192 1035 ,
1210 1007 1417 1042 quaecunque
1428 1000 1499 1043 post
1512 990 1641 1048 tempus
1651 1003 1746 1038 suum

992 1043 1256 1091 prolepticumin
1267 1046 1408 1091 periodo
1418 1048 1534 1082 Iuliana
1547 1052 1644 1096 ponit
1665 1076 1676 1091 ,
1705 1065 1744 1086 ea

993 1092 1214 1128 omniaexsua
1225 1093 1385 1129 sententia
1399 1109 1522 1143 ponere
1543 1111 1550 1131 :
1577 1111 1654 1132 nam
1671 1113 1746 1134 ma-

992 1142 1105 1177 nifeste
1123 1141 1214 1190 lib.3.
1234 1145 1418 1178 Canonum
1429 1144 1672 1195 isagogicorum
1683 1162 1747 1196 po-

991 1193 1039 1225 nit
1054 1194 1087 1224 in
1098 1192 1243 1240 periodo
1257 1192 1311 1227 sua
1325 1197 1441 1228 Iuliana
1455 1196 1657 1242 postulatitili
1669 1211 1744 1234 ante

992 1252 1102 1276 veram
1132 1248 1222 1276 totas
1245 1242 1297 1276 sex
1318 1244 1494 1291 Dynastias
1523 1247 1742 1295 AEgyptiacas,

991 1291 1204 1325 continentes
1228 1303 1335 1326 annos
1364 1294 1454 1328 mille
1479 1297 1744 1346 quadringentos

988 1339 1193 1387 septuaginta
1202 1339 1352 1376 novem':
1378 1343 1411 1376 in
1424 1344 1496 1378 vera
1512 1357 1621 1379 autem
1639 1375 1648 1387 ‚
1674 1359 1745 1382 non

991 1388 1194 1437 postulatitifi.
1219 1393 1364 1438 periodo
1387 1392 1488 1427 habet
1503 1395 1651 1442 quinque
1669 1397 1744 1442 Dy-

990 1439 1107 1473 nastias
1117 1451 1278 1474 annorum
1292 1440 1385 1489 supra
1395 1441 1617 1490 septingentos
1633 1469 1643 1485 ,
1659 1459 1746 1493 epo-

991 1487 1068 1521 chas
1079 1500 1189 1523 autem
1201 1487 1271 1524 suas
1282 1490 1453 1525 historicas
1463 1505 1529 1526 non
1543 1495 1745 1542 prolepticas

992 1538 1105 1584 incipit
1121 1536 1139 1572 ὲ
1158 1539 1322 1574 creatione
1335 1542 1451 1576 mundi
1473 1566 1483 1582 ‚
1512 1542 1591 1578 inde
1605 1546 1647 1578 ad
1659 1543 1744 1578 dilu-

991 1588 1084 1621 vium
1116 1599 1269 1622 numerat
1296 1588 1441 1636 epochas
1466 1603 1541 1638 quae
1567 1596 1744 1628 continent

991 1636 1378 1685 DynastiasAEgyptiacas
1389 1637 1431 1672 ab
1442 1640 1619 1676 undecima
1630 1643 1669 1677 ad
1683 1644 1747 1678 de-

991 1684 1288 1732 cimamseptimam
1310 1712 1319 1727 ‚
1339 1700 1379 1722 an
1397 1699 1542 1734 unquam
1563 1691 1614 1725 vel
1630 1693 1748 1740 Africa-

990 1748 1046 1775 no,
1069 1736 1121 1769 vel
1141 1737 1270 1782 Eufiebio,
1287 1735 1337 1771 vel
1351 1739 1491 1785 scaligero
1503 1739 1676 1786 quisquam
1697 1741 1746 1776 sa-

990 1797 1051 1819 nus
1070 1785 1229 1833 imposuit
1244 1810 1256 1827 ,
1286 1785 1381 1832 quod
1405 1799 1610 1834 quaecunque
1627 1792 1662 1823 in
1680 1789 1743 1825 suis

182 1836 321 1877 10111‘cfi,
350 1837 405 1870 sed
427 1835 559 1870 tantum
585 1836 624 1870 de
652 1834 938 1872 observationibus

181 1885 427 1920 Astronomicis
442 1913 452 1927 ,
478 1896 618 1932 quarum
637 1886 766 1932 copiam
793 1885 812 1920 ὰ
833 1888 939 1934 prima

181 1931 236 1968 sua
254 1936 384 1982 origine
412 1947 493 1981 gens
512 1935 569 1969 illa
585 1934 777 1969 Patriarchis
791 1934 940 1971 familia-

181 1981 304 2018 riffima
319 1983 436 2018 habete
448 1985 562 2029 potuit
581 2009 591 2023 ‚
615 1984 669 2017 diu
681 1996 758 2020 ante
768 1985 874 2020 ullum
887 1987 939 2023 vel

991 1845 1187 1880 temporum
1211 1836 1357 1882 periodis
1385 1837 1554 1883 ponebant
1565 1863 1574 1876 ‚
1602 1838 1660 1885 ipfi
1681 1840 1742 1874 ista

988 1882 1202 1930 amplexisint
1211 1894 1246 1918 ut
1259 1896 1332 1919 vera
1344 1909 1354 1924 ,
1368 1886 1447 1919 licet
1458 1883 1553 1920 sacris
1564 1888 1666 1923 literis
1675 1915 1684 1929 ,
1705 1893 1742 1924 δε

989 1934 1084 1966 omni
1096 1933 1215 1968 rationi
1227 1932 1396 1968 manifeste
1407 1937 1596 1970 contraria?
1613 1939 1742 1985 Qan-

989 1993 1104 2029 topere
1116 1984 1373 2018 calumniatores
1385 1983 1568 2019 istiusmodi
1584 1985 1742 2021 aberrant

182 2044 338 2080 regnum,
352 2033 403 2067 vel
419 2032 536 2068 urbem
547 2033 631 2080 apud
644 2031 674 2066 se
687 2035 870 2069 conditam.

233 2080 378 2130 Qarto.
408 2083 581 2128 Dynastias
598 2083 670 2116 illas
683 2082 939 2118 antesselumad-

184 2131 278 2165 ducit
306 2133 459 2179 Africanus
484 2143 698 2178 nequaquam
725 2144 762 2167 ex
792 2132 847 2167 sua
871 2132 939 2167 sen-

186 2181 287 2216 tentia
312 2181 368 2216 sed
395 2180 630 2216 Chaldaeorum
655 2204 665 2217 ‚
698 2179 835 2216 futiliter
860 2194 937 2216 cum

183 2232 348 2278 AEgyptiis
368 2230 408 2265 de
426 2231 625 2278 antiquitate
646 2232 940 2273 contendentium,

185 2291 301 2315 omnes
311 2282 400 2314 enim
412 2291 480 2314 tam
491 2278 622 2315 Hebraei
633 2292 734 2327 quam
746 2281 850 2315 Graeci
859 2279 938 2314 scri-

186 2339 318 2375 ptores,
335 2329 507 2365 Chaldaici
519 2327 869 2377 imperiifundatorem
884 2338 937 2365 Be-

187 2377 248 2410 lum
260 2377 312 2412 seu
324 2381 494 2415 Nimrodum
506 2380 576 2414 Nini
586 2389 712 2425 patrem
722 2380 941 2420 constituunt,

188 2427 244 2472 qui
259 2425 316 2460 diu
328 2428 401 2473 post
414 2427 482 2460 illas
492 2427 660 2473 Dynastias
671 2430 763 2463 vixit.

989 2032 1031 2066 ab
1043 2031 1114 2078 ipso
1124 2031 1238 2066 limine
1248 2031 1340 2080 scopi
1352 2032 1530 2079 domitorum
1545 2033 1676 2069 illorum
1691 2039 1743 2071 vi-

990 2093 1101 2116 rorum
1115 2106 1125 2119 ,
1143 2083 1201 2129 qui
1223 2079 1363 2130 singulas
1383 2082 1596 2128 periodorum
1607 2084 1740 2120 suarum

989 2132 1122 2178 paginas
1133 2132 1166 2165 in
1176 2132 1280 2165 varias
1290 2131 1462 2165 columnas
1471 2132 1666 2168 dividebant
1677 2158 1688 2171 ,
1705 2137 1741 2169 in

989 2192 1127 2227 quarum
1142 2181 1205 2215 una
1218 2190 1397 2214 memorata
1407 2181 1438 2213 in
1447 2183 1553 2215 Sacris
1563 2182 1742 2223 literis‚suis

989 2228 1200 2277 temporibus
1211 2228 1417 2276 affignabant
1430 2254 1441 2270 ‚
1466 2231 1501 2263 in
1520 2232 1592 2266 aliis
1604 2233 1741 2267 aliarum

987 2280 1138 2325 gentium
1159 2291 1208 2314 res
1226 2279 1330 2328 gestas
1351 2303 1361 2319 ‚
1388 2277 1590 2327 Assyriorum
1608 2281 1743 2322 scilicet,

988 2329 1242 2375 AEgyptiorum,
1264 2331 1475 2369 Graecorum,
1492 2327 1740 2371 Romanorum,

988 2377 1146 2412 Afrorum
1159 2403 1170 2418 ‚
1189 2383 1223 2413 &
1238 2380 1379 2413 aliorum
1391 2403 1400 2417 ‚
1416 2377 1595 2414 secundum
1608 2380 1738 2414 istarum

987 2429 1135 2474 gentium
1156 2427 1355 2461 domesticos
1369 2427 1544 2474 scriptores
1562 2453 1573 2469 ‚
1598 2440 1738 2474 quorum

31 2484 158 2524 Defendi-
239 2475 389 2518 Quinto.
424 2473 559 2509 Miseret
575 2474 628 2509 hic
655 2477 834 2513 Petavianae
857 2490 936 2525 pro-
989 2477 1087 2511 fidem
1104 2489 1310 2524 nequaquam
1324 2475 1369 2509 illi
1382 2477 1594 2523 praestabant,
1611 2477 1736 2511 nedum

31 2534 72 2555 tur
82 2527 169 2555 Scali-
192 2527 298 2560 terviae
308 2523 350 2558 de
363 2524 474 2559 dot-[tr.
486 2534 591 2571 temp.
602 2523 696 2565 lib.9.
713 2538 786 2570 cap.
802 2538 815 2558 1
829 2538 857 2559 1.
882 2528 940 2572 qui
988 2537 1025 2559 ut
1042 2524 1100 2572 ipfi
1111 2528 1224 2558 omnia
1236 2525 1277 2559 ab
1289 2526 1355 2559 istis
1367 2527 1484 2558 tradita
1502 2536 1590 2575 certa
1605 2524 1737 2571 persua-

27 2578 76 2606 ἓν
89 2575 171 2596 ‘⁰⁸²⁷‘
189 2572 267 2608 cum
285 2575 375 2608 reste
396 2572 655 2608 chaldaicarum
682 2585 716 2607 ac
734 2573 942 2621 AEgyptiaca-
989 2573 1079 2608 sione
1090 2573 1455 2619 amplecterentur:qui
1465 2572 1532 2606 hoc
1542 2573 1662 2609 aflerat,
1674 2586 1736 2619 pu-

31 2610 170 2638 Pecs-mm.

191 2636 262 2658 rum
291 2624 528 2670 antiquitatum
562 2622 743 2657 vanitatem
766 2620 940 2662 reformet,

191 2674 335 2713 involat,
349 2684 386 2707 ut
398 2671 493 2712 solet,
505 2673 538 2704 in
551 2673 728 2718 Scaligerum
740 2699 748 2712 ‚
760 2682 796 2705 ut
807 2669 938 2712 falsum,

191 2733 229 2756 ut
247 2719 511 2755 absurdiffimum
534 2745 544 2761 ‚
566 2722 602 2753 ut
620 2723 790 2766 Scripturae
803 2731 937 2754 contra-

192 2769 387 2818 rium,quod
401 2768 571 2815 Dynastias
583 2769 779 2804 Chaldaicas
790 2774 824 2804 &
838 2772 937 2818 AEgy-

192 2823 317 2868 ptiacas
336 2823 369 2854 in
395 2819 537 2868 periodo
558 2817 610 2852 sua
634 2818 764 2865 Juliana
783 2831 887 2865 ponat
898 2832 937 2853 ex

193 2872 329 2914 Africano
343 2895 353 2911 ‚
375 2882 411 2903 ac
423 2869 566 2913 Eusebium
579 2879 668 2902 taxet
679 2893 687 2908 ,
698 2868 792 2916 quod
804 2868 843 2901 ab
857 2869 938 2915 Afri-

194 2929 264 2952 cano
275 2921 305 2952 in
317 2921 381 2955 illis
394 2918 553 2960 Dynastiis
564 2917 708 2954 discedat
721 2943 731 2959 ,
751 2930 824 2965 quae
836 2929 935 2965 regna

197 2966 374 3003 Chaldaica
394 2963 436 3003 &'
454 2968 645 3015 AEgyptiaca
664 2979 740 3003 ante
760 2969 933 3003 Diluvium

195 3016 374 3056 collocant,
413 3018 514 3052 Certe
524 3015 934 3062 Jesniticusinmaximum

194 3066 366 3111 Scaligerum
384 3065 624 3101 livoroninino
643 3069 741 3115 gratis
759 3065 872 3114 saepius
885 3064 935 3100 ef-

190 3112 340 3148 funditur
356 3129 365 3149 :
390 3114 503 3150 frustra
520 3117 676 3162 objicitur
687 3115 936 3165 Dynastiasillas

192 3163 367 3199 Diluvium
379 3165 605 3203 transcendere
615 3195 625 3211 ,
635 3167 699 3202 hoc
709 3168 796 3204 enim
809 3168 937 3215 Scaliger

988 2620 1179 2664 tidjffimam
1200 2618 1437 2654 &infrunitam
1450 2623 1647 2656 calumniam
1657 2621 1739 2657 stru-

987 2672 1080 2705 xerit.
1115 2667 1221 2713 Quod
1245 2668 1396 2717 praeterea
1415 2672 1447 2703 in
1459 2673 1600 2719 Scaligero
1618 2683 1736 2707 corre-

989 2722 1138 2754 ctionem
1157 2719 1263 2765 Eusebti
1285 2730 1373 2752 taxat
1392 2723 1526 2755 Petavius
1546 2746 1555 2760 ,
1579 2720 1616 2755 id
1633 2723 1734 2755 etiam

987 2767 1114 2803 faCtum
1128 2768 1241 2813 injuriz‘i
1257 2793 1268 2808 ‚
1296 2768 1391 2814 quod
1414 2769 1640 2804 demonstratu
1659 2768 1735 2805 satis

986 2817 1063 2853 effer
1075 2816 1207 2858 facile,fi
1218 2817 1267 2851 his
1277 2819 1446 2852 immorari
1456 2830 1640 2867 putaremus
1652 2832 1739 2868 ope-

985 2881 1024 2902 rae
1036 2877 1186 2915 pretium.
1607 2887 1609 2889 ·

1032 2916 1284 2952 Duodecimum
1313 2919 1406 2965 Iſsmci
1429 2927 1662 2966 argumentum
1689 2916 1733 2952 est
1752 2925 1869 2957 Λιῖιε.

985 2966 1025 3001 ab
1045 2965 1297 3015 antiquitatibus
1321 2969 1534 3014 AEgyptiacis.
1572 2971 1669 3011 Qros
1687 2967 1734 3009 hi,

984 3018 1282 3064 inquit,numerant
1295 3020 1383 3057 anni,
1396 3030 1464 3051 uon
1476 3015 1609 3066 possunt
1623 3015 1736 3051 salvari

985 3079 1043 3116 per
1053 3066 1212 3101 calculum
1226 3065 1442 3100 Hebraicum.

1034 3115 1131 3164 Resp.
1143 3130 1171 3153 t,
1195 3118 1313 3163 Neque
1326 3118 1470 3151 calculus
1486 3114 1733 3151 Graecussalva-

984 3178 1017 3201 re
1027 3166 1136 3215 potest
1147 3168 1361 3214 antiquitates
1372 3168 1577 3216 AEgyptiacas
1586 3191 1597 3210 ,
1617 3165 1734 3200 eiicur-

1654 3223 1733 3249 lunt
