2048 3343
305 114 356 145 92
656 93 972 130 Opertts
1034 92 1512 130 Hrsron101

302 173 390 207 idem
410 167 471 204 effe
492 166 601 216 potuit
618 170 649 202 8(
665 164 848 201 tricesimus
871 170 902 201 &
921 163 1060 212 quintus

302 233 407 257 annus
418 218 611 266 captivitatis
626 221 638 252 ?
666 214 762 264 Resp.
787 220 823 251 In
838 214 927 251 versu
943 214 1054 250 secun-

303 271 347 306 do
359 265 498 318 expressa
510 268 553 302 est
566 267 690 301 mentio
708 266 904 312 captivitatis
916 289 926 304 ,
943 266 975 299 in
988 266 1045 312 pti-

304 332 363 355 mo
375 331 484 354 autem
498 318 625 352 nullum
638 316 676 350 de
691 316 880 362 captivitate
891 312 1028 349 verbum
1043 337 1053 353 ‚

302 371 412 417 itaque
431 369 557 404 nullum
577 366 711 401 dubium
724 365 784 399 hos
801 365 882 400 duos
893 377 996 399 annos
1006 364 1053 397 di-

304 420 464 454 versarum
473 416 531 453 esse
543 417 723 453 rationum,
736 416 888 462 quintum
899 415 1052 448 nimirum

304 469 464 504 numerari
475 466 491 501 a
502 467 610 512 primo
623 466 817 513 captivitatis
839 463 972 502 Ieconiae,
999 463 1054 508 qui

303 519 337 552 in
348 517 486 552 eundem
497 517 606 564 Regni
617 512 751 555 Zedekt'ae
767 513 882 548 incidit
894 536 902 548 ,
913 512 992 546 sicut
1001 511 1056 543 alii

149 567 270 606 kzskielis
302 567 403 616 prope
416 578 530 601 omnes
547 564 587 599 ab
602 562 744 604 Ezekiele
757 563 928 597 memorati
947 559 1053 607 abeo-

147 610 276 645 ‘'¹“fimus
303 617 375 652 dem
389 616 449 651 isto
460 616 605 650 termino
617 622 864 660 computantur,
874 608 923 643 scd
935 608 1054 643 tricesi-

145 660 286 697 numeratur
303 672 374 701 mus
385 665 438 700 hic
447 663 614 700 manifeste
625 661 662 696 ad
673 661 759 694 aliud
767 659 961 706 principium
973 657 1053 693 refe-

146 703 266 771 ζιζῖῗζῖε
304 716 422 752 rendus
434 715 490 751 est,
503 719 534 749 &
547 715 579 747 in
592 712 655 746 hoc
668 720 738 744 tota
750 706 920 743 difficultas
932 708 986 743 sita
995 708 1052 748 est,

146 777 210 812 Jofiae
220 752 282 805 dees.
303 778 340 801 ut
352 767 537 801 inveniatur
556 762 652 804 hujus
665 757 818 793 tricesimi
838 770 930 793 verus
940 760 1053 792 termi-

146 818 282 847 mooaavo.
302 829 374 851 nus.
399 816 451 848 De
472 825 511 847 eo
526 822 643 857 magna
661 808 707 843 cst
724 809 811 842 inter
823 807 966 841 austores
984 817 1052 840 tam

301 875 422 901 veteres
430 860 529 909 quam
541 872 647 894 novos
658 856 984 904 discrepantia,multi
996 868 1052 903 pu-

303 909 589 948 tanttricefimum
610 908 698 942 hunc
717 906 828 941 referri
847 906 885 940 ad
896 906 1050 954 Regnum

301 959 520 1009 Nabopolaffizri
528 983 537 995 ‚
554 960 650 1006 patris
660 955 939 1008 Nabuchadnezarbf
950 956 1053 1008 Baby—
1072 997 1073 1000 Ἴ

299 1013 388 1047 lonis
406 1008 594 1044 Monarchae
612 1020 620 1046 3
645 1007 700 1041 ali-i
719 1004 846 1040 malunt
867 1002 977 1039 Iubtlaez
993 1006 1052 1052 Ju-
1071 1048 1073 1051 ι

298 1062 383 1097 daici
395 1060 556 1094 rationem
568 1056 688 1096 haberi,
706 1054 794 1103 quasi
805 1056 939 1103 quintus
950 1064 1055 1089 annus

297 1109 494 1158 captivitatis
504 1120 578 1142 cum
589 1105 752 1141 tricesimo
766 1103 877 1139 Iubtlaei
885 1104 1052 1139 coincide-
1071 1130 1073 1134 ,

295 1161 340 1194 -rit
360 1173 369 1193 :
395 1160 448 1193 alii
474 1157 675 1192 tricesimum
704 1154 792 1189 hunc
818 1155 858 1189 de
877 1153 1053 1201 vi-taipfius

295 1208 468 1256 Propheta>
499 1208 617 1241 volunt
642 1204 782 1252 intelligi
805 1228 814 1241 ‚
845 1204 935 1251 quasi
966 1216 1054 1238 anno

296 1260 415 1307 quinto
428 1257 623 1304 captivitatis
634 1253 757 1294 Ezekiel
765 1253 962 1289 tricesimum
976 1264 1053 1288 aeta-

296 1311 340 1342 tis
351 1308 411 1342 suae
424 1305 549 1353 egisset:
577 1304 821 1352 Alii-denique,
844 1302 934 1351 quod
956 1302 1054 1337 nobis

296 1354 592 1404 probabilissimum
603 1353 745 1394 videtur,
755 1352 955 1388 tricesimum
965 1351 1054 1386 hunc

295 1407 481 1453 computari
501 1405 619 1440 volunt
640 1403 656 1439 31
676 1405 750 1448 10stae
767 1403 899 1438 decimo
912 1401 1030 1437 octavo
1042 1427 1052 1443 ‚

295 1456 329 1490 in
341 1466 408 1503 quo
419 1455 515 1490 Liber
524 1455 606 1502 legis
618 1465 762 1502 repertus
771 1451 827 1493 est,
840 1454 876 1487 &
887 1451 1052 1486 celeberri-

294 1517 389 1540 mum
408 1504 526 1539 Pascha
540 1504 639 1548 dlofia
657 1503 877 1542 celebratum,
898 1500 992 1547 cujus‘
1002 1500 1051 1536 so-

294 1555 475 1588 lemnitatis
493 1555 653 1588 memoria
673 1552 771 1601 usque
788 1549 871 1587 adeo
890 1551 1051 1587 memora-

294 1601 372 1638 bilis
391 1605 476 1638 inter
484 1602 613 1649 Judaeos
626 1601 729 1636 fuerat
741 1625 750 1642 ‚
772 1612 807 1636 ut
819 1601 860 1636 ab
871 1600 905 1635 efi
913 1600 1051 1637 suosran—

291 1664 356 1688 nos
373 1653 406 1687 in
423 1652 585 1700 posterum
599 1648 818 1686 numerarent.
847 1650 951 1686 Certe
962 1651 1002 1686 ab
1010 1663 1052 1685 eo

293 1700 437 1738 notabili
447 1713 599 1749 tempore
609 1701 648 1736 ad
658 1702 812 1748 quintum
823 1699 960 1741 Zedekiae
969 1723 978 1737 ‚
994 1701 1052 1735 tri-
1066 1704 1067 1707 ’

293 1753 384 1800 ginta
402 1751 511 1786 exacte
533 1751 744 1798 reperiuntur.
778 1751 868 1785 Nam
887 1749 909 1785 si
928 1763 967 1786 ex
983 1752 1054 1792 Iosiae

296 1802 431 1848 triginta
441 1805 474 1836 δε
487 1814 556 1836 uno
567 1800 669 1834 sumas
679 1799 939 1847 quatuordecim,
950 1800 1052 1847 iisque

294 1850 455 1897 adjungas
467 1848 585 1895 Ioakinii
595 1849 748 1884 undecim
761 1853 792 1883 &
805 1846 1051 1898 Zedekiae-quin-

293 1911 370 1946 que,
383 1898 535 1934 confiunt
546 1899 585 1934 ad
594 1897 745 1932 amuffim
757 1899 904 1947 triginta.

414 1995 547 2033 QUAE
570 1998 587 2024 S
609 1997 636 2023 T
658 1998 671 2025 1
693 1997 720 2024 O
762 1998 936 2026 XXXVII.

320 2068 391 2120 ,Qui
398 2067 517 2103 termini
525 2070 672 2102 annorum
679 2067 834 2104 Ezekielis
842 2079 1030 2104 trecentorum

455 2118 613 2169 nonaginta
631 2120 668 2156 ὠ*
679 2118 872 2170 quadraginta
885 2121 900 2152 ἓ

300 2196 520 2272 QUaeritur
539 2197 579 2231 de
604 2196 695 2232 sensu
721 2197 870 2233 versuum
895 2198 1001 2246 quarti
1020 2201 1055 2233 &

378 2245 456 2280 sexti
467 2247 580 2293 capitis
590 2247 695 2293 quarti
706 2247 852 2287 Ezekielis
864 2270 873 2282 ‚
889 2248 946 2293 qui
955 2247 1054 2280 nimi-

294 2307 365 2331 rum
379 2294 439 2330 lint
450 2296 580 2330 termini
600 2307 762 2330 annorum
781 2295 917 2329 istorum
930 2304 1053 2329 trecen-

294 2355 409 2380 torum
421 2346 601 2393 nonaginta
621 2344 740 2392 quibus
749 2345 841 2380 Deus
850 2345 924 2378 tulit
934 2344 1053 2392 iniqui-

293 2404 395 2428 tatem
407 2392 536 2431 manis,
547 2397 578 2429 &
588 2407 748 2429 annorum
757 2393 970 2443 quadraginta
981 2394 1053 2441 qui-

293 2443 464 2485 busquus
485 2444 562 2478 tulit
581 2445 791 2493 iniquitatem
810 2443 924 2491 Judae?
950 2442 1053 2490 Resp.

290 2493 407 2528 Videat
419 2517 429 2533 ‚
446 2494 498 2527 cui
516 2493 627 2533 lubet,
647 2506 800 2542 magnam
822 2492 1051 2528 sententiarum

292 2540 509 2577 diversitatem
522 2552 589 2576 tam
608 2544 694 2577 inter
702 2554 824 2578 veteres
836 2541 933 2591 quam
943 2555 1050 2576 recen-

293 2593 395 2626 tiores
412 2591 495 2637 apud
509 2591 674 2626 Henricum
685 2589 811 2641 Philippi
826 2617 836 2631 ‚
862 2589 996 2630 solutio,
1015 2592 1049 2626 in

295 2653 360 2689 qua
370 2641 515 2688 plerique
533 2641 769 2688 acquiescunt,
799 2642 867 2676 haec
876 2640 920 2675 est
936 2654 944 2674 ε
959 2644 1052 2675 -Ρῑο-

294 2688 492 2737 phetam‚seu
502 2690 536 2723 in
548 2691 743 2725 revelatione
752 2694 783 2723 &
797 2688 903 2724 ecstasi
911 2688 980 2722 dies
991 2699 1054 2723 tre-

295 2750 410 2774 centos
421 2743 453 2773 &
473 2740 650 2785 nonaginta
668 2739 726 2773 uni
738 2739 829 2773 lateri
842 2736 1030 2772 incubuerit
1041 2762 1052 2779 ‚

293 2787 345 2822 seu
355 2787 461 2824 revera
472 2789 505 2823 in
515 2789 620 2823 oculis
630 2788 745 2835 populi
756 2801 811 2835 per
820 2787 851 2822 id
861 2798 971 2822 totum
983 2785 1049 2834 spa-

295 2838 378 2871 tium
395 2839 550 2884 temporis
561 2838 593 2872 in
604 2850 670 2872 uno
682 2839 829 2884 corporis
847 2836 907 2871 situ
922 2849 1050 2871 reman-

292 2885 370 2921 serit
384 2911 393 2926 ,
419 2891 449 2922 &
462 2888 585 2922 Divina
605 2887 751 2933 potentia
765 2887 804 2921 ad
827 2885 959 2932 hujusce
977 2899 1054 2934 por-

292 2937 372 2970 tenti
384 2936 567 2971 molestiam
587 2934 806 2970 sustinendam
818 2934 1051 2971 corroboratus

291 2984 345 3023 sit,
373 2985 499 3033 signum
513 2985 687 3020 exhibuisse
705 2985 926 3032 spectantibus
950 2986 1049 3019 mira-

292 3032 406 3069 culosae
417 3038 482 3070 Dei
495 3035 652 3083 patientiae
661 3059 669 3072 ,
681 3034 750 3083 qua
768 3047 818 3069 tot
829 3036 921 3069 annis
933 3033 1049 3082 populi

289 3078 335 3113 sui
358 3088 494 3134 peccatis
516 3083 631 3130 press‘us
656 3085 789 3120 tandem
815 3086 847 3118 in
860 3095 1048 3131 peccatores

292 3134 404 3163 exarlit
415 3143 422 3163 :
435 3132 587 3168 israelitas
603 3146 711 3169 autem
727 3133 779 3169 hic
791 3132 966 3168 sumendos
978 3145 1046 3167 non

291 3177 466 3216 restriffiv&
478 3181 518 3216 ad
527 3183 636 3219 decem
649 3183 754 3220 solum
766 3184 868 3221 tribus
883 3207 894 3226 ,
919 3182 974 3220 sed
988 3195 1045 3219 ex-

1105 165 1228 200 tensive
1247 164 1286 200 ad
1312 174 1417 199 totam
1448 163 1668 203 Hebraeorum
1696 181 1830 217 gentem
1843 198 1853 214 ,

1105 215 1281 250 duodecim
1292 214 1393 249 tribus
1407 226 1445 248 ex
1456 214 1565 250 lsraele
1578 230 1769 266 prognatus:
1787 222 1856 256 Eo-

1105 277 1176 298 rum
1193 266 1335 299 maxima
1347 266 1541 311 provocatio
1553 264 1613 300 fuit
1628 269 1660 302 in
1671 268 1861 309 Idololatrisi

1104 311 1277 355 Ieroboami‚
1303 312 1366 361 qufi
1385 314 1498 349 decem
1511 314 1612 349 tribus
1632 319 1649 350 a
1668 318 1772 353 domo
1792 322 1863 354 Da-

1104 364 1608 404 vidissecedentes,1dololatriam
1621 364 1785 413 publicam
1800 377 1864 404 Da-

1105 425 1140 444 ne
1160 417 1190 447 &
1206 411 1327 446 Bethele
1340 425 1520 448 erexerunt.
1555 416 1688 450 Horum
1708 429 1788 465 ergo
1799 431 1861 453 an-

1105 473 1221 495 norum
1235 465 1393 498 terminus
1403 465 1490 510 prior
1500 463 1647 511 figendus
1658 465 1701 501 est
1711 455 1862 515 iisprimo

1108 508 1303 546 Rhehoboami
1314 517 1345 547 &
1359 513 1473 554 eodem
1487 513 1645 548 lev-ohoami
1656 539 1665 554 ‚
1686 520 1716 551 &
1727 519 1864 553 ultimus

1107 561 1140 594 in
1159 561 1332 597 undecimo
1352 561 1507 602 Zalekos,
1532 563 1666 611 quando
1681 566 1714 599 in
1733 567 1864 602 excidio

1109 608 1418 658 Hierosolymorum
1440 621 1517 646 totae
1543 610 1636 646 lambi
1656 614 1862 659 posterorum

1107 662 1248 708 reliquiae
1273 659 1353 695 terr&
1380 659 1601 708 promiffionis
1626 665 1736 707 ejectae
1763 664 1833 700 sunt
1849 679 1860 701 :

1108 711 1195 744 Inter
1214 709 1274 744 hos
1294 713 1377 744 duos
1395 711 1677 746 terminos-exacte
1696 713 1862 751 fluxerunt

1104 761 1183 793 anni
1204 761 1344 794 trecenti
1361 761 1544 807 nonaginta
1557 789 1564 800 ,
1584 773 1619 795 ut
1637 763 1742 798 videre
1762 764 1806 799 cst
1825 766 1860 800 in

1103 807 1223 842 tabulis
1237 809 1498 857 Chronologicis
1508 809 1631 845 Ubbonis
1641 813 1753 847 Emmii
1761 836 1771 849 ‚
1787 813 1860 848 Cal-

1103 856 1136 889 vi
1147 856 1166 887 zi
1177 880 1187 896 ‚
1202 860 1234 890 &
1245 857 1373 903 Capelli,
1395 871 1478 905 quos
1495 872 1556 894 nos
1571 862 1606 895 in
1624 864 1790 909 computis
1807 862 1862 898 so-

1103 906 1205 939 lemus
1223 903 1331 950 sequi3
1357 909 1504 941 Henricus
1521 907 1648 957 Philippi
1667 914 1747 947 totis
1764 914 1860 949 annis

1103 953 1211 990 decem
1221 953 1337 989 deficit
1348 958 1378 989 ὃς
1392 953 1531 1002 Usherius
1543 971 1695 1005 quatuor.

1153 1004 1260 1052 Qod
1278 1003 1317 1038 ad
1336 1004 1547 1051 posteriorem
1572 1009 1783 1057 quadraginta
1802 1023 1862 1046 an·-

1105 1066 1224 1089 norum
1238 1053 1398 1089 sumniam
1411 1078 1421 1094 ‚
1441 1057 1510 1099 ejus
1528 1056 1687 1102 posterior
1704 1060 1862 1096 ter-minus

1102 1104 1184 1138 idem
1198 1103 1241 1139 est
1253 1114 1326 1137 cum
1337 1104 1458 1138 ultimo
1474 1106 1618 1140 termino
1631 1106 1765 1143 summae
1776 1110 1865 1156 prio-

1103 1155 1145 1188 ris
1157 1179 1166 1191 ,
1177 1152 1229 1189 sed
1237 1154 1327 1201 prior
1337 1154 1492 1188 terminus
1509 1152 1630 1190 &variis
1643 1156 1727 1191 varie
1737 1156 1862 1206 figitur.

1104 1204 1205 1238 Multi
1217 1205 1250 1238 in
1263 1203 1393 1238 decimo
1410 1204 1529 1238 oetavo
1549 1206 1644 1246 Iofiae,
1668 1208 1802 1253 quando
1812 1221 1864 1243 re-

1104 1264 1263 1288 novatum
1280 1252 1325 1287 est
1340 1252 1520 1288 solenniter
1534 1250 1640 1288 foedus
1652 1278 1662 1294 ,
1684 1259 1717 1290 &
1734 1269 1779 1291 -ex
1793 1269 1862 1306 quo

1105 1313 1253 1350 tempore
1270 1301 1450 1337 accuratius
1467 1302 1614 1338 foederati
1625 1306 1740 1352 populi
1752 1305 1863 1353 hypo-

1103 1351 1188 1388 crisis
1200 1375 1211 1389 ,
1232 1352 1418 1387 idololatria
1431 1377 1441 1393 ,
1463 1357 1494 1387 ἃ
1512 1354 1573 1387 alia
1589 1353 1771 1399 iniquitas&
1785 1357 1862 1389 Do-

1105 1404 1197 1437 mino
1214 1402 1262 1437 est'
1274 1402 1440 1437 observata
1460 1404 1600 1449 :plures
1620 1404 1698 1438 vero
1716 1407 1748 1439 in
1768 1405 1861 1452 Josiae

1102 1451 1334 1487 decimotertio
1367 1463 1444 1486 euin
1472 1454 1652 1487 ter-minum
1673 1455 1861 1495 collocant,

1101 1501 1234 1549 quando
1259 1502 1385 1537 Ieremiae
1416 1501 1637 1537 Ministerium
1664 1503 1862 1541 inchoatum

1102 1551 1146 1586 est
1158 1576 1168 1592 ‚
1182 1549 1199 1586 ὲ
1211 1554 1300 1597 cujus
1311 1552 1382 1586 luce
1394 1553 1428 1585 &
1439 1551 1702 1586 convietionibus
1718 1554 1862 1588 multum

1103 1602 1210 1636 oneris
1221 1602 1335 1649 populi
1346 1602 1486 1649 peccatis
1499 1600 1627 1635 acceffit
1639 1614 1646 1634 :
1657 1600 1744 1636 certe
1758 1602 1775 1636 a
1787 1606 1860 1647 [ψει

1102 1650 1234 1686 decimo
1253 1653 1353 1686 tertio
1373 1651 1412 1684 ad
1425 1649 1559 1689 Zedekiae
1575 1650 1803 1692 undecimum,
1822 1655 1859 1689 in

1102 1702 1198 1734 trium
1209 1700 1299 1748 supra
1310 1701 1560 1735 nominatorum
1576 1701 1704 1736 calculo
1722 1702 1861 1750 quadra-

1101 1750 1193 1798 ginta
1203 1751 1280 1785 anni
1289 1748 1418 1798 praecise
1430 1761 1656 1786 numerantur.
1854 1746 1861 1751 ⁴

1200 1848 1334 1886 QuAE
1356 1848 1372 1875 s
1395 1849 1422 1876 T
1443 1850 1456 1877 1
1478 1848 1506 1875 o
1549 1849 1750 1880 xxxvin.

1129 1930 1209 1978 Qia
1223 1942 1314 1965 annus
1325 1930 1472 1974 vicesimus
1485 1927 1587 1963 tertius
1596 1927 1646 1976 qui
1658 1928 1689 1964 in
1699 1939 1835 1979 quartum

1342 1979 1485 2030 Joakimi
1503 1978 1630 2013 incidit?

1161 2100 1163 2103 .
1187 2071 1331 2116 Uaeritur
1341 2069 1380 2104 de
1394 2069 1628 2105 conciliatione
1639 2067 1744 2104 versus
1758 2069 1862 2118 1.cap.'

1189 2133 1205 2154 2
1216 2132 1245 2168 5.
1255 2121 1400 2168 Jeremiae
1410 2133 1485 2155 cum
1501 2132 1528 2165 3.
1540 2118 1699 2164 ejusdem,
1712 2120 1796 2155 Quis
1805 2122 1862 2153 ni-

1105 2173 1225 2206 mirum
1242 2171 1281 2204 sit
1301 2170 1356 2203 ille
1366 2181 1471 2202 annus
1482 2166 1648 2203 vicefimus
1669 2167 1781 2201 tertius
1804 2169 1861 2215 qui

1105 2221 1137 2253 iri
1153 2229 1306 2266 quartum
1328 2213 1448 2255 Ioakimi
1458 2215 1596 2250 incidit?
1616 2213 1796 2262 Responsio
1808 2215 1862 2253 hic

1103 2267 1147 2301 est
1168 2265 1270 2300 facilis
1285 2267 1319 2300 &
1336 2264 1495 2311 expedita,
1511 2277 1614 2299 annus
1625 2263 1677 2298 hic
1689 2266 1862 2314 vigesimus

1101 2317 1217 2350 tertius
1239 2314 1283 2349 est
1313 2313 1488 2358 Ministcrii
1513 2313 1685 2362 Prophetae
1711 2317 1836 2350 leremt'ae
1847 2341 1859 2358 ‚

1101 2364 1192 2413 quod
1204 2364 1363 2411 incipiens
1374 2362 1507 2399 decimo
1527 2365 1627 2398 tertio
1638 2365 1709 2404 Iofiae
1719 2366 1749 2397 in
1764 2378 1862 2411 quar-

1100 2416 1137 2448 to
1148 2411 1267 2453 Ioakimi
1283 2411 1539 2460 perseveraverat
1554 2414 1645 2447 annis
1668 2413 1782 2461 viginti
1802 2416 1861 2449 tri-

1101 2463 1174 2499 bus.
1201 2464 1289 2498 Nam
1302 2464 1383 2505 Iofias
1395 2463 1545 2511 regnavit
1562 2464 1654 2496 annis
1675 2463 1806 2509 triginta
1825 2466 1859 2497 &

1102 2526 1170 2547 uno
1183 2536 1191 2550 ‚
1212 2516 1244 2548 &
1254 2509 1365 2549 Ioahaz,
1375 2513 1502 2560 aliquot
1515 2511 1689 2546 mensibus,
1699 2512 1742 2544 ita
1755 2522 1790 2545 ut
1801 2524 1859 2546 an-

1102 2574 1132 2598 te
1144 2560 1303 2603 Ioakimum
1315 2560 1450 2595 Ieremias
1468 2562 1561 2594 annis
1581 2559 1810 2594 novemdecim
1823 2562 1857 2596 in

1103 2624 1238 2647 munere
1251 2609 1449 2656 Prophetico
1462 2608 1693 2643 ministraverit
1704 2633 1714 2648 ‚
1739 2609 1858 2658 quibus

1103 2661 1124 2696 si
1145 2659 1241 2694 addas
1258 2668 1411 2706 quartum
1428 2655 1567 2699 Ioakimi‚
1588 2655 1732 2693 nascetur
1747 2658 1859 2696 vicesi-

1104 2722 1176 2744 mus
1188 2710 1302 2744 tertius
1314 2711 1441 2743 Ieremia
1454 2721 1515 2756 prae
1528 2708 1692 2743 manibus.
1720 2713 1722 2715 ’

1236 2812 1262 2847 Q
1287 2814 1312 2842 U
1334 2815 1372 2841 ΛΞ
1393 2813 1410 2840 S
1433 2814 1459 2840 T
1480 2814 1542 2842 IiO
1584 2811 1735 2839 XXXIX.

1104 2903 1147 2931 An
1159 2908 1258 2932 verum
1269 2897 1343 2941 quod
1365 2897 1501 2931 revelatio
1518 2897 1550 2930 de
1566 2894 1703 2929 induendo
1704 2895 1773 2942 jugo
1782 2896 1855 2931 dam

1135 2945 1329 2991 JitJeremiae
1342 2945 1487 2991 Joakimi
1496 2947 1590 2992 primo
1606 2968 1615 2984 ,
1628 2944 1678 2988 sed
1688 2948 1815 2980 executio

1199 3005 1254 3028 non
1265 2993 1387 3040 mfipoft'
1405 3000 1495 3028 annos
1507 2994 1635 3028 undecim
1648 2994 1757 3029 Zede-

1323 3043 1384 3077 kiae
1396 3052 1501 3087 quarto
1506 3044 1591 3090 farm
1603 3046 1618 3076 ἒ

1099 3131 1226 3194 NOn
1245 3141 1314 3173 tam
1332 3127 1443 3164 solutu
1464 3127 1567 3164 facilis
1590 3127 1635 3163 est
1656 3129 1790 3177 quaestio
1803 3126 1853 3162 se-

1165 3192 1270 3228 quens
1281 3177 1442 3215 tricesima
1462 3191 1553 3216 nona
1570 3178 1612 3215 de
1623 3176 1855 3215 concordanti-3.

1756 3239 1853 3263 131]le
