2048 3343
152 1886 274 1914 Reiicitur

149 1929 217 1964 prior
231 1930 305 1964 Span-

154 1967 230 1993 hemit
248 1966 306 2002 fin-

154 2009 242 2034 tentia.

287 126 332 157 σι
672 104 964 143 OPERts

290 187 346 234 gali
353 209 362 225 ,
383 194 449 217 tum
458 182 498 216 illi
507 181 569 214 duo
578 176 684 212 fratres
694 187 789 210 unum
795 172 1045 216 habentpatrem‚

289 242 320 271 &
341 246 453 268 eorum
478 230 557 264 filius
581 239 676 261 unum
695 225 891 269 eundemque
908 218 1002 253 habet
1015 229 1046 250 a·

290 297 379 322 vum,
405 293 434 324 at
447 282 477 314 in
492 277 606 327 Joftpho
621 275 695 311 nihil
709 275 810 309 minus
824 279 962 319 apparet,
976 267 1048 315 quia

292 335 356 368 duo
369 334 432 376 ejus
451 341 548 376 patres
568 325 656 376 Jacob
675 330 705 360 δε
725 324 775 359 Eli
788 319 923 356 diversos
934 317 1049 352 habent

294 395 358 417 non
371 379 488 415 tautum
503 389 619 425 patres,
633 374 681 409 sed
695 379 725 409 &
738 384 849 406 omnes
863 371 994 414 majores
1004 365 1046 399 di-

294 430 472 467 versissimos
486 427 578 475 usque
589 425 625 459 ad
639 422 804 458 Davidem.
833 417 926 466 Resp.
948 420 1050 462 Argu-

295 490 436 515 mentum
448 490 532 512 tenet
548 478 576 510 in
587 474 721 522 patribus
733 470 910 510 ὁμεπιτςίοις,
936 475 1051 510 nequa-

298 542 390 578 quam
403 527 478 564 vero
488 528 519 560 in
533 526 568 559 iis
582 525 633 572 qui
648 534 764 557 tantum
778 518 844 552 sunt
860 515 1010 553 ὁμθμέταυι
1023 515 1054 544 &

299 579 411 615 uterini
425 603 432 615 ‚
462 576 564 625 quales
578 575 745 619 Africanus
761 565 904 615 supponit
918 560 1056 594 Iacobum

299 633 330 664 ἃ
343 629 482 711 sginum
495 674 558 708 hoc
571 671 624 705 est.
657 669 825 713 Africanas
837 658 952 695 timidis
965 662 996 693 δε
1010 654 1058 690 su-

301 726 410 774 spenfis
418 724 516 758 verbis
525 721 603 754 suam
612 717 788 752 sementiam
797 705 1057 759 proponit.Resp.

303 775 397 823 Apud
417 772 561 819 sapientes
581 765 755 815 argumenti
774 771 932 807 nunquam
951 756 1059 791 nocuit

304 821 470 860 modestia,
496 832 552 853 nec
567 815 685 865 profuit
705 811 904 861 magniloqua
922 806 1055 841 audacia.

303 874 482 919 Afmmzus,
496 867 664 913 omnesque
674 863 827 910 sequaces,
837 857 950 892 fatente
964 858 1060 904 Span—

306 923 399 957 hemio
413 945 423 960 ‚
455 916 641 966 profitentur
660 913 830 948 existimare
849 907 876 942 se
894 905 975 940 suam
994 905 1061 938 sen-

307 973 435 1006 tentiam
449 969 512 1002 aliis
525 965 672 1001 omnibus
686 959 940 997 commodiorem
952 955 989 989 ad
1003 952 1062 988 sol-

305 1022 440 1057 vendum
453 1031 513 1066 prat
527 1017 668 1050 manibus
681 1012 818 1051 nodum3
835 1004 1062 1043 &certediver-

309 1070 369 1105 sam
394 1068 565 1118 Spanhemiz'
596 1064 694 1099 nihilo
719 1058 972 1095 commodiorem
998 1051 1066 1088 effi-

309 1122 392 1156 ciunt
404 1130 512 1165 magna
524 1115 615 1151 verba
628 1115 665 1148 de
684 1107 919 1145 absurditatibus
932 1105 1065 1138 aliorum

311 1174 342 1205 ὃς
356 1167 413 1203 suis
427 1162 759 1202 demonstrationibus,
784 1156 906 1206 ejusque
920 1153 1022 1189 farina:
1034 1166 1066 1187 a-

310 1221 344 1254 lii
356 1217 521 1253 Rhetorici
533 1215 637 1249 flores.

359 1269 407 1302 Ex
422 1267 527 1304 dietis,
549 1275 642 1311 puto,
663 1261 728 1296 satis
741 1270 881 1308 apparet,
906 1268 973 1305 quae
991 1264 1068 1286 con-

312 1329 357 1352 tra
370 1317 515 1361 Africam
532 1318 563 1348 &
578 1316 728 1347 Veterum
741 1309 918 1344 sententiam
933 1306 949 1339 εὶ
962 1313 1069 1337 recen-

312 1367 443 1401 tioribus
458 1363 505 1398 scu
515 1361 756 1396 Protestantibus
765 1359 814 1393 seu
822 1354 995 1393 Pontificiis
1008 1351 1069 1385 ob-

313 1418 475 1462 jiciuntur,
490 1426 555 1447 non
567 1411 624 1446 esse
637 1412 711 1445 tanti
721 1435 728 1446 ‚
748 1420 782 1443 ut
797 1421 832 1442 ea
845 1401 1070 1441 neceffarine-

314 1464 436 1499 serenda
451 1463 499 1503 fit,
527 1475 629 1509 neque
643 1460 716 1494 vero
740 1458 928 1492 recentiores
943 1464 1001 1501 pro
1014 1449 1071 1486 suis

315 1512 493 1562 specialibus
514 1509 822 1546 determinationibus
835 1530 844 1543 ‚
876 1518 925 1540 cas
944 1501 1072 1537 afferunt

314 1562 593 1599 demonstrationes
605 1584 613 1598 ‚
637 1572 704 1606 qua:
728 1559 874 1604 cuiquam
899 1550 1072 1588 assentiendi

315 1614 518 1648 ncceffitatem
528 1613 702 1657 imponunt.
711 1606 908 1656 Spanhemzus
915 1604 995 1638 duos
1002 1613 1073 1635 mo-

316 1663 375 1698 dos
387 1662 482 1699 affert,
491 1659 604 1709 quiipfi
617 1659 802 1706 perplacent,
816 1654 954 1702 inprimis
967 1650 1073 1686 secun-

318 1714 390 1748 dus:
410 1726 482 1747 num
497 1711 561 1745 hare
574 1709 722 1756 placentia
735 1707 830 1753 magis
840 1718 876 1738 ex
890 1715 978 1737 mero
990 1701 1074 1735 arbi-

317 1765 395 1803 trio,
422 1775 516 1812 quam
529 1759 631 1795 solidis
645 1759 711 1793 ullis
723 1754 894 1791 rationibus
908 1752 996 1792 fluat,
1013 1753 1075 1796 jam

318 1815 552 1861 perpendamus.

366 1866 508 1910 Uterque
527 1861 639 1895 modus
658 1859 688 1893 in
708 1871 748 1893 eo
768 1856 930 1893 convenit,
958 1854 1074 1888 Lucam

320 1925 384 1946 non
398 1924 515 1946 narrare
529 1910 656 1944 stemma
670 1908 789 1956 Iosepht',
806 1906 854 1940 sed
868 1906 997 1943 Adariae3
1011 1914 1076 1949 quo

321 1963 409 2002 dato,
437 1963 518 1995 nulla
533 1962 589 1993 erit
603 1960 682 1993 inter
697 1955 903 2004 Euangelistas
922 1951 1075 1987 contradi—

323 2012 438 2046 &ionis
451 2010 706 2058 apparentiamam
715 2010 793 2053 apud
804 2004 986 2038 Matthaeum
994 2000 1078 2036 Iacob

323 2061 368 2096 est
383 2061 488 2109 Ιοβρίπ
501 2070 600 2106 pater,
627 2058 705 2105 apud
726 2059 842 2090 Lucam
862 2053 936 2089 vero
950 2054 1000 2086 Eli
1013 2063 1079 2085 non

324 2112 433 2145 dicitur
448 2109 554 2158 losephi
566 2119 667 2155 pater,
686 2104 802 2153 sedipse
818 2106 869 2138 Eli
877 2102 1000 2149 ejusque
1012 2113 1077 2135 ma-

326 2163 408 2205 jores
423 2158 515 2205 usque
527 2158 563 2191 ad
583 2160 756 2190 Nathanem
774 2152 930 2189 referendi
954 2150 1020 2185 sunt
1043 2150 1079 2184 ad

327 2208 421 2242 solam
434 2211 593 2242 Alfenam,
619 2208 703 2249 cujus
717 2205 805 2238 unius
818 2205 868 2237 Elcv
880 2202 936 2236 fuit
948 2212 1036 2236 verus
1049 2203 1081 2233 δι

327 2257 469 2291 naturalis
483 2266 578 2302 pater.
604 2255 680 2286 Haec
693 2264 795 2285 autem
810 2252 972 2295 dupliciter
984 2248 1082 2290 expli-

328 2317 412 2341 cant:
438 2304 558 2352 primo,
578 2313 611 2336 ut
624 2300 759 2350 Jofiphm
779 2300 894 2333 dicatur
907 2296 999 2329 Filius
1013 2294 1081 2332 Eli,

329 2356 401 2404 quia
413 2357 477 2398 ejus
490 2363 592 2401 gener.
618 2349 777 2384 Secundo,
796 2358 829 2381 ut
841 2345 1020 2380 extendatur
1032 2353 1081 2388 pa-

329 2402 475 2440 renthesis
495 2414 554 2436 ver.
569 2413 609 2445 23.
639 2399 675 2432 ad
687 2397 751 2432 haec
771 2396 875 2430 omnia
899 2392 991 2429 verba
1007 2390 1085 2437 [qui

330 2453 387 2489 fuit
399 2464 432 2487 ut
443 2451 621 2500 putabatur,
635 2447 714 2483 filius
727 2446 851 2495 Ioftpht]
866 2446 905 2478 ita
912 2453 945 2478 ut
952 2443 1001 2475 Eli
1008 2452 1085 2475 con-

330 2505 470 2539 nectatur
487 2501 572 2535 nullo
591 2498 690 2532 modo
708 2509 779 2531 cum
796 2494 906 2543 Iosepho
920 2517 928 2529 ‚
952 2489 1002 2525 sed
1014 2502 1085 2524 cum

331 2553 399 2589 solo
412 2550 542 2587 Christo
555 2549 608 2584 suo
622 2560 675 2595 per
688 2549 833 2580 Mariam
849 2543 945 2577 filiam
960 2550 1086 2587 nepote.

379 2604 521 2637 Priorem
530 2600 616 2633 variis
626 2596 796 2631 rationibus
808 2593 1003 2639 spanhemius
1016 2602 1085 2623 mu-

329 2653 391 2692 nit,
416 2651 470 2686 ubi
482 2649 566 2696 supra
579 2660 691 2695 paragr.
701 2659 754 2691 24.
766 2656 840 2691 quas
852 2655 962 2676 omnes
975 2641 1086 2675 dever-

328 2701 373 2736 bo
385 2701 421 2735 ad
433 2700 561 2736 verbum
575 2695 720 2743 excerpsit
726 2694 897 2728 Baldmnuss
908 2695 939 2724 V
939 2691 1043 2724 Valaeus
1050 2689 1086 2721 ad

329 2754 420 2785 Lucae
431 2764 455 2795 3.
470 2762 513 2794 23.
540 2748 695 2782 Sententia
719 2744 783 2778 haec
807 2741 967 2775 au&orem
993 2737 1086 2772 habet

331 2800 540 2847 Impostorem
554 2799 704 2834 Annium,
714 2805 746 2828 ut
759 2791 844 2826 τεξὶὲ
857 2799 942 2824 notat
954 2792 1084 2822 Suam,

331 2854 362 2885 δέ
376 2862 443 2883 aute
456 2861 525 2882 eum
540 2845 692 2890 Erasmus.
716 2847 832 2876 loannes
847 2841 1005 2875 Calvinus,
1019 2849 1084 2871 non

332 2900 430 2933 dicam
445 2910 515 2932 cum
534 2894 715 2932 stomacho,
739 2892 787 2926 sed
799 2902 919 2927 tamen,
944 2899 977 2923 ut
991 2886 1082 2922 solet,

332 2948 416 2982 valde
429 2948 556 2994 graviter
568 2958 634 2979 eam
647 2943 761 2988 rejicit,
788 2941 832 2974 ob
846 2940 924 2972 hanc
938 2947 1083 2985 praetera-

334 2997 385 3031 lias
399 2997 600 3045 gravissimam
626 2994 795 3032 rationem;
821 2988 931 3023 scilicet
951 2998 1004 3034 per
1017 2996 1084 3019 eam

337 3047 454 3080 excludi
467 3045 626 3079 Christum
644 3043 660 3077 a
679 3042 771 3087 stirpe
785 3044 816 3075 &
830 3036 1012 3072 succeffione
1031 3037 1084 3067 So-

338 3096 470 3133 lomonis,
495 3095 698 3140 omniumque
716 3091 846 3138 Regum
857 3087 945 3136 Judae.
986 3083 1086 3135 QOd

338 3154 481 3190 regerunt
495 3148 640 3176 Gomarus
653 3146 684 3176 &
696 3139 890 3190 Spanhemius
901 3162 909 3174 ‚
924 3137 1086 3170 Calvinum

339 3191 426 3228 fateri
439 3193 602 3227 extinctam
614 3190 887 3225 Solomonislineam
900 3188 931 3223 in
943 3181 1086 3223 Abanti>

1020 91 1464 132 HISTonxcx

1080 175 1146 197 non
1157 159 1230 195 facit
1243 160 1281 194 ad
1292 171 1359 193 rem
1366 154 1560 206 praesentem3
1575 166 1645 188 nam
1653 154 1684 189 id
1692 152 1835 201 quodliic

1081 212 1192 260 premit
1205 211 1351 244 Calvinus
1361 232 1370 247 ,
1396 219 1465 240 non
1478 204 1523 239 est
1535 204 1676 238 naturalis
1689 200 1739 237 sed
1752 204 1836 251 lega-

1081 265 1116 297 lis
1130 260 1275 296 successio
1290 256 1409 292 Christi
1423 253 1565 302 Regibus
1585 252 1677 291 luda,
1701 253 1750 286 cui
1768 251 1837 286 nul-

1082 314 1126 347 lus
1145 312 1278 346 omnino
1298 306 1479 353 relinquitur
1493 305 1597 341 locus,
1616 299 1761 347 siMaria
1784 314 1839 349 per

1084 365 1176 396 Lucae
1191 361 1302 393 lineam
1317 358 1358 391 ita
1371 354 1516 390 referatur
1529 352 1566 386 ad
1583 350 1759 386 Nathanem
1772 375 1782 390 ‚
1807 361 1840 385 ut

1086 411 1206 444 nullum
1218 408 1362 441 habuerit
1376 409 1421 450 jus
1436 405 1468 438 in
1483 401 1591 451 Iofi’phz‘
1604 398 1775 445 majoribus
1787 411 1842 432 na-

1088 457 1252 496 turalibus,
1267 456 1409 503 Regibus
1423 453 1496 487 lndae
1508 454 1524 486 a
1536 448 1687 485 Matthaeo
1701 449 1845 483 nomina-

1088 509 1125 542 tis
1141 531 1150 546 ‚
1178 506 1319 552 adeoque
1338 517 1395 538 nec
1415 501 1557 537 Christus
1572 500 1714 534 habuerit
1728 510 1846 546 partem

1090 556 1149 591 ulla
1161 556 1228 603 lege
1241 556 1273 588 in
1285 553 1425 587 Throno
1439 550 1592 590 Davidiss
1606 560 1656 583 aut
1669 548 1787 595 sceptro
1796 549 1849 579 Iu-

1090 606 1137 640 dae.
1166 604 1265 653 Qod
1274 601 1521 650 licetSpalatenfis
1528 597 1670 637 affirmet,
1683 608 1785 632 tamen
1795 609 1850 643 pe-

1092 655 1130 690 ne
1144 667 1254 688 omnes
1267 664 1330 687 tam
1352 649 1511 687 Pontifieii
1531 661 1623 695 quam
1641 644 1849 682 Protestantes

1091 715 1219 753 negant,
1246 701 1431 737 affirmantes
1450 698 1549 732 Shiloh
1563 695 1668 745 Jesum
1688 693 1850 731 Christum

1092 767 1146 802 per
1160 755 1306 787 Mariam
1318 761 1448 786 matrem
1460 774 1469 789 ,
1499 761 1564 782 non
1576 746 1696 781 tantum
1710 744 1851 778 ‘Davidtjs

1093 804 1191 838 filium
1205 801 1369 836 secundum
1383 810 1506 835 carnem
1519 821 1529 837 ,
1556 796 1606 830 sed
1617 797 1708 831 ctiam
1721 795 1850 827 Solomo-

1094 854 1138 937 rigis
1150 876 1159 890 ,
1185 853 1374 899 Regumque
1397 849 1471 883 luda
1492 849 1558 892 jure
1577 846 1718 894 legitimo
1737 841 1850 878 succes-

1107 915 1205 938 orem.

1097 1064 1183 1087 mnes
1196 1052 1346 1097 conjuges
1355 1046 1419 1081 sunt
1428 1059 1486 1080 una
1496 1057 1584 1084 cam,
1597 1043 1737 1090 adeoque
1746 1053 1852 1090 parens

1099 1103 1185 1136 unius
1201 1101 1287 1135 recte
1299 1099 1359 1133 dici
1376 1094 1477 1145 potest
1490 1106 1595 1143 parens
1608 1093 1747 1133 alterius,
1763 1096 1792 1127 &
1801 1102 1853 1139 per

1099 1149 1290 1198 consequens
1305 1159 1388 1195 pater
1409 1148 1521 1180 Adariae
1541 1143 1627 1178 τεᾶὲ
1642 1142 1752 1176 dicitur
1771 1152 1855 1189 pater

1101 1200 1220 1250 Jofiephi.
1247 1198 1339 1245 Resp.
1362 1197 1524 1231 Galatinus
1537 1194 1567 1227 in
1583 1193 1638 1226 illo
1651 1204 1716 1240 cap.
1729 1204 1773 1226 12.
1785 1188 1856 1225 libri

1101 1250 1143 1285 sui
1157 1249 1274 1297 septimi
1289 1259 1337 1281 tot
1351 1245 1436 1281 affert
1449 1246 1565 1291 ineptas
1581 1240 1695 1276 fabulas
1710 1256 1745 1276 ex
1761 1239 1857 1285 ‘Rab-

1101 1300 1177 1334 bonu
1192 1296 1367 1332 Haccadosh
1381 1299 1411 1331 δε
1427 1294 1525 1329 Καίώί
1543 1295 1681 1326 Haccaas
1699 1289 1857 1338 scriptori-

1101 1352 1158 1385 bus
1172 1350 1258 1397 plane
1268 1345 1462 1394 supposititiis
1476 1341 1672 1390 (quodrecte
1684 1353 1771 1375 notat
1779 1337 1859 1384 Cau-

1094 1400 1245 1446 fizbonus)
1264 1408 1296 1431 ut
1308 1398 1339 1430 in
1353 1395 1415 1429 hoc
1428 1392 1568 1436 subjoem
1581 1402 1708 1424 omnem
1718 1389 1860 1437 perdide-

1103 1452 1141 1485 rit
1154 1449 1378 1484 au&oritatem.
1394 1443 1494 1487 Quod
1501 1441 1538 1474 ad
1550 1450 1779 1486 argumentum,
1794 1450 1860 1472 non

1103 1500 1254 1547 sequitur,
1269 1495 1340 1542 quia
1352 1490 1512 1541 generdici
1525 1487 1627 1535 potest
1639 1488 1744 1534 aliquo
1751 1488 1860 1524 modo,

1104 1554 1135 1585 ὅ(
1148 1547 1314 1595 aliquando
1328 1543 1436 1577 dicitur
1450 1539 1546 1574 soceri
1559 1537 1638 1571 filius
1650 1561 1657 1573 ‚
1680 1537 1752 1570 ideo
1768 1538 1861 1571 Lucae

1106 1613 1130 1646 3.
1145 1611 1184 1644 23.
1201 1598 1241 1631 ita
1253 1607 1319 1629 rem
1333 1591 1392 1626 sese
1404 1590 1536 1629 habere3
1556 1587 1572 1622 a
1585 1585 1669 1634 posse
1682 1586 1720 1620 ad
1731 1585 1800 1623 effe,
1813 1586 1862 1620 in-

1108 1648 1215 1698 primis
1228 1645 1279 1680 hic
1292 1648 1324 1679 &
1337 1654 1419 1677 nunc
1431 1666 1440 1678 ‚
1464 1639 1546 1674 nulla
1564 1636 1609 1673 est
1621 1634 1860 1684 consequentia:

1107 1697 1241 1734 maxime
1253 1694 1324 1730 cum
1337 1689 1464 1740 sequelae
1482 1687 1718 1724 fundamentum
1737 1686 1864 1720 eviden-

1107 1761 1153 1784 ter
1160 1747 1204 1782 est
1211 1744 1371 1781 sublatum.
1388 1739 1484 1776 Certe
1490 1739 1541 1774 hic
1549 1739 1698 1785 conjuges
1705 1747 1862 1783 nunquam

1109 1798 1231 1834 fuerunt
1242 1808 1300 1830 una
1313 1805 1403 1833 care,
1417 1789 1559 1838 exceptio
1571 1787 1622 1821 hic
1635 1785 1679 1821 est
1690 1785 1706 1821 a
1719 1796 1865 1820 commu-

1109 1851 1139 1883 ni
1153 1846 1272 1897 regula:
1284 1846 1354 1879 licet
1367 1842 1451 1877 enim
1465 1851 1560 1874 omne
1572 1836 1805 1871 matrimonium
1819 1834 1866 1868 in-

1109 1899 1248 1934 stitutum
1260 1893 1362 1933 fuerit,
1371 1902 1405 1926 ut
1421 1892 1570 1937 conjuges
1584 1886 1642 1920 smt
1655 1898 1713 1919 una
1726 1896 1810 1922 caro,
1823 1893 1868 1917 ta-

1110 1962 1182 1984 men
1195 1942 1333 1996 expresse
1345 1945 1376 1977 in
1389 1941 1539 1987 conjugio
1560 1939 1673 1970 ,Mcmae
1688 1938 1719 1969 &
1735 1932 1865 1981 Josbphi,

1110 2013 1146 2034 ex
1169 1995 1321 2045 suppremi
1338 1990 1519 2041 legislatoris
1537 1986 1681 2022 arbitrio,
1704 1984 1789 2018 aliter
1808 1980 1868 2018 fuit

1110 2048 1297 2084 ordinatum.

1164 2096 1304 2133 Secunda
1322 2091 1495 2141 Spanhemii
1513 2100 1549 2122 ex
1567 2083 1715 2120 Galatino
1729 2079 1807 2114 ratio
1820 2077 1864 2112 est

1113 2148 1199 2183 Gen.
1212 2161 1260 2194 37.
1276 2158 1318 2191 35.
1330 2141 1433 2191 Jacobt'
1444 2150 1536 2173 nurus
1548 2136 1688 2170 dicuntur
1700 2131 1764 2173 ejus
1777 2127 1845 2162 filiae
1853 2152 1864 2168 ,

1114 2199 1186 2232 alias
1199 2194 1320 2230 Iacobus
1335 2203 1425 2224 unam
1440 2185 1557 2222 tantum
1571 2180 1677 2216 habuit
1690 2178 1785 2212 filiam
1800 2179 1867 2210 {Di-

1114 2257 1186 2277 nam
1195 2267 1205 2282 ,
1218 2245 1306 2287 Ergo
1320 2237 1448 2284 Jofiphus
1465 2236 1508 2268 gli
1525 2243 1618 2279 gener
1630 2230 1690 2263 dici
1703 2226 1807 2275 potest
1826 2227 1869 2260 8Ιί

1114 2291 1206 2326 filius.
1231 2287 1325 2334 Resp.
1345 2286 1426 2319 nulla
1441 2281 1597 2317 neceffitas
1614 2278 1659 2312 est
1672 2275 1867 2323 consequen-

1114 2341 1163 2374 tiae
1175 2364 1185 2379 ‚
1211 2348 1244 2372 ut
1256 2340 1315 2381 jam
1331 2334 1448 2368 dietum
1467 2355 1475 2367 ‚
1501 2328 1556 2364 nisi
1573 2328 1612 2362 ab
1625 2340 1665 2361 eo
1680 2326 1767 2374 quod
1779 2323 1871 2360 semel

1116 2399 1167 2423 aut
1181 2389 1292 2422 iterum
1308 2382 1424 2418 factum
1440 2379 1484 2416 est
1500 2404 1509 2417 ,
1535 2377 1698 2413 concludas
1711 2375 1794 2409 idem
1806 2386 1871 2408 non

1119 2438 1239 2473 tantum
1257 2435 1324 2470 fieri
1339 2431 1424 2481 poffe
1437 2455 1446 2470 ‚
1470 2429 1519 2464 sed
1533 2427 1649 2475 semper
1661 2431 1691 2461 &
1706 2423 1870 2459 necessario

1117 2488 1195 2523 fieri.
1226 2483 1373 2522 Praeterexi
1387 2479 1569 2516 antecedens
1587 2477 1690 2524 negari
1704 2475 1789 2521 posse
1808 2476 1869 2506 Go-

1117 2550 1220 2572 marus
1233 2533 1394 2573 concedit;
1407 2531 1478 2579 quia
1490 2527 1588 2563 Iacobi
1600 2526 1668 2560 filiae
1680 2524 1765 2559 ῐεᾶὲ
1774 2535 1871 2568 expo-

1118 2590 1148 2622 ni
1162 2585 1286 2635 possunt
1297 2595 1360 2618 tam
1372 2582 1409 2616 de
1423 2583 1487 2625 ejus
1504 2575 1648 2625 neptibus
1662 2573 1782 2609 filiabus
1795 2570 1871 2606 scili-

1116 2649 1165 2673 cet
1177 2636 1328 2670 filiorum,
1344 2643 1436 2680 quam
1448 2628 1589 2664 nuribus,

1163 2685 1308 2720 Tertium
1321 2689 1536 2729 argumentum
1544 2675 1587 2712 cst
1600 2688 1640 2709 ex
1653 2673 1757 2722 primo
1773 2669 1870 2708 Ruth,

1116 2736 1170 2770 ubi
1189 2736 1304 2770 Naomi
1323 2742 1415 2765 nurus
1430 2729 1573 2763 dicuntur
1586 2728 1650 2769 ejus
1664 2722 1740 2757 filiae.
1775 2718 1867 2764 Resp.

1117 2784 1242 2819 Eodem
1257 2782 1354 2830 capite
1367 2779 1428 2815 istae
1444 2779 1586 2813 dicuntur
1597 2786 1661 2809 non
1676 2771 1790 2805 Naomt'
1802 2767 1871 2801 filiae

1118 2834 1306 2882 simpliciter,
1327 2829 1376 2866 sed
1395 2831 1487 2864 etiam
1498 2838 1544 2861 ter
1558 2834 1670 2858 nurus,
1693 2820 1733 2853 ita
1747 2817 1767 2851 si
1782 2816 1809 2851 se
1823 2829 1870 2850 res

1116 2885 1244 2918 haberet
1256 2884 1287 2916 in
1300 2883 1385 2915 Luca
1394 2904 1403 2919 ‚
1414 2876 1557 2913 confecta
1569 2885 1616 2906 res
1629 2868 1717 2908 essct,
1731 2867 1751 2901 fi
1766 2867 1814 2901 vel
1826 2867 1870 2900 ibi

1115 2933 1161 2968 vel
1175 2932 1261 2965 ullibi
1273 2932 1305 2963 in
1317 2928 1478 2975 Scripturis
1485 2922 1613 2971 losephm
1625 2919 1725 2953 dietus
1738 2915 1810 2951 esset
1818 2928 1872 2963 ge-

1117 2993 1170 3016 ner
1184 2981 1236 3015 eli.
1261 2980 1490 3025 Argumentum
1511 2970 1684 3020 praecedens
1707 2965 1871 3000 confirmat

1119 3036 1265 3066 Gomarus
1282 3041 1317 3062 ex
1332 3026 1434 3074 primo
1449 3022 1588 3069 Estherae,
1608 3018 1662 3053 ubi
1680 3015 1783 3060 Esther
1796 3015 1872 3048 dici-

1118 3093 1167 3117 tur
1179 3076 1362 3114 Mardocha·
1383 3074 1453 3109 filia.
1475 3069 1570 3118 Resp.
1585 3066 1870 3112 Confirmationem

1117 3132 1195 3165 hanc
1209 3127 1371 3177 prudenter
1387 3123 1520 3171 neglexit
1531 3118 1739 3153 spanhemius,
1754 3126 1824 3148 nam
1838 3113 1869 3145 in

1118 3189 1266 3229 promptu
1281 3186 1343 3212 etat
1356 3154 1556 3223 respondere:
1568 3168 1689 3204 ibidem
1702 3160 1869 3245 exprefisum

1738 3224 1793 3247 mo
1817 3222 1868 3247 um

1143 950 1315 1002 Spanhemii
1326 948 1404 983 ratio
1411 947 1520 995 prima,
1533 957 1591 992 pro
1600 944 1696 991 priori
1709 943 1762 978 suo
1777 955 1848 977 mo-
1865 949 1896 973 Et
1905 942 1997 972 ratio&

1096 1003 1139 1038 do
1152 1015 1188 1037 ex
1208 1000 1374 1035 Calatino,
1397 1007 1430 1031 ut
1443 994 1621 1044 profitetur,
1641 992 1707 1027 haec
1722 993 1773 1027 est.
1800 993 1850 1027 Ο-
1867 985 1996 1014 calatino.

1932 1034 1952 1052 1.

1902 2080 1963 2105 Item
1971 2085 1993 2102 2.
