2048 3343
30 2396 112 2426 Etiam
119 2395 146 2423 in

29 2437 145 2465 decimum

29 2479 137 2508 tertium.

460 139 541 167 ετ
602 131 1270 169 Cnitouotocrcr

1328 128 1387 167 Lr
1405 141 1442 170 B.
1469 130 1499 170 1.
1653 134 1731 180 249

177 201 259 237 Petri
271 212 375 250 preces
385 200 424 237 de
444 204 533 238 coelo
553 204 765 251 praecipitatus
784 201 925 240 dicitur,
945 206 951 237 l
976 211 1021 235 tra
1045 200 1134 237 hunc
1162 202 1262 236 etiarn
1284 205 1563 240 commentarium
1585 203 1730 255 disputa-

176 253 264 286 nulla
279 251 407 286 istarum
420 253 580 287 visionum
594 253 695 287 loanni
704 250 767 286 fuit
778 252 927 285 revelata:

176 299 246 334 imo
266 302 298 334 in
317 304 454 335 Patmon
476 302 611 336 insulam
633 305 754 335 loannes
777 311 847 333 non
862 309 927 333 erat

175 350 331 396 relegatus
352 362 427 384 ante
453 349 623 384 Domitiani
656 350 844 391 decimum;
873 349 928 383 diu

175 399 247 446 post
262 411 326 434 tam
340 402 419 432 Pem
429 396 524 446 quam
536 399 657 432 Simonis
670 397 762 445 Magi
773 409 928 438 mortem,

175 447 198 481 si
211 449 259 482 vel
270 450 432 494 antiquis,
451 447 501 482 vel
514 449 751 483 vrecentioribus
769 447 929 482 Christia-

177 510 295 532 norum
316 509 502 545 temporum
524 498 657 533 testibus
682 499 746 532 ulla
770 497 848 533 fides
875 497 930 532 ha-

183 547 306 581 beatur.

225 595 340 631 Sexto.
366 597 508 631 Exilium
521 594 783 631 Christianorum
796 594 866 643 post
883 594 930 628 Si·

176 649 265 679 monis
284 658 423 681 mortem
441 647 565 681 Neronis
590 645 789 680 duodecimo
811 645 850 679 ad
866 655 932 677 ttes

177 708 282 730 annos
301 700 332 730 δέ
350 697 521 730 dimidium
549 699 648 730 Sacrae
675 696 812 729 historiae
837 706 933 740 repu—

176 757 265 793 gnat.
288 747 375 781 Nam
389 759 475 780 anno
488 747 613 779 Neronis
630 744 868 778 duodecimum
881 745 933 776 in-

176 794 323 842 sequenti
344 794 427 830 fasta
448 795 521 829 sunt
547 794 633 829 bella
653 796 762 829 civilia
783 791 930 830 Othonis,

179 842 284 880 Galba,
301 847 333 877 δι
345 844 459 879 Vitellis
471 870 478 881 ‚
505 844 636 892 quando
649 856 757 890 pacem
771 842 931 877 Christia-

176 894 228 927 nis
238 892 413 928 restitutam
429 893 492 941 ipse
504 893 615 926 Grotius
627 891 776 933 affirmat,
789 905 861 926 vera
876 904 932 925 au-

176 953 243 976 tem
256 943 515 977 Christianorum
529 942 703 988 persecutio
716 967 726 983 ‚
752 953 823 989 quae
833 944 933 975 Nero-

177 994 220 1025 nis
231 991 359 1026 decimo
370 992 503 1031 accidit,
529 992 608 1026 dum
626 990 786 1026 incensae&
803 987 832 1024 se
843 990 932 1024 urbis

170 1044 300 1075 'crimen
313 1043 345 1076 in
361 1041 564 1076 Christianos
580 1041 719 1076 derivare
738 1041 810 1074 vult
826 1063 835 1076 ‚
863 1051 932 1074 non

178 1090 303 1125 duravit
317 1092 396 1125 ultra
407 1103 528 1125 annum
542 1103 665 1129 unum‚-
690 1093 761 1135 ejus
771 1091 859 1124 enim
873 1101 932 1122 un-

178 1140 306 1175 decimo
336 1140 438 1174 Paulus
457 1139 570 1174 libere*
594 1139 787 1186 praedicabat
815 1138 934 1171 Romae'

178 1190 416 1237 Euangelium,
441 1188 685 1223 utduodecimo
702 1198 877 1223 coronatus
888 1185 932 1221 est

179 1240 349 1286 martyrio.

223 1286 383 1334 Septimo.
410 1288 555 1334 Angelos
565 1299 640 1321 cum
650 1289 803 1321 Dracone
812 1286 933 1331 ejectos

174 1337 262 1370 coelo
275 1338 379 1371 voluit
400 1335 573 1371 haereticos
591 1337 716 1370 Simonis
735 1336 910 1383 discipulos
923 1359 932 1373 ‚

172 1388 229 1433 qui
260 1385 419 1433 Magistro
446 1398 581 1435 mortuo
607 1399 645 1420 ex
673 1385 815 1420 Ecclesia
840 1386 931 1426 ejecit}

171 1435 259 1470 sunt.
291 1435 389 1471 Certe
418 1436 487 1482 post
514 1438 639 1470 Simonis
662 1448 804 1470 mortem
828 1433 933 1479 plusa

173 1485 346 1520 Gnosticis
365 1485 504 1519 Ecclesia
525 1496 640 1519 vexata
657 1485 701 1520 est
727 1483 843 1531 (stipsi
862 1487 932 1518 Ha-

174 1534 277 1569 muido
290 1535 472 1576 credimus)
501 1534 602 1582 quam
616 1546 689 1569 ante
706 1535 831 1568 Simonis
842 1545 933 1567 mor-

175 1596 243 1618 tem
256 1610 265 1621 ‚
282 1584 416 1632 quando
437 1584 661 1626 (siSamariam
673 1583 843 1630 excipias)
860 1584 934 1617 reli-

177 1647 241 1682 qua
256 1633 392 1668 Ecclesia
404 1633 422 1666 a
434 1633 557 1667 Simonis
572 1638 605 1668 &
617 1633 858 1669 Gnosticorum
869 1630 933 1667 hae-

178 1684 233 1718 resi
248 1682 314 1717 fere
325 1684 443 1717 intacta
453 1683 631 1729 permansit.

225 1735 379 1779 Denique
394 1731 526 1770 octavo,
538 1733 608 1780 post
620 1732 785 1778 dejectum
806 1733 935 1766 Draco-

178 1795 255 1817 nem
275 1784 312 1816 dc
329 1783 414 1816 toelo
437 1795 554 1829 magna
577 1781 641 1816 fuit
663 1782 810 1817 Ecclefiae
826 1794 885 1828 pax
902 1785 934 1816 &

177 1831 376 1877 triumphus,
386 1832 564 1879 ingensque
575 1833 683 1879 Regni
694 1831 814 1866 Christi
828 1834 933 1866 incre-

177 1892 350 1920 mentum3
367 1893 396 1915 at
409 1880 484 1915 vero
497 1883 656 1915 contraria
667 1883 780 1915 omnia
794 1883 805 1925 (
817 1883 864 1915 vel
876 1881 934 1915 ad-

177 1929 319 1964 versariis
330 1930 485 1973 testibus)
505 1934 619 1964 Sanane
631 1931 778 1978 precibus
795 1931 874 1965 Petri
885 1931 935 1966 vi-

178 1980 232 2013 ἃο
244 1992 472 2027 apparuerunt.
498 1982 583 2015 Nam
597 1981 774 2015 secundum
785 1993 857 2021 eos,
869 1984 935 2015 Ne-

181 2029 257 2062 ronis
267 2029 507 2064 duodecimoin
524 2030 699 2064 vindi&am
717 2031 861 2067 Simonis,
887 2033 937 2065 A-

181 2078 388 2126 postolorum
412 2081 576 2126 principes
606 2083 709 2114 Petrus
736 2084 768 2115 ὅ(
790 2079 897 2114 Paulus
922 2078 939 2114 Ξι

181 2131 305 2162 Nerone
316 2138 422 2162 morte
435 2130 583 2163 mulffiimi
594 2154 604 2169 ‚
621 2133 655 2164 &
666 2129 803 2164 Ecclesia
816 2131 938 2178 ingenti

181 2177 405 2225 persecutione
419 2177 563 2225 dissipata
575 2203 584 2218 ,
602 2192 672 2226 quae
683 2179 851 2213 tribulatio
864 2181 940 2213 licet

181 2239 267 2260 anno
285 2227 427 2276 sequenti
441 2238 557 2262 necato
574 2231 694 2261 Nerone
715 2227 868 2262 refrixisse
888 2230 935 2262 vi-

182 2276 292 2310 deatur
303 2301 312 2317 ‚
324 2289 432 2311 tamen
444 2279 553 2323 paucis
565 2276 638 2325 post
653 2279 746 2313 annis
758 2288 939 2326 imperante

186 2326 356 2358 Domitiano
370 2325 533 2360 referbuit-

234 2374 335 2412 Quod
356 2375 394 2408 ad
416 2385 510 2419 caput
535 2386 593 2418 13.
620 2372 831 2422 quadraginta
856 2375 938 2409 duos

187 2420 310 2455 menses
319 2423 571 2468 interpretantur
581 2422 619 2456 de
631 2423 736 2457 tribus
745 2426 835 2458 annis
846 2427 880 2458 &
892 2424 939 2458 di-

186 2472 289 2504 midio
300 2469 528 2518 persecutionis
538 2471 721 2511 Domitiani,
734 2474 940 2521 prioremque

185 2519 316 2555 bestiam
329 2545 338 2559 ‚
362 2524 454 2565 eujus
467 2532 567 2554 unum
589 2531 686 2568 caput
700 2533 766 2555 erat
787 2524 940 2555 vulnera-

185 2581 255 2604 tum
277 2570 436 2604 lethaliter
461 2574 495 2605 δε
514 2569 619 2617 postea
633 2569 778 2604 sanatum
793 2595 802 2610 ,
822 2572 941 2605 intelli-

184 2631 267 2667 gunt
305 2621 494 2654 Romanam
529 2620 750 2654 Idololatriam
784 2620 942 2655 incendio

184 2670 297 2715 templi
311 2672 339 2702 lo
346 2672 387 2703 vis
399 2668 554 2716 Capitoltni
563 2667 701 2703 multum
714 2668 940 2704 labefactatam

184 2717 237 2752 sed
256 2718 482 2757 restauratam,
507 2730 582 2752 cum
604 2720 636 2752 id
655 2719 814 2766 templum
835 2719 941 2754 Domi-

185 2768 281 2801 tianus
295 2771 326 2802 in
341 2770 512 2816 Capitolio
526 2766 751 2805 reaedificfiffet,
781 2767 943 2803 Posterio-

187 2830 252 2851 rem
270 2817 403 2852 bestiam
424 2818 542 2851 volunt
556 2817 761 2864 eApoHonium
775 2818 923 2860 Tyaneum
935 2841 944 2857 ,

187 2868 241 2909 qui
254 2866 303 2900 sua
315 2866 424 2914 Magi&
434 2869 604 2902 Romanos
617 2868 648 2900 in
661 2865 845 2901 Idololatria
863 2879 944 2901 con-

191 2913 346 2952 firmavit,
358 2918 455 2964 iisque
466 2919 644 2965 imaginem
659 2914 734 2950 fecit
744 2928 812 2963 quae
822 2916 944 2963 loquu-

194 2964 449 3001 taest,umbram
462 2969 548 3001 enim
563 2963 691 3001 Achillis
702 2966 831 3000 adduxit
844 2966 877 2999 in
890 2964 943 2999 su—

195 3015 296 3059 perias
311 3028 381 3049 oras
390 3041 400 3055 ,
426 3020 456 3050 &
466 3015 572 3050 effecit
583 3029 658 3050 cum
669 3015 863 3050 mortalibus
875 3016 944 3049 col-

194 3063 298 3109 loqui.
321 3063 416 3111 Resp.
441 3067 566 3099 Deliria
583 3067 648 3100 haec
660 3079 728 3100 non
745 3076 879 3113 egerent
898 3077 945 3098 re-

193 3111 355 3146 futatione
379 3138 389 3153 ‚
431 3114 488 3148 nisi
520 3127 636 3161 magna
670 3117 838 3149 auctorum
876 3127 946 3148 eru-

196 3162 279 3195 ditio
292 3165 323 3196 &
343 3163 504 3196 novitatis
515 3164 651 3197 illicium
666 3165 840 3211 prurientia
860 3176 947 3212 quo-

199 3210 335 3262 rundam
348 3212 477 3261 ingenia
489 3210 683 3262 inescareut:
711 3214 752 3251 fic
772 3226 850 3263 ergo
870 3226 951 3252 con·

975 262 1058 284 mus.

1024 298 1147 334 Primo.
1174 300 1206 334 Si
1224 298 1353 333 duratio
1370 298 1480 335 Bestiae
1497 312 1587 338 notet
1597 313 1728 352 tempus

974 347 1200 393 persecutionis
1219 348 1408 385 Domitiani,
1441 360 1512 384 tum
1545 354 1731 389 Domitianus

975 394 1036 430 fuit
1048 396 1105 430 issa
1115 397 1218 431 Bestia
1229 423 1237 436 ,
1249 397 1302 432 sed
1314 398 1362 432 isti
1377 399 1498 434 nolum:
1512 402 1734 446 Domitianum,

977 457 1031 480 aut
1051 446 1135 480 ullos
1152 443 1233 481 alios'
1253 449 1468 494 Imperatores
1492 447 1583 484 fuiffe
1602 453 1732 488 Bestias.

976 498 1129 530 Premunt
1144 496 1233 530 enim
1249 496 1436 532 Romanam
1457 498 1679 535 Idololatriam
1698 503 1733 537 in

976 544 1133 579 abstraeto
1145 571 1155 587 ,
1179 546 1308 580 nullum
1321 547 1515 582 Romanum
1532 550 1566 584 in
1579 562 1736 586 concreto

978 593 1065 629 fuiffc
1078 594 1223 629 bestiam.

1027 643 1192 678 Secundo.
1220 645 1323 680 Bestia
1342 644 1481 680 secunda
1499 645 1572 693 ipsis
1590 647 1635 683 est
1658 662 1732 696 per.
1780 652 1782 655 ’
1812 669 1821 679 0

979 691 1077 734 sona3
1110 693 1295 741 eApoffonius
1314 694 1436 730 scilicet
1452 697 1585 740 Tyaneus
1602 711 1610 732 :
1639 701 1729 745 prior

977 756 1055 790 ergo
1074 744 1173 777 etiam
1194 746 1253 778 erit
1265 743 1397 792 persona
1409 768 1418 783 ‚
1436 758 1505 793 quae
1517 757 1590 780 toto
1602 747 1665 783 hoc
1677 761 1730 782 ca-

979 795 1045 839 pite
1062 792 1102 826 ab
1121 793 1286 840 Apostolo
1304 792 1361 829 sub
1379 794 1494 829 habitu
1516 794 1654 844 personae
1675 798 1733 833 de-

981 841 1141 876 scribitur.

1030 889 1161 924 Tertio.
1187 891 1357 930 Domitiani
1372 892 1554 939 persecutio
1573 907 1642 930 non
1655 904 1734 943 pot-

979 939 1024 974 est
1038 939 1181 986 restringi
1192 940 1230 974 ad
1239 950 1301 974 tres
1312 954 1416 975 annos
1426 946 1456 976 3<
1468 944 1657 984 dimidium3
1667 944 1736 980 esto

979 990 1068 1022 enim
1087 988 1227 1022 finiverit
1240 1013 1251 1029 ,
1267 1001 1303 1024 ut
1315 990 1454 1030 volunt,
1475 993 1509 1026 in
1527 997 1595 1036 ejus
1608 1004 1714 1028 morte
1725 1019 1736 1036 ‚

979 1050 1066 1072 anno
1085 1036 1206 1073 scilicet
1217 1042 1287 1083 ejus
1298 1039 1427 1073 decimo
1446 1038 1532 1074 sexto
1552 1054 1561 1074 ·.
1591 1041 1677 1076 certe
1689 1054 1738 1077 ta-

980 1100 1055 1122 men
1067 1100 1135 1122 non
1144 1089 1339 1134 incepitejus
1350 1089 1646 1130 decimotertio‚sed
1657 1103 1739 1138 qua·
1776 1117 1779 1121 >

979 1136 1132 1172 driennio
1144 1137 1314 1178 maturius,
1325 1151 1414 1173 nono
1427 1138 1548 1173 scilicet
1560 1142 1628 1184 ejus
1638 1151 1738 1177 anno,

979 1187 1111 1233 quando
1123 1189 1262 1221 Ioannem
1273 1187 1472 1234 Apostolum
1486 1190 1518 1222 in
1533 1201 1586 1223 vas
1595 1186 1739 1223 ferventi

979 1237 1053 1270 oleo
1065 1238 1196 1282 plenum
1211 1237 1484 1278 Romaeimmisit‚
1502 1242 1534 1273 δι
1547 1238 1592 1272 ibi
1603 1237 1739 1273 illaesum

979 1287 1013 1319 in
1042 1284 1182 1319 Insulam
1207 1290 1348 1321 Patmon
1371 1287 1534 1336 ablegavit
1549 1311 1559 1327 ,
1586 1285 1741 1336 annoque

979 1334 1182 1369 duodecimo
1214 1339 1361 1384 Antipam
1394 1339 1562 1385 Pergami,
1590 1340 1740 1388 Ignatmm

980 1384 1168 1419 Antiochiae
1180 1410 1190 1425 ‚
1218 1384 1332 1420 Cletum
1354 1387 1472 1421 Romae
1490 1386 1631 1435 insignes
1647 1387 1740 1421 Mar-

980 1446 1064 1482 tyres
1077 1436 1215 1469 necavit.

1029 1484 1170 1530 Qarto.
1196 1482 1284 1518 Male
1302 1483 1510 1533 distinguitur
1529 1484 1633 1521 Bestia
1649 1485 1737 1528 haec,

979 1533 1108 1581 ejusque
1119 1532 1356 1581 persecutionis
1382 1545 1515 1582 ternpus
1538 1533 1555 1568 ὲ
1575 1537 1738 1581 prioribus

980 1583 1091 1617 Bestiis
1106 1608 1115 1624 ,
1137 1584 1276 1630 Imperio
1298 1584 1457 1618 Romano
1476 1583 1686 1619 Idololatrico
1707 1589 1741 1620 &

980 1631 1179 1667 Pontificio:
1202 1645 1277 1667 cum
1290 1633 1410 1667 eaedem
1422 1632 1600 1668 Bestiarum
1610 1632 1739 1669 illarum

982 1694 1086 1730 partes
1098 1687 1129 1717 δε
1139 1682 1256 1716 eadem
1270 1684 1400 1716 triennii
1419 1695 1455 1717 ac
1466 1682 1598 1718 semiffls
1609 1684 1739 1720 duratio

982 1743 1186 1767 memoretur
1200 1731 1240 1766 ab
1255 1732 1432 1779 Apostolo-

1030 1781 1175 1828 Quinto.
1207 1781 1310 1816 Bestia
1329 1780 1395 1817 haec
1417 1795 1477 1832 prae
1494 1781 1740 1825 omnibusualiis

982 1844 1116 1867 notatur
1136 1831 1337 1866 crudelitatis
1357 1836 1388 1866 &
1410 1831 1640 1878 blasphemiae3
1667 1834 1742 1865 Do-

981 1882 1117 1915 mitianus
1132 1892 1240 1915 autem
1258 1881 1314 1916 etsi
1334 1882 1426 1915 valde
1442 1881 1581 1915 crudelis
1598 1886 1629 1916 &
1649 1880 1742 1916 valde

983 1931 1190 1978 blasphemus
1202 1929 1298 1965 fuerit
1309 1943 1316 1963 :
1340 1930 1446 1965 nihilo
1457 1941 1569 1965 tamen
1581 1930 1743 1965 crudelior

983 1985 1013 2014 ὅ(
1026 1980 1351 2027 blasphemior,variis
1362 1991 1428 2014 tam
1441 1991 1514 2014 ante
1527 1979 1621 2028 quarn
1633 1979 1704 2028 post
1715 1979 1743 2014 se

984 2031 1146 2065 Romanis
1156 2029 1412 2076 Imperatotibus
1425 2028 1500 2063 fuit.

1032 2079 1144 2114 Sexte).
1164 2078 1269 2120 Quod
1279 2078 1470 2112 incendium
1484 2077 1640 2125 Capitolii
1653 2086 1742 2110 tem-

985 2142 1064 2177 pore
1080 2128 1248 2164 Domitiam
1264 2129 1373 2162 notari
1392 2129 1540 2162 velintin
1556 2126 1667 2162 lethali
1680 2126 1742 2160 be-

984 2179 1047 2213 stiae
1071 2180 1204 2213 vulnere
1230 2179 1406 2212 ridiculum
1425 2177 1469 2212 est
1489 2186 1743 2216 commentum,

984 2241 1060 2262 cum
1073 2227 1154 2261 nihil
1165 2228 1307 2261 omnino
1320 2227 1507 2261 detrimenti
1519 2225 1601 2274 passa
1619 2225 1657 2260 sit
1668 2225 1745 2258 Ro-

985 2289 1079 2310 mana
1092 2276 1277 2310 Idololatria
1288 2288 1325 2310 ex
1337 2275 1423 2311 istius
1435 2277 1532 2311 unius
1546 2275 1620 2311 aedis
1630 2276 1745 2309 incen-

984 2327 1059 2361 dio:
1085 2323 1162 2373 saepe
1177 2324 1272 2360 antea
1290 2329 1322 2360 δέ
1339 2325 1410 2373 post
1421 2326 1520 2360 etiam
1533 2325 1743 2372 Capitolium

985 2373 1218 2421 conflagravit,
1247 2379 1279 2409 &
1302 2375 1470 2409 [dolorum
1494 2375 1589 2408 variis
1621 2372 1744 2405 casibus

988 2425 1116 2459 incensa
1128 2423 1356 2470 sunttempla:
1375 2423 1672 2470 nuperimperante
1682 2421 1743 2454 Vi-

986 2473 1063 2508 tellio
1094 2473 1176 2508 Iovis
1207 2471 1368 2519 Capitolini
1396 2472 1558 2518 templum
1587 2469 1741 2504 incendio

989 2522 1145 2557 vastatum
1161 2532 1228 2556 erat
1239 2546 1248 2560 ‚
1264 2526 1296 2554 δε
1318 2521 1335 2554 a
1347 2523 1511 2566 Veffi‘fffi‘vw
1529 2517 1744 2566 magnificen-

988 2570 1052 2605 tius
1069 2569 1314 2609 reaedificatum‚
1340 2569 1424 2602 nihil
1441 2568 1516 2602 inde
1538 2580 1650 2603 tamen
1665 2568 1745 2603 Iovis

990 2621 1106 2660 cultui,
1118 2620 1167 2654 vel
1179 2617 1305 2653 accessit
1316 2619 1365 2652 vel
1376 2617 1518 2652 deceffit.

1037 2667 1196 2716 Septimo.
1231 2667 1336 2701 Bestia
1356 2668 1406 2701 illa
1432 2665 1569 2702 secunda
1592 2678 1660 2701 non
1678 2665 1742 2702 fuit

989 2718 1161 2765 Apollonius
1178 2718 1326 2760 Tyaneus,
1348 2718 1434 2751 illius
1452 2719 1540 2752 enim
1557 2714 1633 2750 falsa
1647 2718 1743 2752 mira-

989 2770 1060 2802 cula
1081 2768 1211 2816 sequuta
1227 2765 1301 2801 sunt
1317 2767 1433 2800 Ioannis
1463 2765 1680 2814 Apocalypsin
1708 2768 1742 2802 in

990 2816 1090 2851 insulfi
1102 2821 1216 2851 Patmo
1232 2830 1241 2849 :
1268 2816 1328 2850 Sed
1340 2830 1388 2852 res
1398 2816 1492 2865 gestae
1507 2815 1658 2862 Apollonii
1672 2816 1743 2862 ple-

991 2879 1094 2913 raeque
1104 2862 1344 2900 antecesserunt.
1372 2864 1544 2905 Praeterean
1558 2865 1744 2911 posterioris

991 2915 1099 2950 Bestiae
1119 2928 1198 2962 opus
1217 2916 1361 2950 &labor
1380 2914 1441 2950 fuit
1461 2916 1559 2962 priori
1570 2914 1674 2949 bestiae
1690 2916 1741 2949 in-

992 2964 1102 2999 servire
1111 2990 1121 3005 ‚
1139 2964 1327 3012 eApollonius
1338 2975 1444 3000 autern
1456 2966 1587 3009 Tyaneus
1596 2963 1692 3012 usque
1702 2965 1741 2999 ad

993 3027 1133 3048 mortem
1155 3013 1307 3061 professus
1334 3013 1397 3048 fuit
1428 3014 1526 3048 hostis
1553 3015 1743 3061 Imperatori

996 3066 1151 3097 Romano
1169 3065 1341 3097 Domitiano
1361 3089 1370 3103 ,
1398 3076 1504 3111 neque
1523 3063 1579 3111 ipsi
1598 3076 1741 3111 unquam

994 3126 1075 3148 curae
1087 3112 1148 3147 fuit
1161 3113 1313 3147 Romana
1327 3113 1510 3147 Idololatria
1521 3138 1530 3153 ,
1545 3113 1595 3148 sed
1612 3114 1693 3148 Solis
1709 3118 1742 3148 &

996 3161 1139 3209 syderum
1154 3163 1257 3195 cultui
1277 3162 1314 3196 ad
1329 3163 1464 3197 modum
1480 3164 1655 3211 Magorum
1669 3167 1742 3196 Pcr-

995 3213 1099 3249 sarum
1125 3211 1283 3250 studebat.
1320 3212 1450 3248 Umbra
1474 3225 1581 3250 autem
1615 3210 1743 3249 Achilli«

1371 3263 1404 3296 Ii
1648 3271 1746 3306 quam
