2048 3343
37 914 78 938 De
91 909 181 947 frusta

36 949 169 977 limberum

0 1003 1 1018 z
35 999 97 1024 esus.

113 1054 133 1080 3.

37 1952 189 1987 Damascem'

37 1993 125 2019 audax
141 2002 184 2019 no-

37 2034 120 2060 vatio.

462 150 538 176 ET

205 207 362 256 eiassignat
375 208 492 242 tantum
506 208 576 256 quia
586 208 664 242 filius
677 207 736 242 fuit
747 206 860 256 Iofi’phi.
874 207 962 253 Ergo

203 257 278 291 ficut
297 270 438 292 manente
459 260 632 302 omnejure
651 258 705 291 filii
718 257 837 303 legalis,
857 256 960 335 nefgari

201 306 305 353 potest
322 306 496 353 simpliciter
508 310 540 341 &
554 305 692 341 absolute
711 303 872 337 Christum
903 301 958 335 uis-

202 354 232 389 se
245 369 350 390 verum
367 355 472 403 lvftphi
484 355 600 393 filium,
624 355 664 387 ita
679 354 771 386 etiam
785 351 960 398 simpliciter

203 408 235 439 &
250 402 388 438 absolute
401 404 503 450 negari
516 403 631 450 poterit
645 400 805 437 Christum
820 413 856 434 ex
869 397 959 433 fami-

203 455 244 489 lia
257 451 340 488 fuisse
355 451 495 486 ‘Davcdis
507 462 559 486 aut
571 452 653 486 tribu
669 450 757 485 Inda,
771 456 801 486 δι
812 449 832 483 si
846 461 959 484 conce-

203 503 335 538 daturin
355 505 484 548 utraque
502 499 586 536 fuisse
599 504 664 540 ›se-ni
678 518 715 540 π,
741 498 904 534 secundum
922 497 960 533 fi-

202 553 363 586 liationem
376 549 486 585 scilicet
500 551 646 599 legalem,
659 549 722 584 hoc
735 561 836 583 autem
850 549 958 582 imma-

202 614 242 635 ne
255 611 402 648 quantum
411 612 557 648 repugnat
565 600 724 645 Scripturis
733 598 886 646 utriusque
893 599 961 632 Te-

201 650 343 685 stamenti
357 651 438 684 Gen.
451 663 507 696 49.
520 662 568 684 10.
594 649 673 682 Shilo
692 648 813 683 Messias
835 645 962 681 nascitur

203 712 240 733 ex
254 699 332 748 Juda
351 699 388 734 de
409 700 487 733 inter
499 699 590 746 pedes
606 701 670 742 ejus
683 722 694 737 ‚
720 708 754 732 ut
765 697 880 730 habent
893 697 962 730 He-

203 749 282 783 braea
302 747 427 783 lsa.11.1.
454 749 549 795 Virga
561 748 659 781 oritur
678 747 716 781 de
731 745 883 781 radicibus
896 744 963 793 Jeffe

203 802 234 833 &
247 797 347 832 semen
361 799 398 831 de
411 795 574 832 visceribus
587 799 651 841 ejus
671 798 824 840 z-Sam.7.
842 795 927 828 Heb.
937 806 959 828 1.

205 859 234 893 ς.
256 848 327 882 Αὲὶ.
339 859 431 892 ¹¹·30·
455 844 512 880 ista
525 858 635 893 negare
649 845 686 879 de
701 845 899 892 generatione
912 856 962 877 na-

203 897 291 930 turali
301 895 415 930 Meffiae
428 909 464 929 ex
478 894 579 929 famil&
592 896 726 928 Davidts
744 898 774 929 &
790 893 873 928 tribu
884 892 962 942 Judae

203 946 322 981 videtur
335 958 400 979 non
413 944 537 992 simplex
550 956 654 984 error,
668 942 732 980 sed,
753 954 786 977 ut
797 942 882 977 τεέὶὲ
891 954 962 977 eum

204 996 332 1043 appellat
344 997 462 1029 Suarez,
474 994 527 1028 ubi
542 993 637 1040 supra,
651 1005 736 1027 error
749 994 779 1026 in
793 991 864 1026 fide.

257 1044 381 1078 Tertio.
409 1044 546 1078 Unicum
563 1043 649 1090 quod
664 1055 699 1075 ex
712 1039 829 1076 Pseudo
840 1039 962 1088 Justino

203 1093 380 1142 spalatensis
395 1105 453 1140 pro
464 1092 493 1127 se
506 1091 592 1126 affert
604 1091 816 1125 testimonium
829 1089 962 1125 omnino

204 1145 248 1178 est
261 1144 392 1177 alienum
406 1142 422 1176 a
435 1154 484 1182 re,
509 1139 618 1176 Visum
637 1139 681 1174 est
700 1141 776 1174 Deo
801 1152 837 1174 ex
855 1138 963 1186 Iofiphi

203 1206 300 1228 uxore
318 1190 429 1240 Iosepho
447 1191 517 1224 dare
531 1189 647 1229 filium,
674 1202 769 1237 quem
782 1189 842 1234 ipse
856 1187 962 1220 natura

203 1256 268 1277 non
280 1241 463 1289 procreavit.
481 1239 568 1289 Quid
576 1244 662 1273 tum?
674 1241 798 1285 Ergone
812 1237 910 1273 Maria
918 1236 961 1269 est

203 1282 389 1326 extrudenda
401 1286 516 1323 familia
533 1288 690 1323 Davidts?
715 1288 767 1320 De
780 1285 959 1320 anteceden-

202 1341 241 1374 tis
248 1341 371 1375 veritate
381 1339 447 1386 quis
456 1339 592 1371 dubitat?
606 1337 718 1384 Neque
726 1336 763 1369 de
771 1333 960 1382 consequen-

203 1391 252 1424 tiae
266 1387 388 1423 falsitate
401 1387 495 1421 ullum
509 1385 680 1434 scrupulum
694 1397 850 1420 remanere
858 1382 960 1419 neces-

205 1437 268 1473 sum
283 1437 337 1472 est.

253 1487 392 1535 Qarto.
416 1488 450 1519 In
462 1486 526 1520 hoc
537 1495 719 1533 argumento
728 1485 847 1520 videtur
853 1496 962 1532 perpe-

203 1550 268 1572 ram
282 1549 391 1584 negare
405 1535 599 1584 Spanhemius
607 1533 767 1569 Christum
778 1534 882 1582 loftpht
892 1531 962 1567 fuis-

204 1585 233 1621 se
245 1586 344 1620 filium
357 1586 485 1633 legalem
500 1598 509 1625 3
536 1584 640 1618 omnia
655 1586 719 1628 ejus
733 1593 911 1631 argumenta
931 1583 961 1616 in

203 1636 284 1670 hanc
298 1648 363 1669 tem
377 1645 505 1682 tangunt
517 1632 634 1668 tantum
646 1636 693 1678 jus
707 1633 860 1672 levitatfis,
873 1630 922 1666 sed
930 1643 961 1667 ut

203 1684 289 1732 supra
301 1685 431 1724 dietum,
441 1683 549 1717 filiatio
562 1684 666 1731 legalis
680 1693 741 1716 tam
753 1682 962 1729 apudJudaeos

203 1734 298 1783 quam
317 1745 423 1782 gentes
449 1733 609 1780 multiplici
634 1732 694 1766 alio
719 1734 785 1777 jure
809 1730 961 1766 nitebatur

203 1785 298 1833 quam
315 1785 500 1822 levirorum‚
526 1781 608 1817 certe
620 1783 651 1815 in
665 1781 728 1815 hoc
740 1780 849 1815 asserto
862 1780 962 1829 fingu-

202 1834 272 1867 laris
284 1833 328 1868 est
345 1832 555 1882 spanhemius,
574 1832 675 1867 necin
687 1843 728 1865 eo
743 1829 910 1879 sequendus
917 1832 960 1868 vi-

201 1883 304 1919 detur.

251 1932 431 1967 Cavendum
445 1932 538 1967 tertio
551 1929 567 1966 :i
580 1930 886 1966 determinationibus
896 1942 962 1978 par-

203 1981 397 2021 ticularibus,
424 1982 564 2029 plerique
577 1992 643 2015 tum
655 1992 770 2015 veteres
783 1991 961 2014 tumtecen—

204 2032 300 2065 tiores
313 2041 345 2064 ut
358 2031 388 2064 in
398 2029 566 2077 quaestione
579 2029 726 2077 superiori
740 2031 780 2063 ita
792 2031 822 2063 in
835 2028 891 2064 hac
903 2042 963 2077 prae

204 2080 346 2115 manibus
367 2077 525 2114 subsistunt
544 2081 575 2113 in
591 2079 798 2127 generalibus,
824 2079 963 2114 contenti

204 2128 329 2164 asserere
338 2130 470 2163 Mariam
486 2128 599 2177 Ioftpho
612 2130 817 2177 propinquam
831 2142 925 2176 genus
935 2132 965 2163 &

205 2178 333 2212 stemma
348 2175 470 2212 suumin
479 2180 578 2212 mariti
591 2178 750 2212 stemmate
758 2178 965 2225 comprehen-

206 2226 271 2262 sum
285 2226 436 2261 habuisse:
469 2226 575 2261 verum
595 2240 661 2274 quo
674 2227 768 2272 gradu
785 2229 883 2261 Maria
896 2228 962 2271 Ioft·

205 2276 298 2325 phum
312 2278 442 2323 attigerit
457 2287 524 2309 ante
553 2273 777 2310 Damnst-enum
801 2287 898 2308 nemo
922 2274 967 2307 est

207 2324 292 2358 ausus
306 2325 509 2357 determinare
520 2347 529 2361 ‚
554 2323 605 2356 hic
622 2324 698 2357 vero
712 2323 900 2357 audaciffime
915 2335 965 2357 to-

208 2383 272 2407 tam
292 2385 401 2406 eorum
416 2371 637 2419 cognationem
662 2383 754 2418 quam
774 2374 902 2406 Veteres
916 2383 969 2417 per

209 2422 294 2457 mille
306 2434 402 2455 annos
416 2422 598 2467 ignorarunt
620 2419 659 2453 sic
672 2430 788 2453 enarrat
802 2419 856 2453 lib.
870 2432 904 2464 4.
931 2420 968 2453 de

211 2471 394 2506 Orthodox.
407 2469 466 2503 fide
481 2482 595 2516 cap.15.
615 2472 696 2502 Levi
711 2469 846 2516 (inquit)
863 2469 970 2517 Iosephi

210 2533 343 2568 proavus
357 2521 435 2554 duos
458 2520 563 2567 genuit
584 2518 666 2552 filios
686 2519 835 2554 Melchz
849 2523 878 2552 δι
890 2521 968 2551 Pan-

211 2570 312 2607 thera,
332 2568 465 2603 Panther
481 2569 587 2616 genuit
599 2568 819 2615 Barpanthera,
839 2568 968 2615 Barpan-

211 2619 297 2657 ther‚
324 2619 455 2662 lankim,
470 2626 499 2653 ὄι
514 2619 630 2661 IoaQ'm
642 2618 746 2665 genuit
761 2620 906 2651 Mariam:
923 2615 971 2651 sed

212 2668 363 2704 melcha·
387 2667 552 2701 ‘Pantheris
574 2665 666 2701 frater
691 2680 726 2701 ex
753 2666 850 2701 Effha
874 2679 971 2701 uxore

213 2717 378 2751 fllatham's
391 2718 482 2764 patris
495 2716 593 2750 lacobi
605 2717 710 2764 genuit
724 2717 781 2755 eli,
795 2719 827 2751 δι
843 2726 971 2751 mortuo

214 2769 265 2804 Ela
277 2766 338 2801 sine
357 2766 461 2800 liberis
474 2765 560 2798 Iacob
574 2764 665 2799 frater
677 2767 831 2805 uterinus,
856 2779 892 2801 ex
907 2767 971 2811 ejus

215 2828 312 2851 uxore
325 2817 430 2863 genuit
447 2814 592 2860 Ioftphum
605 2815 748 2848 maritum
760 2815 882 2850 Mariae,
908 2814 973 2848 haec

217 2866 336 2899 ratione
356 2865 452 2913 Ioftph
478 2861 531 2910 per
555 2874 673 2911 patrem
698 2862 864 2897 naturalem
876 2862 972 2901 Iacob,

217 2926 370 2960 avumque
384 2914 527 2947 Marthae
547 2927 582 2947 ex
601 2911 717 2949 familia
729 2913 885 2946 Solomonis
897 2924 973 2946 con-

218 2962 357 3010 tingebat
368 2963 399 2996 in
411 2964 504 2998 tertio
511 2964 676 3010 velquarto
690 2963 782 3011 gradu
795 2960 974 3009 consangui-

219 3012 338 3051 nitatis,
352 3024 448 3045 uxore
462 3013 492 3046 in
500 3010 578 3047 suam
586 3013 718 3046 Mariam
733 3025 768 3046 ex
782 3010 897 3045 familia
904 3013 972 3045 Na-

221 3060 336 3099 thanis,
362 3062 460 3094 Maria
473 3063 554 3096 enim
573 3062 635 3096 filia
646 3059 703 3096 fuit
718 3062 846 3104 loalQm,
874 3061 974 3106 neptis

222 3109 449 3158 Bmpamhwis,
468 3112 625 3158 proneptis
638 3111 809 3150 Pantheris,
834 3113 866 3144 &
879 3109 971 3143 abne-

221 3160 282 3206 ptis
296 3158 415 3192 Melchi
426 3162 510 3204 cujus
523 3158 602 3194 filius
615 3161 664 3194 Eli
678 3174 713 3195 ex
727 3159 816 3205 Estha
829 3158 975 3194 Mattha-

223 3211 267 3242 m's
276 3232 287 3250 ,
311 3205 401 3244 frater
413 3206 471 3245 fuit
482 3208 579 3246 iacobi
590 3210 681 3257 patris
692 3210 809 3259 lofiphi.

602 137 1228 177 CHRONOLOG101

1285 138 1317 176 L
1345 151 1359 176 1
1388 152 1421 177 Β.
1453 139 1504 177 11.
1712 145 1755 186 67

1041 208 1102 241 His
1113 205 1492 242 Damasceuicommentis
1506 208 1634 243 nimium
1648 220 1752 256 patro·
1766 233 1862 262 emm

993 256 1130 290 cinantur
1142 256 1212 291 cum
1229 256 1363 290 Grotius
1377 268 1442 291 tum
1454 258 1576 293 Voffius
1589 257 1749 305 ubisupra:
1769 250 1905 307 Dssimafoe

994 304 1193 340 nihilomiuus
1213 319 1247 339 ea
1265 305 1487 352 improbamus,

1538 307 1643 341 Primo
1667 309 1750 341 enim
1766 315 1871 346 num&

993 353 1101 386 nullius
1115 355 1296 389 auctoritate
1304 354 1614 390 testimoniinituntur
1627 368 1748 401 praeter-
1765 357 1881 380 C’‘⁰‘¹¹⁴‘'⁷¹

993 414 1086 447 quam
1101 402 1189 446 ipfius
1212 401 1392 437 Damasccni
1411 404 1464 450 qui
1478 405 1559 437 mille
1572 405 1641 451 post
1655 405 1750 440 Chri-

995 450 1075 484 stum
1088 451 1172 483 annis
1185 452 1274 490 vixit,
1287 454 1318 485 in
1332 463 1480 498 corrupto
1488 453 1653 488 admodum
1667 455 1752 489 sccu-

995 500 1028 534 lo
1038 524 1047 538 ,
1061 497 1227 546 multasque
1242 497 1375 539 fabulas,
1393 514 1503 547 nugas,
1519 505 1549 535 &
1563 514 1682 536 errores
1695 504 1752 538 suis

995 547 1108 596 scriptis
1122 547 1272 596 inspersit,
1293 548 1313 582 fi
1329 550 1374 584 vel
1389 550 1441 595 ipsi
1456 554 1582 583 Barom‘o
1596 551 1688 585 fidem
1700 553 1753 586 ad-

994 598 1164 633 hibeamus.
1192 598 1351 634 Secundo,
1367 598 1575 633 Damasccnus
1590 599 1640 634 hic
1652 613 1753 647 aperte

995 648 1177 682 contradicit
1192 649 1282 682 Lucae
1291 649 1363 682 dum
1372 650 1451 681 Levt
1460 646 1529 681 facit
1538 660 1652 695 patrem
1669 652 1753 682 Μεί-

993 696 1056 733 chi‚
1070 709 1164 744 quem
1176 699 1272 731 Lucas
1287 695 1356 731 facit
1368 696 1489 730 Melchc'
1501 696 1608 731 filium.
1627 698 1754 737 Tertio,

995 746 1081 793 quod
1099 747 1131 779 in
1155 759 1265 794 genere
1281 747 1389 781 Mariae
1413 748 1502 793 ponit
1526 746 1704 780 pantherem
1723 752 1754 781 δε

996 795 1234 844 ‘Barpamherem
1245 809 1254 836 ;
1267 796 1297 830 id
1306 807 1338 829 ut
1346 797 1480 845 Ortgmes
1493 795 1632 835 ttstatur,
1647 801 1676 830 δι
1693 796 1755 830 ho-

995 845 1044 879 die
1058 846 1089 878 in
1111 845 1262 878 Talmude
1277 846 1406 892 legitur,
1445 856 1537 891 prout
1556 843 1615 892 ipse
1630 846 1753 880 Vossius

995 895 1066 928 citat
1074 917 1082 929 ‚
1095 893 1286 939 deprompfit
1295 907 1330 928 ex
1339 895 1648 941 impurisJudaeorum
1657 894 1754 929 Chri-

995 942 1031 976 sti
1045 941 1180 976 hostium
1194 943 1375 982 mendaciis,
1389 956 1489 989 neque
1502 956 1568 989 quae
1581 943 1702 978 Vossius
1711 944 1754 978 ci-

995 1002 1038 1025 tat
1050 1003 1086 1025 ex
1105 991 1281 1038 Epiphanio
1306 1005 1377 1026 curn
1403 990 1585 1025 Damasceni
1599 991 1707 1026 fabulis
1722 993 1754 1026 in

996 1040 1098 1074 multis
1120 1041 1310 1077 concordant
1324 1066 1333 1080 ,
1381 1051 1414 1074 ut
1434 1039 1603 1087 inspicienti
1627 1042 1753 1088 patebit.

998 1093 1120 1139 Qarto
1129 1091 1236 1124 Mariae
1247 1101 1363 1136 patrem
1377 1089 1506 1124 loacln‘m
1519 1087 1590 1123 facit
1604 1091 1641 1123 ab
1654 1092 1705 1124 Eli
1716 1103 1754 1124 o-

996 1141 1104 1173 mnino
1122 1138 1271 1173 diversum
1285 1163 1294 1178 ‚
1321 1139 1420 1173 filium
1439 1137 1550 1172 scilicet
1567 1139 1753 1188 Barpanthc-

996 1191 1038 1220 ris
1049 1212 1058 1226 ,
1074 1188 1224 1234 nepotem
1237 1190 1397 1222 Pamheris
1411 1185 1509 1221 fratris
1522 1189 1672 1224 Melchi
1679 1213 1688 1227 ‚
1702 1201 1753 1222 cu-

995 1240 1041 1282 jus
1056 1235 1135 1271 filius
1150 1239 1214 1276 Eli,
1232 1237 1360 1280 IoaQ'mi
1374 1235 1537 1271 secundum
1552 1251 1622 1271 eum
1630 1235 1688 1271 fuit
1701 1250 1753 1284 pa-

995 1297 1095 1326 truus,
1122 1285 1229 1320 inistis
1250 1287 1329 1321 male
1347 1284 1479 1320 consutis
1499 1284 1625 1325 fabulis,
1651 1299 1751 1334 neque

996 1336 1131 1370 Grotius
1143 1347 1245 1384 neque
1259 1335 1381 1371 Vossius
1399 1335 1511 1371 audent
1523 1333 1750 1370 Damascenum

996 1384 1090 1433 sequi.

1786 402 1838 429 ,Υὲ-
1861 402 1879 419 1·

1039 1433 1161 1482 Jesuitis
1185 1435 1265 1470 aliud
1288 1446 1503 1471 commentum
1525 1436 1624 1484 magis
1641 1435 1749 1483 placet.
1765 1440 1912 1476 lefiaeitarum'

998 1484 1242 1532 Chrtstophorasa
1258 1485 1369 1520 Castro
1389 1499 1482 1534 quem
1498 1484 1630 1532 sequitur
1643 1483 1748 1529 Corne·
1764 1481 1900 1508 “mediati‘’

997 1535 1051 1567 lius
1063 1534 1078 1568 a
1091 1535 1204 1582 Lapide
1216 1547 1252 1568 ex
1268 1534 1465 1584 DQ'cephoro,
1486 1536 1525 1569 ita
1537 1535 1749 1583 genealogiam
1784 1564 1786 1566 .

997 1583 1113 1618 Christi
1127 1585 1211 1618 ducit
1223 1594 1255 1617 ut
1275 1584 1426 1618 Matthan
1439 1585 1613 1618 communis
1629 1597 1700 1617 avus
1717 1582 1776 1618 fit*

997 1632 1104 1682 Iosephi
1122 1637 1153 1672 ὃς
1174 1633 1281 1667 Maria:
1300 1633 1361 1668 hoc
1380 1634 1491 1681 Ρειᾶοε
1517 1633 1670 1667 Matthan
1685 1634 1752 1679 (in-

996 1684 1080 1730 quit)
1095 1683 1201 1730 genuit
1215 1682 1353 1716 Iacobum
1361 1682 1484 1730 ejusque
1492 1681 1610 1717 sorores
1618 1681 1709 1716 Soben
1722 1686 1755 1717 &

999 1736 1124 1766 Annam
1132 1746 1142 1765 :
1167 1731 1238 1766 Sabe
1244 1743 1340 1766 mater
1352 1744 1414 1767 erat
1426 1731 1606 1767 Elizabethae
1613 1745 1680 1781 quae
1686 1735 1753 1765 Za-

997 1782 1100 1814 charia
1111 1782 1228 1829 peperit
1240 1785 1376 1816 loannem
1388 1784 1574 1831 Bapnffam:
1589 1785 1683 1815 Anna
1694 1794 1753 1815 nu-

998 1830 1054 1878 psit
1065 1832 1115 1864 Elz
1135 1830 1183 1865 seu
1203 1830 1358 1878 ῗοαξῐηιο,
1390 1832 1479 1879 eique
1497 1833 1615 1879 peperit
1632 1831 1753 1865 beatam

997 1882 1041 1915 vir
1066 1881 1166 1920 inem,
1182 1879 1307 1928 Jacohus
1320 1880 1394 1915 vero
1408 1882 1514 1929 genuit
1527 1880 1685 1928 Iosephum.
1709 1882 1754 1914 Ita

997 1930 1035 1964 ab
1049 1942 1108 1977 que
1121 1931 1208 1964 omni
1228 1929 1403 1964 difficultate
1424 1927 1668 1977 consanguinitas
1681 1932 1754 1963 Ma-

998 1980 1048 2014 riae
1059 1992 1129 2013 cum
1143 1978 1252 2027 Iofipho
1265 1983 1295 2014 δι
1309 1977 1636 2025 Elizabethdpellucet.
1660 1979 1718 2011 Sed
1726 1979 1752 2011 i-

997 2028 1039 2063 sta
1056 2028 1254 2077 Nicephorus
1267 2027 1494 2075 deprompsitex
1508 2028 1577 2061 mali
1591 2028 1754 2061 commatis

998 2078 1193 2117 auctoribus,
1212 2077 1328 2111 Evodto
1340 2076 1541 2111 Antiocheno
1556 2081 1586 2111 δι
1599 2078 1753 2124 Hippolyto

999 2126 1157 2163 Portucnsi
1182 2124 1379 2173 scriptoribus
1404 2125 1610 2160 stramentitiis
1631 2130 1662 2160 &
1688 2137 1754 2159 non

998 2177 1118 2213 tantum
1131 2175 1342 2224 supposititiis,
1365 2174 1414 2210 sed
1428 2172 1565 2209 falsarum
1583 2172 1755 2208 fabularum

1000 2228 1107 2275 plenis,
1124 2239 1205 2272 quos
1217 2228 1361 2259 Baronius
1374 2236 1479 2272 parum
1489 2236 1546 2269 pro
1554 2221 1676 2257 suorum
1690 2227 1758 2259 An-

1000 2277 1113 2309 nalium
1126 2275 1271 2320 dignitate
1285 2274 1375 2307 nimis
1389 2273 1493 2320 magni
1505 2272 1638 2307 aestimat.

1047 2324 1216 2370 Utcunque
1235 2323 1266 2356 in
1291 2322 1348 2356 hac
1367 2323 1575 2356 commentitii
1593 2321 1758 2356 stemmatis

1001 2382 1084 2417 parte
1091 2381 1172 2404 noto
1179 2371 1282 2418 primo
1289 2385 1296 2404 :
1303 2371 1507 2418 Nicephorum
1518 2370 1640 2415 ejusque
1648 2382 1759 2416 repro-

1003 2420 1060 2453 bos
1071 2420 1213 2453 auctores
1222 2419 1366 2453 &vodium
1374 2431 1407 2451 ac
1414 2419 1605 2467 Hippolytum
1612 2418 1759 2451 Mattha-

1002 2482 1069 2502 nem
1085 2468 1192 2516 Ioftphi
1204 2473 1233 2503 δι
1249 2468 1355 2502 Mariae
1362 2480 1448 2502 avum
1464 2469 1515 2513 (ut
1527 2468 1649 2512 volunt)
1664 2465 1759 2501 sacer-

1002 2520 1109 2552 dotem
1118 2519 1277 2564 appellare‚
1286 2517 1371 2564 quod
1379 2516 1579 2563 Euangelistis
1593 2527 1756 2564 repugnat,

1003 2568 1054 2615 qui
1074 2565 1227 2613 utriusque
1250 2568 1382 2609 majores
1402 2566 1504 2599 locant
1522 2566 1553 2598 in
1572 2565 1653 2599 tribu
1672 2565 1755 2600 Iuda.

1004 2615 1158 2651 Secundo.
1171 2616 1405 2663 Cognationem
1412 2614 1519 2663 Iofi’phi
1525 2619 1554 2649 ὃ(
1563 2616 1669 2648 Mariae
1677 2615 1758 2661 posi-

1002 2677 1063 2700 tam
1077 2666 1187 2699 volunt
1200 2666 1229 2698 in
1238 2677 1278 2699 eo
1286 2664 1372 2711 quod
1380 2666 1484 2698 Mariae
1500 2675 1595 2697 mater
1607 2667 1701 2697 Anna
1708 2667 1758 2697 la-

1004 2714 1067 2748 cohi
1080 2715 1170 2761 patris
1182 2713 1290 2762 losephi
1303 2712 1389 2747 soror
1404 2711 1509 2749 fuerit,
1535 2715 1594 2756 jam
1606 2713 1680 2748 vero
1694 2713 1759 2748 affi-

1005 2765 1082 2799 nitas
1093 2776 1146 2811 per
1158 2764 1269 2797 lineam
1282 2774 1447 2797 maternam
1459 2762 1574 2795 nullum
1587 2762 1697 2810 lost-pho
1709 2765 1757 2807 jus

1005 2814 1160 2848 tribuebat
1178 2813 1209 2846 in
1222 2813 1453 2846 matrimonium
1467 2812 1583 2845 Mariae.
1617 2813 1701 2846 Hinc
1714 2811 1758 2846 est

1005 2863 1092 2910 quod
1109 2864 1208 2895 Lucas
1232 2860 1393 2909 Brugensis
1413 2861 1491 2894 nolit
1512 2863 1638 2893 Annam
1651 2863 1757 2896 Maria:

1006 2922 1135 2945 matrem
1148 2910 1245 2944 lacoba'
1258 2910 1394 2944 sororem
1407 2908 1493 2944 fuiffe
1503 2933 1511 2948 ,
1527 2908 1574 2943 sed
1587 2909 1758 2957 Joakr'mum

1007 2961 1112 2995 Mariae
1131 2971 1247 3008 patrem
1261 2959 1364 3008 Jacobi
1382 2957 1505 2993 fratrem
1518 2957 1614 2993 asserit
1627 2973 1635 2993 ι
1661 2959 1722 2993 hoc
1736 2959 1757 2993 si

1006 3023 1110 3045 verum
1123 3009 1210 3049 esset,
1236 3009 1478 3056 consanguinitas
1491 3008 1596 3056 Ioftphi
1608 3012 1638 3043 δε
1651 3009 1757 3044 Marsa:

1006 3060 1144 3106 proxima
1157 3059 1236 3094 clare
1249 3057 1515 3092 demonstraretur.

1053 3107 1113 3142 Sed
1131 3111 1162 3142 &
1181 3107 1254 3142 illud
1273 3108 1428 3156 ‘Brugenfis
1445 3118 1657 3151 commentum
1675 3107 1756 3141 Scri-

1008 3157 1103 3204 pturis
1116 3156 1315 3193 contradicit,
1341 3169 1408 3203 quae
1420 3157 1535 3200 lankim
1547 3154 1595 3191 seu
1602 3158 1650 3190 Elt
1663 3161 1694 3192 &
1709 3159 1757 3188 la-

1007 3207 1058 3242 coh
1070 3207 1101 3242 in
1114 3207 1224 3255 magna
1235 3206 1312 3242 inter
1323 3203 1350 3242 se
1363 3204 1518 3248 distantia,
1537 3205 1619 3242 hunc
1631 3207 1667 3240 ad
1679 3206 1760 3237 Solo-

1376 3260 1392 3288 1
1405 3258 1416 3289 τῖ
1445 3268 1462 3290 z
1643 3264 1757 3287 monem

1764 1532 1811 1548 non
1819 1521 1850 1556 est
1863 1531 1919 1548 mas

1765 1572 1797 1591 ms
1802 1561 1886 1600 proba.
