2048 3343
136 743 242 781 Nisbeti

133 793 264 813 vwentum

136 826 252 862 mrfirius.

136 1289 260 1326 „fiir-isto&-

133 1343 173 1361 rus
197 1341 231 1362 Θ·

133 1377 269 1405 „Artaxer-

133 1417 259 1442 xesnome’-

132 1467 167 1483 na
184 1467 247 1484 rom-

131 1499 215 1525 munia
227 1500 274 1536 Rq-

128 1538 202 1577 gibus
212 1541 272 1567 Per-

126 1581 218 1616 strum.

125 2873 248 2910 cambysi-5

126 2925 160 2946 (φ’
165 2916 264 2952 Afflic-

126 2966 167 2983 rus
189 2964 223 2985 φ’

126 2999 264 3025 „Artaxer-

126 3037 228 3073 xessnit.

295 129 368 173 158
637 120 948 160 Orsskts

1007 116 1201 157 Hisr

1235 127 1474 157 01&th

295 198 459 239 templum
483 194 673 245 conspexisse
692 220 701 233 ‚
727 195 768 231 eb
789 193 881 242 quod
900 193 958 227 ista
978 203 1047 225 non
1064 207 1070 237 ἱ
1096 190 1208 227 Bibliis
1219 191 1331 239 Regiis
1342 193 1525 248 Hierosrymi,
1544 205 1615 240 quae
1633 204 1770 232 vocatur
1781 197 1842 231 La-

295 240 440 284 alseftive
458 246 513 282 sed
527 247 764 294 interrogative
786 245 802 279 a
820 243 979 290 Propheta
997 242 1045 275 di-

296 310 423 332 cantur.
450 294 750 330 Verumeuimvero
768 294 851 328 istud
874 292 1046 340 effugium,

295 349 434 394 scaligeri
452 348 687 393 ingenuitatem
715 356 789 378 non
818 343 914 377 decet
933 367 942 379 ‚
968 338 1046 375 nihil

296 398 385 431 cuim
407 395 604 430 manifestius
618 393 716 440 quam
733 393 798 427 istis
810 392 1045 439 interrogatio-

294 445 393 480 nibus
414 445 612 492 I‘rophetam
629 443 815 491 supponere
835 439 925 476 fuisse
936 452 1045 485 expo-

294 494 375 540 pulo
394 496 450 541 qui
472 504 683 527 nontaiitum
696 487 1044 542 utrumqueternplum·

293 542 357 578 suis
376 543 483 577 oculis
502 540 743 590 conspexissent
762 566 771 581 ‚
797 540 851 574 sed
870 540 969 571 etiam
986 548 1043 582 qui

293 593 486 642 posterioris
509 593 625 639 templi
652 591 790 638 gloriam
812 597 986 620 externam
1001 585 1044 619 ad

293 644 410 689 prioris
423 640 650 691 despicabilem
671 643 706 673 &
725 637 849 671 nullam
860 634 1042 683 deprehen-

296 692 424 727 differat.

342 742 478 789 Nisbetus
494 738 582 772 aliud
600 736 714 784 quaerit
732 734 907 770 latibulum
917 732 1015 780 'quod
1026 732 1043 767 ῖι

292 788 323 823 sc
341 789 640 824 fateturinventum
654 811 664 826 ‚
685 785 768 821 illud
785 795 898 818 tamen
917 783 1043 816 videtur

293 839 402 873 multo
424 836 639 871 miserrimum
652 860 662 875 ‚
683 846 758 868 nam
770 830 786 867 ὲ
796 834 905 880 ptimo
918 832 988 875 Cyri
1000 830 1043 863 ad

291 887 471 922 secundum
484 887 578 920 Darii
589 886 679 921 Nothi
698 895 767 917 non
780 883 849 917 vult
858 880 979 915 fluxiffe
991 881 1044 914 ul-

291 947 340 971 tra
351 935 572 982 quadraginta
582 945 705 968 novem
718 944 822 966 annos
831 957 840 973 ‚
850 931 918 965 hoc
930 940 1041 963 autem

290 987 392 1034 pasto
415 985 453 1020 de
475 985 608 1031 Regum
628 982 796 1018 Persarum
823 991 898 1015 ante
912 981 1041 1016 Darium

290 1031 422 1070 Netlrurn
434 1034 526 1067 annis
536 1032 604 1075 (sua
614 1033 709 1066 unius
719 1031 917 1066 auctoritate
928 1039 1044 1063 contra

290 1084 491 1130 scriptorum
503 1083 655 1117 omniurn
668 1091 814 1115 veterum
826 1080 1041 1114 &recentium

289 1131 417 1177 fidem)
443 1130 621 1165 minimum
645 1130 849 1178 septuaginta
872 1127 1013 1163 detrahit
1034 1141 1041 1161 :

287 1180 460 1216 absurdum
483 1180 542 1228 ipsi
563 1183 704 1229 scaligero
726 1183 760 1215 &
779 1177 840 1214 suis
856 1176 1042 1226 sequacibus

291 1232 437 1266 omnino
451 1231 709 1268 intolerandum.

340 1281 446 1313 Priori
457 1278 536 1327 ergo
547 1279 705 1314 sententia
716 1278 825 1314 telier&
843 1303 854 1320 ,
881 1278 921 1313 ad
931 1277 1042 1326 poste-

291 1329 414 1364 riorem
425 1329 611 1364 accedimus
621 1354 631 1371 ‚
645 1330 787 1376 Affuerum
800 1332 835 1363 &
847 1336 1041 1363 Artaxerxem

291 1378 352 1414 esse
364 1380 500 1413 nomina
512 1381 706 1413 communia
718 1403 728 1419 ‚
750 1377 772 1412 fi
791 1389 859 1411 non
870 1376 1041 1419 omnibus,

293 1428 403 1463 multis
415 1439 523 1463 tamen
536 1429 667 1477 regibus
678 1427 858 1462 Persarum.
870 1427 1040 1473 Ahafieerus,

291 1477 416 1514 fatente
430 1476 499 1525 ipso
514 1481 655 1525 scaligero
665 1501 675 1518 ‚
692 1477 771 1511 nihil
783 1476 872 1512 aliud
882 1475 1041 1524 fignificat

291 1527 392 1575 quam
404 1540 560 1575 magnum
573 1527 707 1567 ducem,
717 1525 758 1560 ab
771 1526 874 1573 Abasb
885 1538 1036 1574 magnus,

290 1589 350 1614 vau
361 1587 406 1618 et,
420 1589 457 1611 ac
468 1577 538 1623 rosh
549 1587 671 1624 caput:
689 1582 862 1611 Artaxerxes
872 1573 940 1610 fere
949 1574 1039 1610 idem

290 1625 463 1674 fignificat,
475 1637 636 1673 magnum
646 1625 766 1659 scilicet
777 1623 987 1665 bellatorem,
998 1624 1040 1659 ab

291 1686 342 1712 art
354 1687 493 1725 magnus
506 1679 539 1710 &
551 1682 655 1711 Xerxes
664 1674 785 1719 algam„
796 1673 948 1710 bellator.
965 1675 1040 1709 Cov

292 1737 441 1774 gnomen
458 1723 525 1759 hoc
541 1725 646 1773 Affueri
655 1725 785 1776 Scaliger
798 1723 947 1758 attribuit
958 1724 1041 1772 patri

291 1776 382 1811 Darii
390 1776 468 1810 Medi
480 1773 533 1809 seu
543 1775 664 1821 Mijagi,
675 1774 729 1808 seu
739 1774 788 1808 alii
802 1775 884 1808 Medo
895 1799 903 1810 .
918 1774 1040 1807 marito

291 1826 392 1858 etiam
405 1824 516 1870 Estlrera
531 1849 540 1864 ,
553 1820 605 1858 seu
619 1823 767 1871 Cambyses
779 1820 834 1856 seu
846 1829 970 1864 Xerxes,
986 1822 1040 1856 seu

289 1874 364 1919 quis
376 1873 455 1906 alius
464 1871 662 1912 fuerir,sicur
674 1883 943 1918 cognomentum
953 1879 1041 1906 Arta-

287 1926 384 1957 xerxis
403 1933 471 1955 tam
489 1924 660 1968 Longimano
671 1921 774 1969 quam
786 1924 951 1962 Mnemoni,
970 1921 1040 1956 imo

287 1972 386 2004 etiam
402 1974 481 2005 Ocho
492 1969 650 2005 tribuitur
663 1971 704 2005 ab
716 1970 885 2014 omnibus.
917 1971 1041 2006 Nomi-

289 2031 333 2054 na
349 2019 417 2054 haec
439 2017 548 2054 Esdrae
566 2031 688 2067 quarto
709 2020 891 2056 secundum
904 2020 1041 2055 alteram

287 2069 487 2105 sententiam
510 2068 703 2104 tribuuntur
724 2070 856 2121 cambysi
876 2072 942 2121 Cyri
955 2070 1038 2112 filio,

288 2119 347 2163 qui
359 2129 395 2152 ut
407 2117 489 2152 libet
500 2119 550 2152 vir
559 2119 663 2153 malus
674 2144 685 2161 ,
702 2131 844 2167 magnus
854 2130 967 2154 tamen
980 2118 1042 2155 fuit

288 2168 353 2201 dux
363 2170 398 2200 &
411 2165 565 2204 bellator,
576 2180 654 2202 nam
666 2177 775 2202 totam
785 2173 968 2217 AEgyptum
979 2170 1041 2205 suis

288 2215 390 2248 armis
409 2211 547 2262 subegit.
577 2216 771 2262 Judaeorum
789 2229 1041 2252 commentato-

288 2275 339 2298 tes
358 2275 498 2305 omnes,
516 2274 552 2297 ut
573 2265 682 2298 videre
695 2264 739 2298 est
751 2264 840 2310 apud
849 2273 993 2309 Lyranurn
1007 2269 1038 2300 &

287 2312 465 2358 Munsterum
479 2336 488 2352 ,
498 2312 662 2348 italocum
675 2313 760 2360 Esdra
769 2317 1037 2361 interpretantur.

289 2361 399 2407 Qod
409 2372 516 2396 autem
528 2361 654 2396 addunt
667 2374 786 2397 eorum
799 2364 896 2398 multi
909 2364 1039 2412 Camby-

282 2411 463 2458 smestherae
474 2412 630 2445 maritum
646 2409 751 2453 fuisse,
761 2424 831 2446 non
846 2411 1041 2459 probamus

285 2459 345 2496 sed
364 2461 460 2507 quod
481 2461 645 2508 cambysem
661 2462 806 2508 Affuerurn
820 2465 935 2497 volunt
949 2487 959 2504 ‚
985 2462 1041 2509 qui

288 2507 405 2557 templi
420 2508 611 2542 strritfi'turain
622 2512 931 2558 primusimpedivit
943 2537 953 2551 ,
973 2510 1040 2545 hoc

285 2569 324 2592 ut
344 2570 459 2593 verum
482 2557 732 2605 ainplestimur.
766 2561 850 2594 Haec
876 2559 919 2595 est
938 2561 1042 2607 losephi

285 2606 457 2648 sententia,
471 2610 505 2641 &
517 2606 698 2642 secundum
714 2614 856 2652 Lyranurn
869 2634 879 2650 ,
899 2609 1039 2658 vulgaris

286 2656 560 2691 Christianorum.
582 2656 682 2691 Certe
695 2664 858 2692 Lavaterus
868 2660 902 2690 in
912 2659 1039 2699 locum,

286 2707 386 2740 etiam
400 2707 537 2741 Vatablus
548 2709 580 2740 δε
594 2706 747 2751 Munslerus
758 2718 829 2739 earn
845 2705 1036 2752 sequuntur,

286 2754 356 2789 aliis
368 2756 572 2802 nouindiget
589 2754 723 2801 probari
740 2754 923 2789 rationibus
936 2754 1033 2803 quam

286 2803 408 2851 quibus
419 2806 565 2851 priorem
579 2806 856 2851 oppugnavimus.

332 2854 400 2888 Sed
422 2853 443 2888 li
466 2852 744 2903 Cambysesimpius
756 2856 827 2904 Cyri
840 2852 925 2888 filius
939 2854 1033 2901 Affite-

283 2914 328 2937 rm
339 2901 437 2938 fuerit
449 2928 460 2943 ,
481 2905 537 2950 qui
554 2914 670 2937 contra
692 2905 792 2950 patris
803 2903 952 2937 edi-stum
968 2903 1033 2937 Dei

283 2953 445 2998 templum
455 2953 533 2987 strui
546 2953 740 2998 vetuit‚quis
751 2964 815 2986 erat
825 2953 878 2986 ille
892 2960 1031 2987 Artaxer-

284 3012 331 3033 xes
347 3003 397 3035 cui
423 3003 535 3036 eadem
557 3001 708 3050 impediti
734 3001 851 3049 templi
876 3003 962 3036 aritio
988 3001 1030 3035 ab

284 3047 368 3091 Esclra
382 3049 563 3086 tribuitur?

331 3097 429 3140 Resp.
458 3101 497 3132 Et
520 3099 607 3133 hunc
629 3096 722 3134 fuisse
735 3099 841 3149 ipsum
855 3100 1032 3150 cambysem,

283 3144 453 3190 quodnon
474 3148 604 3182 tantum
617 3153 816 3195 Interpretes
834 3150 960 3196 Judaei‚
979 3148 1032 3183 sed

281 3194 382 3227 eriam
404 3192 578 3230 Christiani
600 3199 747 3244 plerique
767 3197 962 3236 asseverant.
996 3199 1033 3231 In

1094 242 1160 275 tina
1171 240 1287 282 versio,
1300 242 1378 275 loco
1391 243 1490 288 priori
1501 242 1579 288 legit
1592 243 1723 280 diverfis
1734 245 1843 281 verbis

1095 291 1285 336 [Artaxerxes
1297 293 1346 326 isse
1356 294 1394 326 esst
1408 292 1549 337 Affuerru]
1575 291 1678 327 fateor
1697 303 1839 344 Lyranum

1093 339 1182 374 redte
1196 351 1312 374 notare
1329 339 1429 374 verba
1446 340 1513 375 liaec
1528 340 1642 375 addita
1655 341 1713 377 effe
1725 346 1843 382 textui,

1089 399 1168 421 -narn
1189 389 1222 422 in
1241 389 1389 436 originali
1409 391 1555 425 Hebtaeo
1574 402 1639 425 non
1652 390 1839 429 habentur:

1093 435 1148 470 sed
1169 436 1226 470 etii
1246 446 1370 488 Lyranus
1388 439 1492 475 textfis
1508 442 1758 486 corruptionem
1779 453 1838 489 per

1092 483 1157 520 ulla
1167 485 1396 522 additamenta
1405 489 1492 523 redte
1503 490 1674 536 improbet
1687 516 1694 528 ,
1705 503 1775 524 non
1787 502 1838 524 ta-

1093 546 1170 568 men
1181 537 1286 580 rejicit
1299 560 1307 571 ,
1321 535 1377 571 sed
1386 540 1598 584 amplecititur
1608 550 1675 573 rem
1690 539 1789 587 ipsam
1802 550 1839 574 ut

1091 596 1204 618 verum
1216 585 1323 619 textfis
1340 587 1619 621 commentarium
1639 602 1649 629 ·,
1674 590 1731 634 qui
1750 589 1838 624 reete

1090 634 1201 682 potuit
1213 637 1315 669 textui
1326 635 1440 681 subjici
1449 637 1497 670 vel
1508 638 1538 669 in
1550 637 1697 683 margine
1706 635 1813 680 adjici.

1138 684 1168 717 Si
1182 684 1250 719 haec
1261 696 1330 719 non
1344 686 1503 733 placuerit
1515 683 1686 731 responsio
1697 712 1707 726 ,
1723 686 1765 721 est
1778 687 1837 720 alia
1856 689 1994 720 Artaxeſs

1089 744 1190 776 quarn
1219 732 1312 767 multi
1338 737 1435 769 etiam
1462 746 1529 768 tam
1551 747 1587 767 ex
1599 735 1725 770 Nostris
1736 735 1834 783 quam
1856 732 1996 777 xeressepo-

1091 781 1274 816 Pontificiis
1285 785 1512 831 approbant‚A
1534 797 1633 819 iterum
1646 783 1836 821 fuiffecam-
1854 780 1903 800 '¹¹¹'
1917 774 1967 799 Ta-

1090 830 1176 873 hylem
1212 834 1245 864 ὃς
1281 839 1472 868 Artaxerxem
1497 841 1694 880 Tarryoxarcm
1713 842 1835 882 Magum
1854 823 1974 884 ’252²'

1091 878 1836 930 Camb)fissuccessore1n‚quafihostchudaeo-
1904 866 1924 894 g
1952 878 1972 897 ‘¹

1089 939 1161 961 rum
1175 929 1314 974 primam
1325 928 1565 966 accusationem
1578 932 1620 966 de
1631 936 1839 971 extraffione

1089 977 1402 1025 templidetuliffent
1416 981 1547 1031 Cambyfi
1567 1006 1575 1021 ,
1602 985 1636 1014 &
1657 982 1837 1018 secundam

1089 1034 1178 1074 Mago
1189 1027 1262 1075 post
1275 1029 1416 1078 Cambyfis
1424 1041 1568 1064 mortem
1582 1043 1589 1062 ι
1601 1029 1685 1064 male
1696 1033 1836 1078 quidem

1089 1076 1169 1110 istos
1190 1075 1336 1124 disponit
1351 1081 1482 1124 capellus
1508 1078 1569 1123 (ut
1590 1091 1681 1113 notat
1700 1083 1838 1116 Henricus

1091 1123 1234 1172 Philippi)
1256 1126 1337 1161 dum
1356 1132 1476 1176 Magum
1486 1127 1549 1162 esse
1563 1130 1630 1163 vult
1646 1130 1785 1177 Affiterum
1800 1135 1837 1165 ὃε

1091 1176 1252 1222 Camhyfiem
1270 1185 1463 1214 Artaxerxem
1488 1195 1499 1214 ,·
1526 1177 1568 1212 sic
1581 1181 1669 1212 enim
1683 1190 1700 1213 (Α
1713 1181 1838 1230 arnt-yses

1091 1225 1164 1272 post
1174 1231 1295 1274 Magum
1306 1226 1462 1275 regnfilset
1471 1255 1481 1270 ,
1500 1227 1596 1276 quod
1608 1242 1665 1263 om
1672 1224 1767 1265 nibus
1777 1243 1837 1265 au-

1092 1275 1236 1311 &oribus
1254 1280 1288 1311 ὃς
1305 1277 1363 1324 ipsi
1385 1280 1482 1312 etiam
1499 1283 1615 1326 capello
1634 1281 1839 1315 contradicit.

1090 1326 1155 1360 Sed
1167 1324 1322 1373 prosette)
1338 1329 1447 1374 priora
1460 1331 1561 1362 textui
1573 1331 1721 1363 videntur
1733 1331 1837 1378 magis

1090 1376 1269 1422 quadrare',
1282 1376 1501 1424 supponendo
1513 1380 1598 1412 enim
1612 1390 1676 1412 tam
1691 1380 1837 1426 affueram

1088 1424 1189 1471 quam
1202 1431 1395 1462 Artaxerxem
1416 1429 1511 1461 unius
1526 1429 1670 1478 Cambyfis
1679 1426 1769 1462 fuiffe
1781 1440 1838 1462 co-

1087 1475 1398 1521 gnominaipulchre*
1411 1476 1524 1509 omnia
1534 1474 1839 1523 fluunt‚omniaque

1089 1523 1130 1557 lic
1143 1522 1227 1558 fiunt
1238 1522 1432 1571 planissima.
1463 1526 1553 1558 Dum
1568 1523 1657 1558 bello
1672 1524 1839 1571 Massage-

1090 1575 1156 1607 tico
1166 1584 1345 1621 occupatus
1356 1572 1475 1608 abess'et
1491 1580 1581 1624 Cyrus
1594 1599 1604 1614 ,
1616 1574 1657 1607 :id
1671 1575 1839 1624 cambysem

1089 1634 1247 1657 venerunt
1284 1634 1400 1658 contra
1429 1623 1567 1670 Judaeos
1596 1623 1840 1666 accusationes,

1089 1684 1161 1718 quae
1180 1671 1272 1707 versu
1294 1671 1383 1706 sexto
1404 1683 1639 1720 proponuntur
1650 1674 1791 1720 primum
1806 1675 1841 1707 in

1089 1733 1228 1767 genere,
1244 1724 1279 1755 &
1292 1721 1407 1768 postca
1419 1722 1560 1770 septimo
1575 1735 1611 1756 ac
1623 1722 1839 1769 sequentibus

1088 1770 1160 1818 ipsae
1172 1772 1205 1804 in
1220 1772 1406 1818 particulari
1418 1774 1632 1818 querimoniae
1650 1770 1840 1806 describun-

1090 1832 1140 1854 trtt
1152 1822 1185 1853 in
1197 1820 1335 1867 epistola
1347 1823 1383 1856 ad
1396 1821 1573 1867 cambysem,
1584 1823 1640 1868 qui
1654 1821 1699 1856 ibi
1714 1823 1839 1869 Affuerus

1089 1873 1122 1905 δε
1138 1876 1307 1905 Artaxerxes
1317 1871 1445 1907 dicitur.

1135 1919 1259 1954 Eadem
1272 1918 1324 1954 vel
1341 1919 1452 1956 similis
1464 1919 1633 1968 responsio
1645 1922 1757 1955 locum
1772 1932 1835 1967 po·
1856 1925 1954 1954 Darius

1089 1969 1259 2004 steriorem
1272 1971 1412 2018 explicat
1436 1985 1444 2005 :
1468 1972 1651 2005 extruetum
1673 1972 1832 2016 templum
1855 1967 1992 2013 str‘exffl

1089 2019 1251 2054 mandato
1263 2022 1341 2069 Cyri,
1356 2022 1457 2060 Darii,
1469 2024 1503 2055 δε
1516 2029 1588 2055 Arta
1598 2024 1696 2060 rerxis,
1706 2017 1836 2054 sumen·
1855 2019 1898 2037 κε’
1905 2007 1992 2047 α’ᾶωῖ

1089 2070 1134 2103 do
1156 2070 1429 2114 conjunctionem
1445 2070 1517 2115 (ὠ)
1530 2081 1564 2104 ut
1576 2070 1725 2117 loquitur
1737 2077 1834 2105 Lava-

1086 2128 1162 2154 terus
1170 2124 1226 2153 dna
1231 2117 1324 2163 ῳἾικῶς
1332 2118 1723 2167 ε,τρ1ὶειιιὶνὲ,<]υαίί1)ιινὶιις
1730 2119 1793 2151 etia
1799 2129 1832 2151 m

1086 2170 1374 2216 cognominaretur
1407 2177 1581 2202 Artaxerxes
1607 2166 1663 2200 seu
1693 2178 1833 2213 magnus

1087 2215 1231 2249 bellator
1243 2240 1252 2255 ‚
1270 2215 1376 2260 qualis
1386 2214 1493 2251 revera
1504 2215 1565 2248 fuit
1579 2239 1587 2253 ‚
1606 2215 1698 2261 supra
1713 2227 1833 2249 omnes

1085 2261 1123 2304 (fi
1135 2275 1235 2297 unum
1249 2272 1358 2311 cyrum
1368 2263 1695 2312 excipias)Persaruin
1708 2266 1831 2311 Reges.

1085 2311 1191 2346 Ridet
1202 2314 1338 2359 quidem
1346 2315 1469 2360 Scaliger
1479 2312 1723 2361 responsionem
1735 2314 1835 2355 hanc,

1085 2365 1120 2396 δέ
1141 2362 1311 2413 cambysem
1329 2364 1573 2410 cognominare
1601 2365 1743 2411 Affirerum
1757 2386 1764 2398 ‚
1783 2363 1836 2396 vel

1087 2413 1217 2446 Darium
1252 2410 1417 2460 appellare
1452 2420 1643 2447 Artaxerxem
1677 2410 1745 2445 vult
1773 2408 1834 2445 esse

1086 2461 1270 2495 monstrum
1284 2473 1389 2495 creare
1402 2461 1571 2509 bicorpor.
1599 2461 1662 2497 Sed
1686 2459 1833 2493 sarcasmi

1086 2509 1132 2542 isti
1144 2510 1216 2543 sunt
1228 2512 1363 2558 gratuiti
1381 2510 1499 2557 absque
1521 2512 1613 2544 omni
1631 2507 1833 2543 fundamen-

1086 2569 1136 2593 to.
1163 2562 1216 2592 An
1233 2561 1289 2606 qui
1301 2562 1474 2594 solomonem
1492 2559 1628 2593 redidiam
1644 2583 1652 2598 ,
1677 2559 1833 2601 Zedekiam

1086 2610 1268 2642 Mattam'am
1280 2632 1288 2647 ‚
1306 2606 1461 2652 leliojaklm
1474 2611 1602 2646 Com'an,
1623 2606 1766 2654 Astyagem
1782 2609 1834 2653 Af-

1078 2657 1207 2702 filerunt,
1222 2664 1345 2692 Xerxem
1359 2657 1533 2703 Artasliasla
1545 2655 1833 2696 volunt,ceusendi

1084 2702 1154 2739 sunt
1176 2718 1284 2740 creare
1302 2706 1445 2739 monstra
1463 2706 1639 2754 bicorpora
1657 2718 1669 2741 ,³
1697 2706 1836 2740 Utcun-

1082 2766 1146 2800 que
1157 2779 1166 2792 ,
1183 2753 1326 2789 Circasmi
1338 2754 1466 2799 hujusce
1479 2768 1600 2790 vanum
1610 2754 1682 2788 satis
1693 2755 1830 2787 terricu-

1080 2804 1265 2838 lamentum
1280 2804 1362 2839 duas
1375 2803 1452 2839 alias
1470 2804 1511 2839 ad
1522 2803 1633 2840 locum
1645 2801 1832 2849 responsio-

1081 2865 1137 2887 nes
1150 2855 1315 2900 procudit.

1125 2905 1215 2936 Prior
1235 2904 1279 2936 est
1302 2902 1398 2937 nobis
1412 2902 1464 2937 hic
1475 2899 1711 2937 adversantium
1730 2926 1740 2941 ,
1769 2900 1827 2948 qui
1848 2900 1986 2932 Artaxer:

1079 2956 1268 2985 Artaxerxem
1281 2951 1385 2986 Esdrae
1396 2958 1429 2986 6.
1444 2962 1536 2996 V.14.
1562 2951 1680 2985 volunt
1690 2957 1824 2985 Mnemo-
1847 2945 1977 2970 ’‘esim“

1076 3001 1289 3048 nemintelligi
1308 3026 1317 3038 ,
1345 3013 1444 3045 quem
1457 3012 1531 3033 euin
1552 3011 1644 3047 patre
1658 3004 1752 3035 Dario
1762 3007 1822 3035 No·
1844 2993 1965 3051 ZZ'JMZ‘J’:

1075 3051 1125 3084 tho
1136 3047 1231 3083 simul
1249 3047 1387 3097 regncisse
1403 3060 1576 3083 autumant
1591 3074 1600 3089 ‚
1622 3053 1656 3083 δε
1674 3049 1821 3084 erliCtum
1840 3048 1973 3100 fissmlmm

1076 3100 1115 3133 de
1127 3096 1326 3143 perficiendo
1338 3098 1465 3145 templo
1479 3099 1542 3133 unli
1554 3098 1745 3133 condidisse.
1768 3099 1822 3131 Ista
1838 3113 1909 3143 patre
1918 3107 1974 3132 Da-

1078 3146 1178 3181 nobis
1190 3145 1332 3180 omnino
1343 3159 1411 3180 non
1425 3149 1556 3194 placent
1577 3174 1587 3189 ,
1617 3160 1692 3181 nam
1710 3158 1823 3195 praeter
1842 3145 1974 3175 riaNotho.

1078 3194 1278 3246 suppositum
1300 3196 1342 3231 de
1363 3199 1460 3233 Dario
1478 3200 1573 3234 Nostro
1590 3196 1703 3244 templi
1715 3206 1827 3229 extru-

1736 3246 1827 3281 ‹stoi-e

2023 684 2028 722 Ι
