2048 3343
148 1561 268 1600 Quaestzo-

147 1606 185 1631 nis
194 1603 265 1640 diffi-
305 1642 307 1647 ,

149 1645 232 1674 cultas.

154 2710 270 2740 Theodo-

158 2753 261 2788 reti-lin-

157 2796 236 2821 tentia
246 2792 261 2820 ἂ

158 2836 254 2871 Iefiaeitis

159 2887 207 2903 non
214 2877 287 2902 intel-

160 2918 232 2945 lcisla.

295 130 371 165 270
645 106 958 145 OPER1s

295 200 359 224 tres
369 182 467 234 quam
478 181 645 218 Doctores
659 177 877 214 Protestantes
890 179 920 210 &
932 175 1053 210 Ponti-

295 237 410 277 fici0s‚
440 235 495 282 qui
513 242 609 278 typos
634 233 667 264 &
688 229 855 275 antitypos
871 224 1053 261 extendunt

296 288 381 322 ultra
392 281 508 319 chrifli
517 278 687 327 personam
701 278 739 313 ad
751 279 811 312 alia
823 277 939 316 multa,
954 275 1054 322 inpri-

295 337 358 373 mis
371 333 409 369 ad
420 327 605 369 Antiochum
625 333 658 364 &
669 325 890 364 Antichristum
903 339 914 359 .·
939 335 1058 359 utcun-

296 398 359 434 que
368 409 378 425 ‚
406 383 483 418 dato
494 375 679 417 Antiochum
691 391 760 412 non
769 374 829 411 esse
842 387 956 423 typum
969 399 979 415 ‚
997 375 1056 408 erit

298 445 405 469 tamen
418 457 429 472 ,
450 430 539 479 quod
551 441 649 463 nemo
661 428 826 474 negaverit
837 451 848 467 ‚
872 423 964 459 valde
985 425 1057 458 viva

299 486 409 531 imago
428 486 459 516 &
474 478 554 514 εἰκών
568 474 775 513 cAntichnfii.
803 472 902 510 Certe
920 473 966 508 ob
988 485 1055 506 ma-

300 545 398 581 gnam
425 527 672 567 similitudinem
709 528 797 561 illius
830 523 988 560 attributa
1019 519 1057 553 ad

301 584 390 617 hunc
401 581 443 615 ab
454 578 618 629 Apostolo
632 586 687 611 aut
695 577 760 611 alio
778 574 895 623 quovis
905 569 1058 617 applicari

300 631 442 682 possunt.
880 669 887 677 ε
1032 668 1038 674 .

349 682 517 728 Denique.
544 674 729 715 «Antiochus
745 682 814 706 non
831 667 905 704 fixit
917 678 1060 703 tentoria

301 729 432 768 sua‚nec
445 740 595 765 mortuus
606 727 649 760 est
662 728 695 758 in
704 731 818 756 monte
829 719 947 754 Sanfizo
956 718 1058 753 deco-

302 781 358 816 ris.
382 779 477 826 Resp.
503 779 584 811 Non
604 773 650 808 ibi
670 772 822 820 loquitur
842 768 1005 815 Propheta
1020 768 1059 802 de

302 830 380 865 loco
394 828 507 863 mortis
522 821 689 862 Antiochi,
716 821 769 856 sed
787 829 913 853 tantum
936 818 976 851 de
989 820 1058 862 ejus

301 879 453 913 tentoriis
465 901 474 916 ,
493 874 577 910 recte
587 886 694 908 autern
705 870 750 905 ibi
760 869 880 904 dicitur
892 863 1059 901 Anuochus

304 925 403 962 fixisse
413 926 567 965 tentoria,
578 924 634 958 ubi
648 922 743 969 Syriae
752 921 875 966 legatus
886 919 981 961 Lyfias
991 920 1058 960 ejus

303 976 458 1012 mandato
475 976 580 1024 regale
597 971 842 1007 tabernaculum
863 965 936 1001 fixit
953 982 961 1007 3
995 967 1058 1017 cir-

302 1027 535 1071 cumcingente
548 1022 628 1057 illud
640 1023 672 1055 in
686 1029 800 1054 monte
810 1021 900 1063 juxta
907 1017 1058 1051 Hieruia-

301 1079 365 1111 lem
377 1073 513 1109 dimidia
532 1073 635 1107 totius
647 1070 768 1118 Syriaci
778 1064 936 1102 exercitiis
954 1075 1060 1113 parte·

302 1127 337 1160 in
359 1122 522 1172 praesentifi
541 1121 695 1170 Eupatoris
714 1119 802 1153 unici
823 1117 970 1164 Epimanis
987 1114 1058 1150 filii.

301 1176 444 1222 Reliquae
455 1173 660 1218 objeffiones
670 1168 831 1205 faciliores
841 1167 912 1202 sunt
919 1192 929 1210 ,
948 1167 1059 1215 itaque

305 1237 357 1260 eas
368 1224 568 1259 omittimus.

467 1311 774 1349 QUAESTIO
815 1309 898 1338 v11.

312 1382 431 1431 Qibus
439 1378 606 1429 temporibus
617 1377 782 1429 assignanda
790 1377 844 1431 lint
855 1388 921 1428 quat⁴
929 1373 964 1409 de
981 1375 1061 1422 Gog

416 1431 454 1467 Οἱ*
467 1435 593 1479 Magog
604 1425 691 1463 habet
704 1425 831 1466 Ezekzel
846 1427 964 1473 Capiti-

556 1477 605 1514 bm
619 1479 674 1527 38.
688 1476 726 1512 &⁴
738 1490 752 1524 3
760 1490 781 1523 9
793 1480 810 1510 ἒ

307 1566 366 1627 R
379 1561 453 1612 Esp.
479 1561 590 1598 Tanta
607 1558 660 1594 hic
677 1556 852 1594 difficultas
873 1555 918 1591 est
930 1579 939 1595 ‚
957 1565 992 1589 ut
1003 1554 1062 1588 hac

378 1615 415 1649 de
427 1626 460 1649 re
469 1612 617 1647 differens
625 1608 828 1645 doeiiffimus
837 1606 986 1641 Prideaux
995 1617 1064 1639 rne-

307 1664 372 1699 rito
383 1663 582 1712 pronunciet
598 1684 608 1699 ,
632 1661 718 1694 inter
734 1659 902 1704 Scripturae
919 1656 1064 1689 AEuffvo'ma

308 1715 360 1749 vix
378 1713 463 1748 aliud
483 1710 663 1748 involutius
682 1709 851 1744 oraculum
874 1717 1064 1744 occurrere,

308 1767 341 1798 δι
353 1766 470 1797 ‘Paraem
487 1765 520 1797 in
541 1765 648 1808 Apoc.
661 1771 799 1801 zo.v.7.
817 1769 890 1792 cum
911 1757 988 1790 loco
1001 1766 1065 1789 no-

308 1813 373 1848 stro
385 1813 405 1846 si
418 1826 486 1847 non
500 1811 638 1846 eundem
651 1834 660 1850 ‚
680 1811 767 1844 certe
783 1804 911 1842 summ&r
928 1805 1064 1853 paralle-

307 1863 379 1896 lum
399 1866 533 1896 Ioannem
552 1858 688 1896 affirmet
710 1871 779 1894 non
796 1867 961 1905 exponere
979 1879 988 1891 ‚
1010 1853 1065 1889 sed

309 1912 539 1954 αξνιγματίζεῶς
575 1924 644 1944 rem
681 1910 849 1955 involvere
883 1906 1064 1954 aegnimate.

314 1960 543 1995 Obscurislima
555 1960 642 1994 enirn
656 1982 665 1994 ‚
685 1959 789 2005 inquit
801 1981 812 1997 ‚
835 1955 933 1990 nobis
943 1954 987 1991 est
999 1954 1066 1990 haec

312 2012 438 2045 oraculi
459 2021 528 2058 pars
541 2033 551 2049 ,
570 2019 605 2042 ut
624 2007 703 2056 quid
722 2008 778 2043 fibi
802 2006 882 2041 velit
901 2004 1066 2052 Propheta

309 2061 362 2094 vix
377 2059 521 2095 divinare
531 2059 645 2097 liceat,
666 2060 700 2091 &
719 2067 770 2092 tot
782 2055 843 2091 sint
852 2066 1000 2092 veterum
1013 2068 1065 2090 re-

308 2111 522 2158 centiumque
548 2108 721 2155 opiniones
749 2105 814 2141 fere
839 2116 921 2153 quot
952 2106 1066 2151 capita.

310 2157 412 2193 Certe
427 2157 622 2205 quodhabet
641 2159 833 2199 Hieronymus
851 2155 890 2189 de
907 2153 1068 2189 Ezekielis

308 2211 411 2250 40.&
423 2206 628 2252 sequentibus
643 2209 657 2248 (
671 2204 797 2252 aperte,
810 2205 937 2252 inquit,
959 2206 1065 2251 impe-

308 2257 419 2289 ritiam
433 2254 645 2292 confitemur,
658 2255 775 2287 melius
785 2253 975 2286 arbitrantes
984 2252 1067 2285 nihil

307 2303 404 2351 quam
418 2317 516 2352 pauca
525 2302 655 2343 dicere)
674 2299 792 2335 reffifis
803 2299 914 2334 nostro
925 2311 986 2345 prae
998 2310 1067 2332 ma-

307 2353 404 2388 nibus
417 2356 495 2387 loco
517 2351 685 2387 convenit.
715 2354 760 2384 lta
784 2348 805 2384 si
824 2350 858 2382 in
875 2359 941 2382 tam
961 2348 1066 2382 arduis

308 2402 391 2437 nihil
409 2403 487 2436 clari
502 2406 533 2436 ὃ(
550 2401 630 2434 certi
645 2398 753 2433 afferre
765 2399 927 2434 valeamus
939 2420 949 2436 ,
966 2396 998 2430 id
1008 2396 1068 2430 hu-

309 2465 413 2487 manae
438 2449 622 2487 infirmitati
644 2452 716 2494 jure
743 2445 1001 2484 condonandum
1020 2447 1069 2482 vi-

310 2503 417 2538 detur.

358 2551 495 2586 Invenio
512 2548 698 2584 illustriores
724 2545 776 2581 hic
796 2545 971 2580 sententias
993 2542 1070 2589 sex3

311 2600 514 2637 obscuriores
534 2600 653 2634 multas
672 2610 748 2644 quas
764 2594 892 2642 Jesuitae
912 2593 1068 2629 Bellarmi-

312 2664 362 2685 nus
376 2655 407 2685 δε
422 2648 541 2696 Alcafiir
553 2647 739 2685 corradunt,
755 2658 824 2680 non
837 2656 961 2679 moror.

362 2702 469 2735 Prima
478 2698 521 2732 est
529 2695 704 2732 Theodoreti
715 2697 747 2729 in
759 2696 883 2729 locum,
892 2695 948 2740 qui
959 2703 1067 2727 totum

315 2761 490 2796 utrumque
508 2758 600 2794 caput
619 2745 753 2791 exponit
773 2743 938 2777 litei-aliter
964 2745 998 2775 δέ
1016 2741 1068 2774 hi—

316 2799 428 2834 storice
445 2800 483 2833 de
495 2795 647 2846 gentibus
660 2793 819 2841 Scythicis
831 2817 840 2829 ,
858 2804 926 2838 quae
936 2790 1041 2825 statim
1054 2787 1071 2824 ὲ

314 2847 500 2882 Zorobabelis
509 2846 613 2881 reditu
628 2854 698 2878 ante
711 2843 873 2889 templum
887 2841 1067 2875 extr-utstum

312 2896 523 2945 &judaeorum
543 2894 689 2930 hostibus
701 2891 839 2940 pecunia
859 2895 890 2925 &
908 2888 1068 2937 promissis

314 2948 451 2981 attractae
473 2959 548 2980 cum
572 2945 720 2979 maximis
739 2942 840 2988 copiis
863 2942 896 2974 in
919 2940 1066 2985 Jiidaeam

315 2996 464 3041 profeciat
477 2995 561 3032 sunt,
577 2998 607 3027 δι
622 2994 733 3027 onmia
744 3004 781 3025 ea
791 2989 937 3025 fecerunt
952 3001 987 3023 ac
1001 2985 1063 3035 pas-

314 3043 353 3076 sae
365 3048 433 3077 {unt
445 3058 513 3091 quae
526 3041 684 3090 Propheta
694 3050 868 3075 memorat.
896 3036 1070 3073 Theodorett

319 3090 511 3126 sementiam
525 3106 592 3127 non
602 3090 728 3126 tantum
740 3089 939 3126 Bellunum,
950 3086 1072 3134 Alcasar

323 3143 356 3174 &
373 3141 388 3171 ά
410 3142 518 3186 Lapide
530 3167 538 3179 ‚
559 3140 608 3176 sed
626 3143 722 3175 etiam
744 3139 852 3174 noster
869 3137 1015 3171 Prideaux
1028 3138 1069 3170 ita

322 3201 524 3236 proponunt,
537 3201 571 3224 ut
582 3190 652 3226 satis
661 3200 811 3238 appareat
827 3186 915 3235 ipsos
933 3184 1072 3223 Theodo-

1022 98 1514 141 H1s10n101

1101 171 1157 207 reti
1173 172 1285 220 locum
1297 174 1348 208 vel
1361 185 1531 219 nunquam
1544 174 1709 223 inspexisse
1721 203 1731 217 ,
1748 178 1799 212 vel
1812 204 1821 220 ,
1835 178 1858 215 fi

1101 223 1277 269 aliquando
1289 224 1447 270 legerint,
1462 222 1624 260 oblivioni
1639 237 1748 261 totum
1759 229 1860 263 tradi-

1101 272 1196 307 disse:
1227 275 1318 317 ajunt
1328 275 1418 307 enim
1439 284 1555 307 omnes
1574 285 1713 322 quatuor
1723 273 1862 312 ‘Theodo-

1101 333 1194 356 retum
1213 324 1276 373 Gog
1294 326 1329 356 ὃς
1345 326 1462 373 Magog
1480 321 1597 358 referre
1618 324 1656 358 ad
1677 325 1862 362 Antiochum

1103 368 1287 418 Epiphanem
1297 375 1329 406 δι
1340 382 1489 419 tempora
1501 372 1734 407 Maccahaeorum
1749 388 1759 409 .·
1785 387 1863 411 tan-

1102 430 1174 453 tum
1196 430 1306 454 tamen
1324 421 1365 455 ab
1386 421 1450 456 hoc
1475 421 1561 457 abest
1582 420 1777 460 Theodoram
1787 450 1798 466 ‚
1825 437 1864 460 ut

1104 468 1219 516 probet
1230 467 1400 508 Ezekielem
1412 473 1504 519 loqui
1515 472 1554 507 de
1566 473 1772 521 temporibus
1792 474 1863 519 Cyri

1104 522 1135 551 ὅ(
1149 515 1336 552 zorobabelis
1354 530 1429 555 ante
1441 523 1624 556 extrufium
1637 523 1800 569 templum
1816 526 1862 558 se-

1104 567 1249 601 cundum
1263 592 1273 608 ,
1285 571 1428 604 centenis
1444 571 1571 617 aliquot
1579 572 1671 605 annis
1682 583 1755 606 ante
1766 584 1861 608 natos

1105 614 1301 657 Maccabaos,
1316 617 1380 652 hoc
1391 630 1585 667 argumento
1595 621 1687 669 quod
1699 623 1731 654 Z
1733 621 1864 657 orobabel

1106 679 1145 700 ex
1159 663 1268 723 spoliis
1280 668 1355 720 quz'
1365 671 1397 702 δι
1407 669 1708 719 Magogitemplurn
1718 671 1797 706 illud
1805 685 1862 707 ex-

1105 726 1251 752 truxerit.

1152 767 1334 814 Utcunque
1343 793 1352 807 ,
1361 779 1476 803 contra
1487 765 1752 806 'Theodoretumfic
1762 783 1862 821 argu·
1879 780 1910 808 In
1917 782 2006 819 optimo
2046 770 2048 772 ¹

1106 827 1249 853 mentor.
1277 819 1425 852 Victoria
1441 816 1557 853 Israelis
1572 819 1612 854 de
1625 824 1687 872 G⁰g
1699 825 1731 857 &
1743 825 1862 875 Magog
1873 823 1988 860 senfiust

1105 864 1214 898 multo
1226 867 1366 900 maxima
1377 866 1439 901 fuit
1448 892 1458 908 ,
1468 870 1521 902 cui
1532 868 1666 904 similem
1679 873 1741 906 Dei
1752 885 1860 919 popu-
1878 874 1951 896 ‘mm

1106 915 1155 948 lus
1173 914 1292 948 nullam
1312 927 1458 964 unquam
1476 916 1515 950 de
1536 919 1602 951 ullo
1611 918 1705 955 hoste
1716 932 1862 969 reporta·
1878 907 1937 944 ΨΜ
1958 917 1983 936 ¹·

1107 964 1176 998 vitz
1198 967 1296 1001 Eam
1319 976 1427 999 autem
1446 967 1477 999 &
1497 965 1658 1001 Nehemias
1678 982 1861 1007 accuratam

1106 1010 1198 1048 valde*
1210 1018 1244 1048 &
1253 1015 1478 1061 particularem
1489 1013 1657 1050 historiam
1669 1019 1863 1067 conscripse-

1107 1073 1183 1097 runt
1199 1063 1238 1097 de
1255 1065 1412 1099 omnibus
1428 1077 1498 1112 quae
1517 1064 1701 1100 zorobabelis
1718 1079 1866 1116 tempore

1106 1112 1221 1160 Judaeis
1238 1115 1424 1162 contigere,
1445 1126 1555 1151 neuter
1571 1127 1682 1152 tamen
1703 1118 1807 1153 ullum
1823 1120 1865 1155 de

1108 1163 1167 1199 hac
1183 1162 1321 1198 victoria
1331 1163 1479 1199 verbum.

1154 1212 1316 1248 Secundo.
1340 1214 1467 1248 Diebus
1486 1213 1685 1258 zorobabelis,
1707 1217 1784 1251 dum
1810 1231 1863 1255 re·-

1108 1272 1244 1310 gnarent
1254 1264 1287 1297 in
1302 1263 1370 1297 Afifi
1382 1268 1469 1307 Cyrus
1478 1287 1488 1304 ,
1508 1263 1656 1312 Cambyses
1678 1271 1712 1301 &
1724 1268 1840 1302 Darius
1856 1292 1867 1308 ‚

1109 1311 1203 1347 nullae
1223 1324 1335 1361 gentes
1356 1313 1515 1361 Scythicae
1536 1314 1736 1361 imperarunt
1746 1316 1866 1358 Perfis‚

1108 1364 1266 1409 AEgyptiis
1277 1386 1286 1402 ‚
1302 1362 1533 1410 AEthiopibus,
1552 1366 1585 1397 &
1599 1365 1686 1402 aliis,
1703 1378 1740 1399 ex
1751 1366 1872 1414 quibus

1110 1411 1185 1463 Gogi
1195 1413 1374 1446 exercitum
1389 1410 1563 1448 constitisse
1582 1426 1688 1449 narrat
1705 1415 1870 1462 Propheta

1109 1461 1196 1514 Cap..
1206 1473 1219 1507 3
1229 1462 1263 1495 8.
1274 1474 1306 1496 v.
1318 1473 1348 1505 5.
1361 1465 1392 1496 &
1408 1473 1461 1506 13.
1486 1460 1559 1496 Imo
1570 1462 1648 1498 vero
1660 1465 1745 1499 ultra
1754 1476 1867 1512 portas

1109 1512 1225 1558 Caspms
1246 1509 1495 1558 Massagetarum
1506 1513 1668 1546 terminos
1680 1537 1690 1552 ,
1709 1525 1764 1548 aut
1780 1516 1866 1561 ripas

1109 1559 1256 1594 Danubii
1276 1560 1531 1594 occidentalium
1558 1561 1751 1608 Scytharum
1776 1563 1869 1596 limi-

1108 1619 1176 1644 tem
1188 1633 1198 1650 ,
1220 1611 1362 1656 populus
1380 1608 1434 1644 ille
1446 1610 1562 1656 pedem
1574 1623 1642 1645 non
1660 1613 1798 1653 extulit,
1813 1625 1872 1647 ne-

1110 1659 1190 1694 dum
1205 1670 1242 1693 ut
1252 1660 1285 1694 in
1295 1660 1409 1694 intima
1419 1658 1501 1695 Afiae
1510 1661 1687 1695 minoris&
1701 1660 1870 1709 SyriaeJu-

1109 1710 1209 1744 datam
1221 1709 1326 1744 versus
1337 1709 1497 1744 tenderet.
1527 1708 1668 1744 Istorum
1681 1710 1867 1748 seculorum

1109 1759 1275 1796 historiam
1285 1759 1435 1794 accurate
1446 1769 1563 1794 texunt
1576 1760 1743 1795 Herodotus
1754 1785 1764 1801 ‚
1772 1767 1868 1796 Xeno-

1103 1808 1203 1858 phom
1223 1811 1348 1852 thfias,
1367 1808 1508 1854 Berofics‚
1528 1813 1559 1844 &
1571 1811 1635 1844 alii.
1675 1811 1721 1844 Ex
1737 1810 1786 1844 his
1799 1812 1867 1845 cla-

1109 1871 1182 1895 rum
1199 1858 1242 1894 est
1262 1859 1352 1893 nulla
1368 1858 1502 1905 Scythas
1527 1871 1614 1894 arma
1630 1861 1763 1894 movisse
1780 1861 1868 1894 intra

1111 1909 1192 1945 fines
1203 1909 1344 1958 ,Imperii
1365 1905 1501 1948 Persici,
1526 1908 1605 1944 dum
1625 1910 1749 1945 viveret
1769 1911 1868 1944 Zoro-

1111 1958 1204 1994 babel.

1161 2008 1294 2044 Tertio.
1327 2010 1456 2045 Bellum
1483 2013 1546 2060 G⁰g
1568 2012 1599 2044 &
1618 2012 1734 2061 Magog
1754 2019 1869 2045 contra

1112 2059 1242 2106 Judaeos
1251 2070 1382 2094 motum
1396 2059 1529 2107 est‚post
1542 2059 1678 2094 reditum
1691 2062 1722 2093 in
1738 2059 1871 2094 Chana-

1115 2122 1297 2145 naeamnon
1308 2107 1438 2144 tantum
1450 2109 1654 2156 Judaeorum,
1663 2107 1715 2143 sed
1727 2110 1824 2142 etiarn
1835 2111 1870 2142 &

1113 2159 1351 2195 Israe'limrum‚
1374 2163 1407 2194 δε
1433 2159 1504 2206 post
1515 2161 1668 2193 omnium
1694 2155 1871 2193 duodecim

1114 2209 1261 2244 tribuum
1280 2210 1315 2242 in
1334 2219 1437 2241 unum
1457 2209 1610 2252 Regnum
1624 2204 1872 2253 redintegratio-

1114 2269 1190 2290 nem
1213 2269 1223 2288 :
1249 2257 1335 2300 Cap.
1351 2255 1440 2288 enim
1456 2267 1514 2300 37.
1541 2254 1661 2288 reditus
1683 2252 1824 2302 Ephraim
1840 2258 1875 2289 &

1115 2303 1227 2337 decem
1240 2301 1383 2336 tribuum
1400 2327 1409 2339 ‚
1423 2306 1601 2349 earumque
1614 2315 1689 2337 cum
1702 2303 1876 2340 [adama.

1114 2352 1225 2398 jamine
1238 2355 1269 2386 &
1290 2352 1370 2385 Levi
1389 2353 1616 2387 reconciliatio
1635 2350 1704 2387 fuse*
1722 2351 1878 2387 describi-

1115 2412 1250 2436 tutante
1269 2398 1393 2435 bellum
1411 2402 1585 2449 Gogicum
1606 2413 1676 2449 cap.
1693 2402 1747 2445 38.
1759 2415 1822 2437 nec
1839 2404 1875 2437 in

1117 2464 1219 2486 unum
1237 2451 1391 2497 Regnum
1411 2464 1487 2485 cum
1513 2449 1586 2485 Indi
1603 2454 1634 2486 &
1646 2451 1875 2498 Benjaminere-

1117 2501 1220 2535 du&ae
1233 2498 1353 2535 suntad
1363 2500 1451 2535 hunc
1463 2500 1562 2535 diem.

1165 2548 1311 2596 Qarto.
1323 2549 1398 2585 Post
1409 2548 1529 2585 bellum
1542 2550 1710 2597 Gogicum
1723 2547 1873 2598 prosper-

1117 2601 1220 2634 rimus
1240 2600 1273 2633 in
1294 2610 1448 2633 aeternum
1469 2600 1514 2634 est
1531 2599 1676 2634 Ecclesiae
1686 2600 1784 2634 status
1799 2623 1809 2636 ‚
1833 2610 1872 2634 ut

1118 2650 1259 2696 legimus
1273 2648 1357 2693 Cap.
1376 2660 1432 2695 39.
1448 2662 1478 2683 v.
1492 2661 1544 2684 22.
1556 2653 1588 2683 &
1601 2661 1658 2692 29.
1685 2651 1786 2697 Atqui
1797 2648 1867 2696 post

1116 2698 1183 2732 dies
1204 2695 1392 2731 Zorobabelcs
1410 2699 1554 2733 maximae
1573 2695 1705 2733 fuerunt
1722 2697 1869 2733 Ecciefiae

1117 2747 1328 2787 calamitates,
1339 2746 1414 2781 cum
1426 2747 1466 2781 ab
1479 2746 1645 2782 eAntiocho
1653 2760 1725 2782 tum
1735 2751 1750 2780 a
1760 2749 1870 2780 Ronm-

1116 2797 1170 2836 nis‚
1183 2806 1254 2829 tum
1263 2795 1303 2830 ab
1312 2794 1496 2844 Antichristo
1507 2795 1666 2831 Pontifice
1674 2798 1840 2830 Romano.

1164 2848 1227 2879 Pro
1236 2844 1264 2879 se
1276 2846 1342 2881 haec
1354 2844 1444 2880 affert
1464 2844 1659 2881 Theodoretus
1667 2857 1869 2891 argumenta,
1889 2848 1997 2877 Theodo-

1117 2895 1218 2928 ctiam
1232 2907 1306 2929 cum
1320 2895 1490 2930 stomacho
1503 2895 1771 2941 &indignatione
1790 2907 1871 2929 con·
1887 2893 1931 2917 Τὼ
1945 2900 2018 2928 “⁷3¹“

1888 2939 1969 2959 menta
1982 2941 2020 2958 re-

1879 2973 2006 3008 sinantur.

1117 2954 1165 2976 tra
1183 2955 1298 2976 ornnes
1317 2944 1520 2978 Christianos
1540 2943 1626 2990 quasi
1645 2943 1866 2991 judaizantes,

1117 2993 1173 3038 qui
1190 2991 1312 3026 bellum
1333 2992 1397 3026 hoc
1416 2993 1584 3038 Gogicum
1607 2992 1742 3027 credunt
1761 2993 1867 3028 adhuc

1118 3040 1264 3075 futurum
1275 3044 1305 3074 δι
1317 3040 1465 3074 nondum
1480 3043 1687 3087 praeteritum.

1167 3088 1288 3123 Primo.
1315 3090 1506 3133 ConjnnCm
1517 3091 1558 3124 est
1572 3091 1700 3126 historia
1711 3091 1789 3126 belli
1798 3093 1872 3126 Go—

1120 3140 1186 3186 gici
1198 3151 1272 3172 cum
1291 3137 1422 3173 historia
1440 3137 1559 3173 reditus
1570 3154 1607 3175 ex
1625 3141 1790 3187 Babylone
1802 3154 1870 3186 cap.

1125 3199 1180 3234 37.
1198 3186 1286 3236 Ergo
1296 3188 1436 3226 duohaec
1448 3188 1540 3225 simul
1552 3191 1745 3226 acciderunt.
1772 3189 1868 3234 Resp.

1738 3235 1867 3271 Omiss'o
