2048 3343
0 409 1 453 ζ
36 411 190 449 Relinquun-

0 481 1 485 Ἰ
36 461 80 481 tur
89 454 176 478 Anna-

0 494 1 524 ]
37 500 127 521 ratores
136 489 190 518 Bc!-

35 542 74 570 gl.

42 1057 132 1096 C.zpcll.³
153 1057 187 1089 &³

39 1100 147 1126 'altorum

42 1137 172 1174 nov-nsit:-

40 1181 122 1207 tentia
139 1188 175 1204 re-

37 1220 146 1258 scHImr.

456 137 534 164 ετ
591 123 1220 164 CHRoNoLOGICI
1281 111 1509 157 L1ss.11‚

199 200 274 236 sicut
290 207 358 234 ante
380 208 435 232 eos
450 196 548 231 versio
563 196 723 230 Gallicana
736 192 828 227 habet
846 189 968 238 [sabbat

200 249 313 284 second
328 248 470 295 primier]
492 244 651 280 obscurius
667 243 795 291 quidem
817 239 868 274 sed
883 237 967 273 secu-

201 301 281 338 rius,
298 298 384 346 quod
398 290 495 331 nemo
507 293 610 342 potest
623 294 802 340 vituperare,
817 301 888 323 cum
902 288 966 322 ori-

203 349 302 398 ginale
315 346 525 381 authenticum
538 344 700 389 sequantur
712 340 749 374 ad
757 337 905 373 amussim.

251 394 427 444 Priusquam
440 391 602 442 quaestioni
612 389 708 424 finem
722 385 910 435 imposuero,
921 395 967 419 at—

205 449 321 495 tingam
335 444 437 492 paucis
452 443 632 477 o6lmvam&
643 451 757 474 nonam
774 436 966 472 sententiam.

205 498 298 531 Notae
311 494 454 542 Belgicae‚
471 497 502 527 &
515 490 586 539 post
599 502 648 524 eas
663 489 839 536 Anglicanae
853 486 966 520 ultimae

204 547 296 580 varias
310 543 468 578 sententias
482 549 663 590 proponunt
670 539 746 572 nihil
759 536 812 584 ipsi
821 535 967 571 determi-

203 606 309 629 nantes
325 619 335 634 ,
360 591 497 628 nostram
517 589 674 638 septimam
687 587 803 622 habent
821 598 892 619 cum
909 582 965 618 suis

203 644 404 679 firmamentis
418 656 425 676 :
451 640 594 689 praeterezi
607 639 689 673 illam
703 640 792 672 ‘Bou
805 635 843 669 de
856 635 968 668 ultimo

205 698 399 741 Azy-morum
418 693 468 726 dic
482 715 491 730 ‚
518 695 549 726 &
563 689 694 723 aliorum
710 697 838 734 quoque
852 684 889 718 de
903 681 968 717 sab-

204 744 280 779 bato
295 745 325 777 in
339 740 522 777 Pentecoste
535 739 583 773 vel
596 736 666 784 post
681 733 897 771 Pentecosten.
935 735 969 765 In

206 793 315 828 oetivfi
334 793 391 826 liae
404 802 468 824 non
480 788 600 823 tantum
613 784 752 833 displicet
766 809 776 824 ,
802 783 889 831 quod
902 780 967 816 sen-

204 844 314 878 tentias
328 839 408 875 falsas
418 864 427 879 ‚
453 850 486 872 ut
499 838 590 872 nobis
604 837 740 875 videtur,
769 843 925 881 proponat
937 835 969 866 δέ

205 905 277 927 cum
290 891 358 925 vcra
371 899 526 936 exaequet,
551 886 600 921 sed
614 886 755 932 inprimis
768 884 855 932 quod
869 883 968 916 lefso-

205 956 253 976 res
269 942 420 988 relinquat
434 940 568 972 incertos
584 937 615 970 in
628 936 739 975 trivio,
754 945 849 982 quem
863 945 898 966 ex
913 931 967 965 tri-

205 992 264 1026 bus
278 991 383 1024 callem
401 988 572 1035 sequantur.

256 1042 352 1074 Nona
365 1045 395 1074 ἃ
409 1039 517 1072 ultima
530 1035 575 1070 est
587 1035 666 1083 apud
680 1032 873 1068 Balduirmm,
888 1033 969 1064 VW-

210 1092 292 1124 me
312 1103 347 1124 ex
367 1086 590 1137 Cloppenbnrgio
612 1089 643 1120 δι
660 1085 770 1132 Capella
786 1096 795 1123 ;
821 1080 969 1115 desidera-

211 1152 279 1174 mus
297 1141 328 1173 in
348 1140 464 1172 Vlialaeo
485 1133 599 1182 quod‚'
614 1133 686 1168 cum
699 1134 776 1166 hanc
793 1143 885 1165 unam
898 1128 971 1162 assc-

211 1202 255 1224 rat
269 1188 448 1223 sententiam
462 1187 497 1218 ad
511 1187 602 1218 Lucae
616 1184 722 1217 locum
734 1178 948 1216 elucidandum
961 1201 970 1216 ‚

210 1252 276 1273 non
289 1237 423 1272 omniuo
439 1233 681 1282 significet,quid
694 1234 725 1265 in
739 1232 775 1265 ea
788 1227 971 1287 iplivelpla-
989 1251 991 1259 i

211 1300 278 1322 ceat
297 1289 344 1321 vel
363 1287 516 1332 displiceat
530 1298 539 1323 ;
566 1296 625 1316 nos
641 1280 767 1329 quidem
780 1278 913 1312 rotunde
927 1274 971 1309 fa·
989 1285 991 1323 ,ᾖ
1006 1303 1071 1345 eius
1085 1299 1203 1338 nodus,
1216 1297 1237 1331 fi
1251 1298 1318 1345 quis
1329 1298 1441 1332 aliusin
1454 1298 1649 1345 Evangeliis‚
1669 1296 1704 1331 fit
1717 1295 1766 1330 so-

210 1349 312 1371 temur
331 1348 429 1370 totam
445 1334 537 1367 nobis
552 1330 709 1378 displicere
725 1343 733 1363 :
760 1339 868 1376 praeter
888 1327 971 1362 enim
990 1343 1071 1384 [lum
1084 1346 1294 1382 difficillimus·

211 1385 376 1434 professam
408 1384 609 1419 novitatem,
650 1377 781 1413 affirmat
814 1377 972 1411 sabbatum

212 1437 393 1475 35⁹⁷⁵5⁶¹⁷5⁶²Q⁹
421 1432 539 1478 semper
567 1429 747 1464 antecedere
778 1427 972 1461 ommonem
992 1460 993 1469 ¹
1009 1460 1058 1482 ma
1072 1446 1232 1482 Christum
1245 1445 1348 1480 statuit
1360 1443 1532 1493 anticipasse
1545 1446 1628 1478 diem
1640 1444 1770 1491 legalem

210 1484 381 1531 manipuli,
407 1482 516 1516 diebus
536 1478 703 1513 minimum
722 1476 863 1512 sedecim.
895 1475 975 1510 Esto

212 1535 244 1567 in
254 1534 435 1582 Judaeorum
449 1529 638 1564 lediionario
662 1527 726 1562 duo
749 1539 892 1574 apparere
905 1525 976 1558 anni

211 1587 243 1618 &
251 1582 400 1618 mensium
411 1580 558 1629 principia
566 1604 575 1619 ‚
587 1579 722 1626 primum
729 1575 879 1625 vigesimo
887 1586 974 1622 quar-

211 1644 247 1667 to
266 1633 356 1667 Tizri
378 1633 410 1666 in
429 1634 593 1665 Autumno
606 1653 616 1668 ,
645 1627 717 1662 cum
731 1652 741 1667 ‚
773 1639 805 1661 ut
825 1626 863 1660 ab
884 1625 973 1658 initio

211 1682 340 1723 muudi,
363 1679 648 1728 annusJudaeorum
662 1677 758 1711 civilis
770 1676 908 1723 incepit;
931 1672 974 1708 se-

210 1734 349 1766 cundum
361 1744 430 1767 vere
442 1732 474 1765 in
489 1729 665 1765 Novilunio
678 1724 815 1766 Nisanis,
834 1738 904 1760 cum
920 1737 972 1758 an-

210 1794 268 1816 nus
286 1781 365 1816 sacer
382 1795 422 1816 ex
436 1781 503 1815 Dei
521 1779 665 1813 mandato
685 1776 755 1824 post
773 1779 880 1824 populi
901 1777 973 1818 ’ἐξοδὶν

212 1832 351 1865 inchoari
361 1830 451 1876 jussus
463 1829 520 1864 est:
532 1842 597 1863 non
610 1839 710 1862 tamen
719 1827 832 1874 probat
839 1830 973 1878 Cloppen-

210 1881 331 1930 [νηὶ-[ζὼς
350 1882 419 1914 anni
439 1879 559 1913 sabbata
574 1879 637 1912 dno
650 1876 787 1911 habuisse
806 1879 970 1926 principia,

210 1932 250 1965 ita
265 1944 297 1965 ut
311 1932 443 1978 primum
458 1928 614 1963 sabbatum
627 1928 697 1961 anni
711 1927 807 1961 civilis
821 1929 973 1963 diceretur

212 1985 392 2020 *rpx‘rctxfaQQ
415 1985 446 2015 ὃς
460 1981 594 2025 primum
608 1978 678 2012 am'll
692 1975 764 2011 sacri
781 1980 970 2021 Seorspa'wpmqqu,
990 1984 992 2007 ζ

210 2048 281 2068 nam
295 2037 324 2069 id
340 2037 425 2083 quod
439 2035 524 2069 affert
538 2048 573 2068 ex
598 2045 676 2076 *720
709 2027 838 2075 mim-m
866 2047 971 2069 recen·
990 2033 991 2052 ³

1715 127 1762 165 79

1004 188 1248 239 Cloppenburgius
1263 189 1317 236 qui
1334 188 1485 223 affirmat:
1509 198 1568 235 pro
1587 184 1616 221 se
1634 182 1761 234 quidcxil

1003 240 1075 273 citat
1088 237 1236 285 Iofi’phum
1245 262 1256 278 ,
1271 236 1320 273 sed
1333 248 1440 285 praeter
1453 236 1588 272 auctoris
1600 247 1737 270 mentem
1750 261 1761 277 ‚

1003 287 1069 321 imo
1085 292 1116 322 &
1129 286 1336 323 contraverba
1343 299 1409 334 quae
1421 285 1481 333 ipse
1489 299 1525 320 ex
1538 285 1594 330 J⁰fi
1613 285 1649 318 ho
1662 284 1761 326 affert,

1002 336 1034 368 in
1046 337 1159 383 quibus
1167 335 1332 372 affirmatur
1338 346 1407 370 ante
1415 336 1570 370 decimum
1578 296 1692 369 sssxtum
1700 336 1763 369 Ni-

1003 382 1050 418 san
1059 385 1185 431 Judaeos
1200 384 1313 433 segetes
1331 384 1425 419 nullas
1437 384 1486 419 vel
1506 382 1651 432 tetigisse,
1679 389 1693 417 ἐ
1713 386 1761 426 φάς

1005 434 1020 479 (
1033 433 1134 481 iuquit
1147 435 1162 479 )
1188 435 1295 473 ἥψκνῖςε
1317 435 1414 469 Ratio
1426 433 1491 467 haec
1504 433 1600 466 valida
1612 432 1656 467 est
1670 433 1762 467 etiam

1002 494 1110 519 contra
1123 481 1290 532 Capellam,
1309 484 1363 531 qui
1374 483 1446 517 licet
1457 480 1718 530 Cloppenbnrgium
1730 483 1763 516 in

1003 533 1155 579 aliquibus
1174 532 1327 579 corrigat,
1352 542 1456 567 tamen
1474 532 1506 565 in
1524 530 1586 564 hoc
1605 528 1738 577 sequitur
1750 555 1762 571 ‚

1003 582 1090 631 quod
1100 580 1257 617 sabbatum
1272 581 1451 620 δὶυτερόπρωῖςν
1464 578 1650 614 antecesserit
1659 580 1764 614 secun-

1004 633 1077 666 dum
1091 634 1299 678 Azymorum,
1311 629 1405 678 idque
1417 642 1531 664 novem
1544 628 1661 675 semper
1672 629 1765 663 mini-

1004 681 1091 715 mum
1104 681 1229 716 diebus.·
1261 680 1337 714 Hoc
1353 680 1382 714 ei
1394 691 1490 715 nemo
1503 679 1676 714 ἀοξὶοωῐῐι
1687 691 1765 713 con-

1004 731 1103 766 cedet.
1286 743 1289 744 ⁷

1167 812 1468 852 QuAEs‘rxo
1509 812 1603 840 x111.

1005 868 1079 901 eAn
1095 869 1133 905 ὅ]
1146 876 1239 912 quare
1251 865 1388 897 Christus
1399 886 1408 899 ‚
1436 865 1578 897 ultimum
1588 863 1681 907 situm
1694 865 1766 896 ‘Pa-

1044 915 1119 960 ftha
1131 912 1194 948 und
1207 915 1287 947 nofle
1301 906 1452 948 maturi&
1464 913 1658 947 celebraverit
1672 911 1766 960 qua'm'

1050 967 1143 998 caeteri
1152 962 1238 997 ludaec'
1244 966 1261 995 ,θ

1106 1052 1231 1091 Obilis‚
1256 1050 1395 1098 antiqua,
1433 1055 1466 1086 δε
1485 1049 1616 1085 difficilis
1637 1050 1703 1084 satis
1722 1049 1767 1084 est·

1105 1101 1234 1149 quaestio
1249 1101 1287 1135 de
1300 1112 1376 1134 vero
1391 1100 1440 1135 die
1454 1113 1519 1148 quo
1528 1100 1671 1134 ultimum
1679 1098 1766 1133 suum

1006 1151 1117 1187 Pascha
1131 1151 1274 1186 Christus
1287 1150 1464 1185 celebravit:
1498 1148 1563 1183 Etsi
1581 1150 1678 1183 nolim
1693 1160 1766 1195 pro-

1007 1200 1086 1235 fiteri
1100 1213 1171 1235 curn
1185 1200 1346 1249 Spalatenfi
1358 1199 1409 1232 lib.
1422 1212 1447 1245 5.
1465 1198 1503 1233 de
1514 1199 1640 1245 Repub.
1654 1211 1718 1245 cap.
1733 1203 1764 1231 6.

1006 1264 1107 1298 parag.
1123 1254 1196 1284 260.
1215 1248 1345 1283 dubium
1358 1248 1421 1282 hoc
1434 1246 1493 1282 esse
1505 1258 1567 1281 tam
1580 1248 1702 1296 ingens,
1732 1257 1766 1280 ut

1054 1400 1136 1432 Tres
1145 1397 1273 1431 sunthac
1282 1396 1319 1430 de
1326 1407 1358 1430 re
1367 1395 1521 1431 sententiae
1529 1395 1689 1442 primariae.
1701 1395 1770 1429 Pri-

1008 1496 1157 1532 Paschatis
1169 1521 1180 1536 ,
1212 1496 1265 1543 qui
1284 1493 1343 1529 fuit
1361 1494 1431 1529 lunai
1450 1495 1694 1541 decimaquarta,
1720 1492 1771 1527 seu

1009 1546 1121 1581 mensis
1134 1547 1225 1593 primi
1237 1541 1333 1578 Nisan
1346 1545 1394 1578 die
1409 1544 1664 1591 decimoquarto,
1684 1542 1724 1576 ita
1737 1552 1772 1577 ut

1009 1597 1098 1642 hujus
1107 1594 1216 1629 mensis
1226 1595 1275 1629 die
1287 1594 1413 1628 decimo
1427 1594 1520 1628 tertio
1527 1594 1671 1626 ultimum
1684 1590 1772 1626 suurn

1009 1645 1117 1682 Pascha
1124 1643 1267 1680 Christus
1275 1643 1438 1678 celebrarit
1450 1655 1515 1676 uno
1529 1642 1578 1677 die
1592 1653 1661 1676 ante
1674 1647 1785 1676 coete-‘

1007 1695 1232 1743 terosJudaeos‚
1263 1692 1401 1727 Secunda
1413 1691 1458 1726 est
1466 1704 1575 1726 eorum
1583 1692 1636 1739 qui
1649 1690 1772 1726 Domi-

1008 1759 1082 1781 num
1107 1745 1157 1779 die
1179 1743 1338 1778 ordinario
1357 1743 1448 1777 Luna
1465 1740 1692 1788 decimaquarta
1711 1739 1771 1775 una

1008 1809 1079 1832 cum
1087 1793 1320 1841 caeterisJudaeis
1328 1791 1411 1826 suum
1421 1789 1532 1826 Pascha
1538 1789 1704 1826 celebrasse
1711 1789 1772 1824 do-

1007 1857 1087 1882 cent.
1114 1845 1235 1883 Tertia,
1249 1855 1317 1891 quae
1335 1841 1379 1877 est
1391 1840 1508 1882 nostra,
1517 1839 1689 1888 anticipasse
1701 1839 1773 1887 qui-

1008 1897 1078 1931 dem
1097 1892 1258 1929 Christum
1272 1892 1401 1939 Judaeos
1413 1891 1477 1927 vult
1489 1903 1554 1924 uno
1566 1891 1616 1925 die
1629 1914 1640 1929 ‚
1665 1889 1716 1923 sed
1730 1889 1772 1922 ita

1009 1958 1042 1980 ut
1063 1945 1113 1979 ille
1133 1944 1215 1978 diem
1234 1942 1364 1989 legalem
1383 1940 1683 1988 decimumquartum
1696 1962 1707 1978 ,
1737 1937 1771 1971 hi

1008 1997 1091 2031 diem
1117 1993 1324 2040 posteriorem
1337 2015 1347 2032 ‚
1377 1990 1683 2037 decimumquinturn
1707 1986 1771 2021 ob-

1009 2044 1203 2080 servaverint.

1066 2092 1228 2128 Sententiae
1247 2090 1352 2137 primae
1366 2088 1510 2123 auetores
1523 2092 1554 2124 &
1568 2087 1690 2136 patroni
1703 2083 1770 2120 sunt
1785 2101 1855 2129 Mape
1862 2112 1899 2129 re*

1008 2144 1197 2178 recentiores
1211 2140 1331 2179 Graeci3
1342 2138 1414 2172 dico
1425 2139 1624 2176 recentiores,
1633 2136 1705 2182 quia
1717 2148 1769 2169 an-
1782 2144 1899 2170 centiores

1007 2195 1159 2240 tiquiores
1173 2190 1401 2237 Chrysofbomus,
1411 2186 1605 2236 Epiphanius,
1615 2185 1767 2233 Theophy-
1785 2184 1861 2209 Graci
1870 2191 1919 2227 vo.-

1007 2245 1101 2275 [astus
1114 2241 1200 2275 &alii
1215 2241 1245 2272 in
1258 2238 1348 2272 tertiz‘i
1361 2235 1426 2270 sunt
1442 2234 1604 2271 sententia:
1624 2232 1767 2281 antiquis-
1783 2222 1839 2250 lunt
1848 2221 1926 2266 Cbm‘.

1008 2290 1074 2323 simi
1093 2301 1193 2323 autem
1214 2288 1403 2321 Graecorum
1421 2285 1540 2320 tantum
1553 2282 1718 2319 abfuerunt
1730 2282 1767 2316 ab
1777 2262 1941 2338 ξῖἵψαῖζὲζ

1007 2339 1064 2372 hac
1077 2336 1287 2384 posteriorum
1301 2345 1415 2374 mente,
1425 2346 1457 2368 ut
1470 2335 1484 2368 ἃ
1492 2336 1639 2381 pertinaci
1650 2333 1699 2367 sua
1713 2334 1767 2366 Pa·
1784 2344 1876 2369 timum
1887 2345 1937 2369 Pa-

1009 2386 1116 2420 schatis
1142 2388 1173 2419 in
1199 2385 1288 2419 Luna
1309 2383 1536 2429 decimaquarta
1561 2382 1768 2416 celebratione
1780 2381 1875 2419 schatis

209 2097 298 2130 tioris
323 2097 461 2130 Rabbini
485 2109 580 2142 opere
599 2095 794 2129 Germanico
812 2088 849 2129 de
871 2094 972 2130 Resch

209 2144 382 2181 Varisthon
397 2148 499 2193 primo
513 2159 546 2179 ac
560 2147 678 2192 primo,
703 2156 768 2177 non
783 2144 894 2192 probat
907 2149 972 2192 ejus
990 2180 991 2183 ,

210 2195 393 2230 institutum.
420 2196 508 2229 Licet
533 2196 616 2229 enim
636 2194 776 2228 daremus
800 2207 912 2228 novam
937 2207 973 2229 ac

210 2243 351 2280 subtilem
364 2248 429 2290 ejus
443 2244 668 2290 expositionem
686 2240 787 2275 Resch
800 2242 972 2276 Varischon

211 2295 345 2340 primum
365 2299 394 2328 δέ
421 2292 601 2328 secundum,
625 2292 688 2325 hoc
701 2302 803 2325 tamen
821 2304 886 2324 non
899 2290 972 2325 essct

212 2346 298 2376 Lttcae
322 2344 497 2382 ὒεπερόπρωῇν
522 2339 570 2374 sed
591 2340 790 2379 22-me855†2?011‚
826 2341 912 2385 quod
927 2340 970 2372 est

212 2392 308 2439 longe
320 2390 412 2424 aliud.
438 2388 594 2424 Secundo.
606 2400 671 2421 non
684 2387 823 2433 loquitur
834 2389 971 2435 Cloppen-

212 2441 334 2489 bmgius
341 2440 377 2474 de
386 2437 539 2487 principio
548 2437 741 2472 sabbatorum
750 2460 758 2471 ‚
781 2436 829 2470 sed
843 2437 879 2470 de
888 2438 971 2482 prin-

212 2491 298 2538 cipio
306 2490 375 2524 anni
390 2493 420 2523 &
433 2487 598 2523 mensium,
613 2485 971 2535 ‘quodniliiladnostram

211 2540 426 2587 quaestionem.
450 2537 576 2573 Tertio.
589 2539 711 2572 Fatetur
726 2534 968 2585 Cloppenburgim

211 2589 369 2623 sabbatum
377 2588 440 2622 hoc
448 2585 533 2621 suum
547 2590 725 2628 ἕζυτερᾶπρωῖεν
738 2586 908 2632 plerunque
922 2598 971 2619 ca-

210 2639 282 2672 dere
295 2640 325 2672 in
339 2636 473 2672 mensem
483 2637 682 2672 Februarium
696 2647 764 2669 ante
778 2637 879 2682 primfi
889 2636 972 2669 diem

210 2688 348 2727 Nisanis,
369 2689 408 2722 ita
425 2698 457 2720 ut
469 2700 532 2721 non
547 2686 581 2720 sit
593 2685 726 2719 omnino
744 2688 897 2732 primum,
923 2684 972 2719 sed

210 2738 353 2772 ultimum
367 2738 437 2771 anni
453 2735 618 2770 sabbatum.
646 2735 784 2783 Qarto.
804 2735 972 2769 Sabbatum

210 2787 290 2821 istud
305 2786 526 2835 Clopfxenbxrgit
537 2797 585 2820 tot
600 2785 707 2818 diebus
722 2796 790 2817 ante
804 2783 970 2818 secundum

212 2840 407 2883 Azymorum
421 2838 451 2870 in
465 2837 587 2870 decimo
601 2833 685 2867 sexto
702 2832 795 2868 Nisan
808 2832 879 2867 cum
893 2832 973 2866 offe-

213 2887 334 2920 rebatur
348 2887 538 2932 mmfipulus,
559 2883 723 2924 existebat3
738 2884 884 2916 nimirum
899 2880 974 2929 saepe

213 2936 288 2969 totis
301 2936 408 2982 viginti
416 2935 538 2969 duobus
546 2959 555 2974 ,
566 2939 597 2969 ὃς
607 2946 763 2981 nunquam
771 2932 872 2966 minus
881 2933 974 2980 quam

213 2983 360 3024 sedecim,
379 2995 411 3018 ut
424 2982 523 3031 fruges
538 2996 661 3018 matura:
674 2996 740 3017 tum
753 2983 902 3030 temporis
917 2981 974 3016 esse

215 3046 280 3068 non
295 3035 460 3078 potuerint.
484 3032 814 3071 Lisinterd0&0scst‚
831 3044 904 3065 num
912 3032 974 3065 Ni-

215 3081 289 3116 sanis
302 3083 427 3116 decimo
436 3082 519 3116 sexto
534 3081 618 3129 spicae
637 3084 814 3117 hordeaceae
828 3083 858 3115 in
872 3081 976 3128 Judaefi

216 3130 468 3168 maturescerent,
487 3129 540 3166 'sed
554 3145 590 3165 an
603 3131 722 3166 Nisanis
735 3124 877 3180 primoin
887 3131 975 3164 novi-

217 3183 308 3216 lunio
322 3192 372 3215 aut
397 3181 503 3215 dicbus
529 3182 647 3228 aliquot
672 3180 924 3216 antecedentibus
944 3180 976 3213 in

219 3229 322 3267 mense
347 3230 513 3266 Februario
539 3233 754 3271 maturuerint,
792 3232 909 3278 primus
932 3228 977 3263 est
997 3266 998 3271 ¹

1010 2435 1365 2485 Qartadecimanorum
1378 2435 1408 2466 &
1425 2430 1715 2469 Tewapsmoqstw-Aw,
1728 2430 1770 2464 τί,
1785 2422 1859 2450 diem.

1009 2490 1076 2520 tulo
1091 2483 1326 2521 infamarentur,
1350 2479 1519 2528 quinetiam
1533 2478 1549 2513 ὲ
1563 2477 1725 2511 Philan-rao
1738 2483 1770 2514 &

1010 2536 1201 2583 eAtaegnfflno
1220 2534 1250 2565 in
1268 2531 1484 2565 haereticorum
1498 2528 1653 2574 Catalogo
1667 2525 1771 2576 dispo-

1010 2595 1156 2620 nerentur
1170 2597 1178 2623 ;
1206 2594 1269 2615 non
1282 2592 1345 2614 tam
1358 2579 1446 2628 quod
1460 2575 1568 2613 Pascha
1583 2577 1771 2612 celebrarent

1010 2648 1080 2670 cum
1107 2632 1237 2667 Christo
1263 2628 1358 2665 Nifim
1383 2629 1622 2675 decimoquarto
1634 2651 1644 2667 ,
1677 2627 1771 2674 quam

1010 2684 1098 2733 quod
1112 2681 1275 2717 secundum
1289 2681 1390 2727 legem
1403 2676 1573 2715 Mosaicam
1587 2701 1597 2716 ,
1623 2677 1770 2711 omnibus

1010 2733 1194 2770 Christianis
1217 2731 1423 2765 necessitatem
1444 2728 1641 2775 imponerent
1659 2739 1699 2761 eo
1719 2727 1770 2761 die

1010 2783 1196 2819 celebrandi.

1057 2834 1126 2865 Hae
1134 2833 1171 2865 de
1183 2843 1215 2864 re
1228 2829 1403 2877 permultos
1416 2839 1512 2861 annos
1527 2826 1562 2860 lis
1573 2826 1665 2860 nimis
1676 2837 1769 2873 quarn
1787 2823 1933 2862 Explicatur

1010 2881 1119 2916 acerba
1131 2881 1272 2928 vigum&
1284 2876 1614 2913 Ecclefiasorientales
1627 2875 1665 2909 ab
1674 2875 1769 2931 οεςῑ-
1786 2864 1940 2945 {figes-

1011 2931 1183 2965 dentalibus
1197 2929 1342 2977 pudendo
1352 2926 1505 2961 schismate
1518 2924 1597 2972 pene
1609 2923 1774 2972 separaVit:

1011 2981 1085 3016 vero
1099 2980 1165 3014 imo
1178 2979 1232 3013 nisi
1245 2981 1341 3012 Irenaet
1357 2974 1569 3025 Lugdunensis
1582 2987 1690 3023 magna
1701 2987 1773 3009 mo-

1012 3030 1124 3075 destia,
1139 3042 1195 3063 nec
1209 3029 1312 3062 minor
1322 3028 1506 3065 auctoritas,
1521 3026 1643 3059 [hilaris
1651 3026 1772 3059 Roma-

1013 3081 1044 3113 ni
1059 3077 1220 3114 Pontificis
1241 3077 1417 3112 Orientales
1431 3087 1541 3109 omnes
1556 3073 1773 3108 excommuni-

1013 3129 1143 3163 cationis
1155 3128 1219 3161 telo
1233 3126 1323 3161 ferire
1337 3127 1431 3172 parati
1444 3123 1606 3172 superbum
1618 3120 1772 3159 fervorem

1013 3176 1204 3225 temperasset
1220 3201 1230 3216 ,
1255 3187 1322 3210 tota
1335 3174 1470 3210 Ecclesia
1483 3187 1523 3208 eo
1539 3174 1684 3208 incendio
1697 3183 1772 3206 mox

1013 3227 1236 3276 conflagratum
1248 3225 1425 3264 videbatur:
1441 3224 1564 3261 tandem
1577 3224 1702 3259 Nicaena
1717 3222 1773 3302 {y-

1674 3281 1716 3305 no
1732 3280 1774 3303 „us
