2048 3343
37 2635 145 2661 Tertium

36 2682 165 2709 argumen-

34 2720 88 2740 tum
95 2715 174 2742 Calvi
180 2732 186 2736 -

28 2751 62 2788 fit
72 2753 90 2780 ὰ
99 2758 171 2792 Cyre.

35 2794 72 2819 nii
79 2794 163 2827 desiri-

33 2833 154 2870 prim-rhus

36 2881 82 2899 non
89 2874 120 2908 cst
127 2875 186 2911 sbti.

35 2912 103 2940 dum.

455 143 533 170 ET
590 131 966 170 Curtonor„

207 206 272 238 rior
285 215 352 237 mea
366 203 545 250 hypothesis
559 204 598 238 de
611 202 820 238 coincidentia
832 201 897 237 veri
915 212 966 234 na-

206 254 273 287 talis
289 266 359 286 cum
374 265 455 287 anno
470 254 577 287 mundi
590 263 638 287 ter
650 251 813 286 millesimo
823 261 967 296 nongen-

207 301 316 336 tefimo
332 302 563 350 quadragesimo
584 302 696 348 quinto
721 299 838 345 (longe
858 308 966 332 contra

206 353 324 400 Keplcri
331 356 361 386 δι
375 354 506 384 ‘Petavit
517 352 549 383 in
555 350 640 383 annis
653 347 759 382 mundi
767 344 962 393 sententiam)

207 402 243 434 ad
264 399 399 434 amussim
413 398 574 445 quadraret
588 412 595 431 ε
613 395 664 431 sed
678 408 787 431 vereor
803 406 836 430 ut
848 396 931 430 binis
947 395 965 431 ὲ·

205 449 313 484 contra
328 448 496 482 rationibus
511 446 601 494 possit
608 445 758 480 satisfieri:
773 446 859 493 prior
873 444 917 479 est
925 446 963 479 de

205 497 306 545 eclipsi
315 500 408 531 Lunae
419 496 554 546 §Jofiepho
568 497 672 531 notat}
680 495 772 542 paulo
785 506 854 530 ante
861 498 964 529 morte

205 548 352 587 Herodis3
367 546 446 581 hanc
460 548 588 595 Scaltger
601 544 766 580 secundum
779 555 963 591 computum

204 595 463 630 Astronomicum
473 595 609 630 accidisse
616 594 745 629 affirmat
752 595 842 628 initio
849 595 962 641 Janua-

205 647 243 679 rii
263 658 345 679 anno
359 645 485 693 Juliano
504 643 735 693 quadragesimo
748 644 862 691 quinto
874 667 882 680 ‚
911 653 962 677 aut

206 694 438 743 quadragesimo
451 706 576 742 quarto,
602 696 688 737 cujus
700 694 818 727 Martio
833 693 961 727 Herodes

206 744 332 779 occidit.
357 746 463 778 Altera
478 744 522 778 est
534 767 543 780 ,
569 742 657 791 quod
670 740 833 777 secundum
845 743 962 790 Kepleri

206 792 400 832 sententiam,
415 794 507 827 Lucae
520 792 607 826 locus
620 793 658 826 de
671 792 757 826 annis
770 789 888 826 Christi
904 791 960 825 tri-

204 844 288 890 ginta
301 842 507 876 extendendus
521 841 555 876 sit
567 841 603 876 ad
616 841 738 888 triginta
751 851 822 875 tres.

254 892 304 927 Ad
324 892 453 939 primam
473 892 600 939 quidem
625 889 691 924 satis
715 889 885 924 commod&
912 900 960 923 rc-

205 939 356 988 spondere
369 941 488 975 videtur
508 942 649 988 Keplerus
669 940 785 974 docens
805 939 960 988 Jofi’phnm

205 989 323 1026 notasse
338 992 433 1024 Lunae
447 990 579 1037 Eclipfin
595 1002 661 1024 non
677 990 708 1022 in
717 990 869 1036 Januario
885 987 960 1022 totis

205 1040 303 1074 tribus
317 1039 470 1074 mensibus
483 1051 552 1074 ante
564 1038 690 1074 Herodis
702 1048 851 1074 mortem,
866 1038 915 1072 sed
929 1037 959 1070 in

205 1091 325 1124 Martio
338 1089 372 1123 eci
385 1088 448 1136 ipsfi
461 1091 572 1128 noete,
587 1090 648 1136 qua
656 1087 960 1135 Herodcs'Magistros

202 1139 328 1187 Judaeos
343 1151 413 1173 cum
427 1138 577 1186 discipulis
588 1137 708 1178 exuffit,
728 1137 773 1171 ob
788 1136 955 1171 detrastam

204 1189 243 1222 de
256 1191 347 1235 porta
360 1188 465 1234 templi
477 1199 597 1221 auream
606 1183 685 1220 suam
695 1186 856 1233 Aquilam:
869 1189 958 1219 &ve-

203 1238 242 1271 ro
255 1237 464 1284 annoJuliano
471 1235 701 1284 quadragesimo
709 1234 840 1270 secundo
848 1258 857 1274 ,
872 1236 956 1268 Mar-

204 1287 240 1321 tii
248 1287 372 1320 decimo
380 1287 474 1320 tertio
481 1310 490 1325 ,
507 1287 560 1334 qui
568 1298 682 1333 paucos
691 1282 809 1319 tantum
817 1284 880 1318 dies
892 1286 957 1317 He-

202 1335 279 1368 rodis
291 1346 425 1370 mortem
438 1335 606 1374 antecessit,
626 1332 654 1369 se
666 1335 707 1368 ait
718 1333 883 1368 secundum
894 1333 956 1368 suas

202 1385 318 1418 tabulas
331 1385 468 1419 invenire
477 1383 598 1432 eclipsin
609 1386 703 1418 Lunae
710 1384 878 1432 digitorum
892 1381 956 1422 sex,

201 1434 264 1468 hoc
276 1433 296 1467 si
310 1447 415 1469 verum
429 1433 488 1474 est,
503 1446 550 1468 res
557 1432 842 1474 videturconfeeta,
858 1435 956 1468 &Ke-

198 1486 296 1531 plerus
309 1484 418 1518 vicisse.

251 1534 351 1582 Qod
364 1533 400 1567 ad
413 1532 688 1567 enervandumhoc
696 1532 953 1567 Astronomicum

202 1593 419 1630 argumentum
438 1582 550 1627 objicit
573 1582 774 1628 Spanhemius
789 1606 798 1618 ‚
824 1579 955 1617 solidum

200 1645 266 1666 non
280 1631 323 1666 est
338 1657 347 1671 ‚
372 1631 483 1666 scilicet
507 1631 630 1678 eclipsin
649 1631 665 1666 a
684 1630 800 1681 Josepho
817 1642 954 1666 notatam

200 1680 286 1716 fuisse
299 1681 425 1716 totalem
441 1706 449 1721 ‚
473 1693 566 1728 quam
585 1681 661 1716 vcro
683 1683 800 1716 notavit
815 1683 954 1729 Keplerus

198 1729 285 1766 fuisse
297 1731 416 1766 tantum
431 1731 601 1778 partialem,
621 1730 657 1765 ad
668 1732 763 1766 Lunae
772 1731 935 1765 dimidium
943 1745 954 1773 ;

199 1781 297 1816 Certe
305 1781 325 1815 si
333 1779 505 1828 inspexisset
512 1780 711 1827 Spanhemius
718 1779 830 1829 Joftphi
837 1781 954 1821 locum,

197 1831 257 1865 tale
271 1830 420 1878 effugium
433 1841 541 1864 contra
558 1832 716 1878 Keplerum
733 1842 798 1864 non
811 1830 953 1877 protulis-

198 1878 256 1914 set:
270 1880 388 1914 nullum
404 1880 489 1914 enim
502 1882 566 1924 jota
579 1880 617 1913 de
630 1880 718 1914 totali
731 1877 856 1914 defestu
865 1878 954 1928 Jose-

198 1928 277 1976 phus
291 1928 417 1976 scripsit,
432 1931 506 1977 quin
520 1930 612 1963 etiam
625 1929 758 1964 dimidiae
767 1931 862 1964 Lunae
869 1928 954 1965 defe-

198 1979 267 2012 &us
281 2004 291 2018 ‚
316 1979 479 2014 refriffime
497 1992 574 2015 verce
587 1977 732 2026 eclipseos
745 1981 873 2015 nomine
885 1979 953 2015 insi-

197 2038 310 2076 guitur.

246 2078 334 2128 Qid
349 2078 384 2112 ad
398 2077 504 2112 locum
517 2081 602 2111 Luca
614 2080 756 2127 Keplerus
769 2078 952 2127 respondere

196 2127 288 2173 possit
312 2127 398 2164 ἐπέχω,
419 2128 519 2161 donec
532 2131 596 2172 ejus
609 2132 639 2163 &
655 2130 775 2174 Calvisii
793 2128 899 2177 scripta
918 2131 952 2164 in

197 2177 259 2210 hoc
272 2187 453 2224 argumento
466 2176 627 2211 adversaria
640 2178 672 2211 in
685 2191 791 2212 manus
806 2180 929 2213 veniant
943 2193 951 2214 ε

197 2224 464 2272 impraesentiarum
489 2236 703 2273 argumentum
728 2240 789 2272 prae
806 2228 949 2262 manibus

197 2275 274 2308 ultra
287 2272 446 2318 Calvisium
461 2287 526 2308 non
540 2288 638 2322 urgeo
650 2304 661 2321 ‚
687 2275 801 2310 scilicet
812 2289 872 2323 pro
884 2277 948 2311 vul-

198 2324 276 2370 garis
288 2335 351 2356 aerae
364 2323 508 2356 bienniali
522 2325 626 2356 natalis
638 2325 701 2358 veri
713 2325 951 2370 anticipatione:

198 2371 220 2404 si
233 2372 371 2419 Keplerus
384 2372 631 2418 anticipationem
640 2372 899 2419 quinquennalem
906 2373 952 2408 vel

200 2420 263 2454 hoc
276 2420 323 2455 vel
338 2420 399 2453 alio
411 2432 599 2468 quocunque
617 2431 801 2468 argumento
820 2421 950 2456 demon-

199 2468 292 2503 strare
305 2467 419 2516 posset,
439 2469 469 2503 id
482 2468 617 2504 efficeret
630 2469 749 2517 optimz'i
762 2469 867 2505 nostra
881 2483 952 2505 cum

201 2519 296 2566 gratia
306 2543 314 2555 ‚
326 2519 379 2566 qui
394 2519 432 2552 ita
439 2518 535 2552 nostri
543 2519 787 2553 calculirationes
795 2519 953 2555 bellissime⁷

201 2566 396 2602 confirmatas
409 2568 636 2604 arbitraremur.

247 2618 392 2652 Tertium
405 2617 502 2652 adhuc
514 2629 727 2667 argumentum
741 2616 872 2666 proferri
879 2618 955 2655 solet

201 2678 258 2714 pro
267 2667 462 2702 conclusione
470 2668 591 2704 Calvifii
599 2667 636 2702 ab
644 2669 776 2707 εἰπτῖεᾳφῑὲ
784 2672 868 2716 Syriae
876 2673 953 2705 Prae-

204 2715 272 2750 sidis
284 2717 417 2765 Cyrenii
438 2719 513 2751 Luc.
528 2731 555 2752 2.
569 2731 590 2752 1.
607 2717 668 2752 Sed
681 2718 754 2752 dum
768 2719 874 2753 omnia
887 2732 953 2767 per-

204 2766 325 2812 pende,
345 2779 412 2813 quae
425 2764 464 2800 sat
478 2765 661 2802 multasunt‚
680 2780 747 2813 quae
756 2767 795 2801 de
814 2770 957 2807 dmmzwrss

202 2814 257 2849 hac
270 2815 375 2862 scripta
387 2817 508 2862 reperio
520 2816 599 2863 apud
612 2818 796 2852 waramum,
811 2813 954 2858 Causabo-

202 2877 286 2904 num,
295 2868 537 2905 Momactm'nm,
548 2865 771 2914 Spanhemium,
777 2867 951 2905 Patavium,

206 2915 382 2946 Torniellum
391 2940 400 2954 ,
414 2919 445 2950 δε
458 2915 533 2949 alios
542 2939 551 2954 ,
564 2927 628 2948 non
642 2914 719 2948 mihi
732 2913 859 2962 quidem
871 2915 952 2949 vide-

202 2974 251 2996 tur
263 2961 380 2996 c'ertum
392 2965 517 3011 aliquod
529 2974 743 3012 argumentum
755 2976 791 2998 ex
804 2963 953 2998 omnibus

202 3011 301 3046 afferri
308 3024 364 3058 pro
372 3012 566 3049 conclusione
579 3014 679 3049 dieta:
691 3026 761 3048 nam
776 3012 883 3048 demus
890 3015 952 3060 pri-

202 3061 273 3100 mo,
297 3061 382 3108 quod
400 3062 487 3108 pauci
499 3064 560 3106 jam
571 3064 659 3098 doffi
671 3074 782 3111 negant
797 3087 807 3102 ,
832 3062 881 3096 bis
896 3061 952 3109 Ju-

202 3110 292 3143 dream
307 3108 484 3157 descripsisse
496 3112 681 3157 Cyrenium:
700 3112 812 3148 ultimo
825 3112 951 3159 quidem

203 3159 273 3207 post
295 3159 462 3208 relegatum
485 3161 671 3196 Archelaum
693 3175 776 3197 anno
793 3161 919 3196 decimo
936 3161 952 3195 a

204 3220 305 3245 morte
319 3210 461 3251 Herodis,
481 3211 519 3246 de
532 3212 593 3259 qui
607 3209 808 3260 descriptione
821 3209 887 3248 fuse
896 3212 952 3259 Jo-

998 128 1532 169 001c1L113.11.
1714 142 1756 181 41

1002 198 1127 248 feralius,
1144 199 1248 248 primo
1261 209 1362 235 autem
1375 202 1446 238 ant'e
1459 211 1594 236 mortem
1606 201 1734 237 Herodis
1743 226 1755 240 ‚

1001 262 1068 296 qua:
1088 248 1306 297 descriptiones
1327 250 1462 284 omnino
1483 251 1562 286 inter
1581 249 1610 285 se
1635 249 1756 286 diversae

999 297 1066 333 sunt
1076 323 1085 338 ,
1111 303 1142 333 &
1154 298 1356 334 tredecennio
1369 298 1512 334 distantes
1526 324 1536 340 ,
1564 300 1650 334 aliter
1661 300 1756 347 quam

998 346 1143 390 Cusibius,
1156 348 1252 384 ‘Bedm
1270 348 1425 387 Calvinus,
1439 348 1580 391 Pzscator,
1592 349 1754 390 Baradius,

998 401 1030 432 &
1045 395 1099 429 alii
1111 397 1166 430 viri
1179 396 1268 430 doffi
1280 394 1424 431 censuere
1437 397 1491 446 qui
1504 408 1664 446 utramque
1675 411 1755 434 con-

997 443 1141 481 fuderunt
1154 445 1186 478 in
1199 457 1303 481 unam.

1047 495 1172 529 Demus
1188 491 1322 529 secundo
1336 518 1346 534 ,
1367 493 1505 541 priorem
1517 493 1754 543 descriptionem

996 538 1082 578 fuisse
1094 542 1213 579 tantum
1226 540 1424 591 personarum
1437 555 1501 578 non
1514 555 1615 579 autem
1628 542 1754 578 faculta-

995 601 1078 633 tum,
1091 592 1199 628 contra
1207 592 1299 642 quarn
1305 590 1504 628 sensitSus'das
1510 594 1605 634 olim,
1617 597 1754 642 &nuper

995 644 1140 676 Baronius
1154 643 1276 690 aliique.

1041 692 1164 726 Demus
1178 703 1306 739 quoque
1318 692 1413 727 tertio
1423 716 1433 731 ,
1446 691 1478 725 in
1492 691 1595 739 primo
1603 691 1655 726 illo
1663 692 1754 728 censu

994 739 1191 786 personarum
1217 742 1388 789 Cyrenium
1413 741 1687 777 extraordinariam
1712 742 1753 777 ab

995 790 1125 839 Augusto
1137 791 1324 838 legationem
1337 789 1481 830 obiviffe,
1495 790 1594 838 nequa
1620 803 1689 826 uam
1700 804 1754 828 ve·-

994 839 1032 873 τὸ
1046 841 1204 875 ordinario
1218 839 1351 875 Praefidis
1362 843 1447 887 Syrie
1458 852 1585 874 munere
1597 803 1754 882 suffitum,

995 900 1027 923 ut
1035 888 1073 923 sic
1080 901 1150 923 cum
1159 888 1246 923 Lucan
1252 890 1467 924 reconcilietur
1476 891 1684 928 Yirtullianus,
1698 890 1755 938 qui

994 936 1119 972 censum
1131 938 1217 972 illum
1230 939 1321 972 etiam
1339 939 1477 985 priorem
1490 939 1648 985 peraCtum
1661 938 1753 976 vulta

993 990 1032 1021 L.
1046 989 1207 1021 Saturnino
1222 986 1381 1021 ordinario
1395 989 1479 1033 Syria
1491 988 1617 1023 Praefide
1630 1012 1640 1026 ‚
1665 990 1753 1033 cujus

994 1049 1112 1071 nomen
1125 1036 1156 1070 in
1169 1037 1245 1071 aistis
1259 1036 1390 1083 publicis
1405 1034 1521 1083 praefigi
1534 1038 1752 1082 potuitomni-

992 1087 1049 1121 bus
1063 1087 1153 1120 rebus
1168 1085 1259 1134 gestis
1272 1085 1310 1119 ab
1324 1083 1481 1119 officiariis
1494 1083 1727 1134 quibuscunque
1738 1110 1751 1126 ,

991 1136 1037 1170 vel
1050 1133 1248 1169 inferioribus
1267 1134 1316 1170 vel
1333 1134 1578 1170 extraordinariis
1597 1135 1675 1170 intra
1692 1133 1750 1170 succ

990 1181 1181 1219 Praefeeturae
1194 1184 1318 1218 limites.

1036 1234 1160 1268 Demus
1173 1234 1266 1268 etiam
1278 1231 1390 1280 quarto
1398 1231 1429 1266 in
1441 1233 1568 1280 gratiam
1577 1233 1750 1282 Spanhemii

990 1283 1165 1330 Cyrenium
1185 1280 1309 1317 censum
1334 1283 1481 1329 peregisse
1501 1295 1572 1318 cum
1602 1283 1749 1317 ordinarii

988 1335 1073 1380 Syria
1084 1331 1219 1367 Praesidis
1231 1343 1358 1366 munere
1366 1328 1557 1378 fungeretur,
1571 1331 1666 1380 idque
1672 1343 1751 1366 mox

988 1381 1058 1429 post
1071 1383 1205 1429 primum
1219 1380 1305 1416 suum
1320 1377 1522 1415 Consulatum
1533 1381 1677 1428 ‚Juliano
1691 1382 1748 1415 tri-

988 1430 1103 1466 cefimo
1110 1430 1207 1472 sexto,
1220 1441 1384 1480 autequam
1390 1432 1573 1465 Saturninus
1579 1433 1664 1478 Syria
1669 1442 1748 1479 prae-

988 1481 1142 1518 ficeretur.

1034 1533 1158 1566 Demus
1170 1531 1322 1580 denique,
1336 1529 1446 1566 contra
1459 1528 1553 1578 quim
1570 1527 1657 1563 sensit
1674 1529 1748 1562 Che-

987 1585 1112 1615 mm'ttus
1124 1582 1156 1616 in
1169 1583 1261 1616 Lucae
1276 1593 1303 1615 2.
1318 1579 1440 1616 censum
1452 1579 1534 1614 hunc
1542 1575 1749 1625 Cyreniifuis-

988 1629 1016 1666 se
1029 1631 1158 1680 Augusti
1165 1628 1359 1667 universalem
1373 1627 1555 1668 secundum,
1568 1637 1640 1662 toto
1653 1627 1748 1662 mini-

988 1682 1075 1716 mum
1088 1680 1240 1715 decennio
1247 1678 1319 1727 post
1331 1677 1453 1714 censum
1466 1680 1529 1724 ejus
1537 1677 1673 1725 primum
1680 1689 1750 1712 me-

988 1731 1021 1766 re
1041 1729 1301 1778 Geographicum
1319 1729 1358 1763 ab
1377 1727 1493 1763 Ethico
1514 1737 1722 1762 memoratum
1734 1752 1748 1770 ,

989 1794 1055 1829 quo
1072 1782 1168 1815 totius
1183 1779 1270 1814 orbis
1290 1779 1431 1813 Romani
1448 1778 1509 1813 vias
1522 1781 1554 1813 &
1570 1778 1678 1812 itinera
1692 1777 1749 1813 de-

989 1830 1080 1865 scribi
1094 1829 1226 1869 curavit,
1240 1840 1273 1864 ut
1284 1826 1403 1863 facilius
1415 1827 1451 1863 ad
1464 1826 1664 1876 personarum
1672 1840 1750 1862 cen-

989 1879 1054 1915 sum
1068 1879 1224 1916 deveniret
1238 1903 1247 1916 ‚
1273 1877 1349 1913 ficut
1367 1876 1510 1925 personas
1523 1875 1694 1924 descripsit,
1714 1886 1749 1912 ut

988 1932 1066 1966 viam
1075 1928 1224 1964 sterneret
1230 1927 1267 1963 ad
1280 1925 1404 1963 censum
1416 1925 1595 1962 facultatum
1606 1938 1665 1974 pro
1677 1924 1748 1975 sup-

986 1981 1147 2028 plemento
1158 1978 1264 2014 aerarii.

1034 2030 1095 2064 His
1108 2028 1257 2063 omnibus
1269 2031 1302 2062 &
1314 2026 1412 2061 adhuc
1423 2025 1562 2074 pluribus
1574 2024 1722 2060 concessis
1731 2049 1743 2066 ,

985 2079 1062 2114 nihil
1074 2090 1176 2113 tamen
1194 2076 1296 2125 potest
1308 2076 1453 2111 concludi
1469 2075 1508 2110 de
1528 2075 1634 2122 aliquo
1656 2087 1740 2109 anno

985 2139 1072 2164 certo
1089 2127 1218 2162 istorum
1238 2123 1381 2161 censuum
1388 2139 1398 2167 ;
1419 2135 1505 2159 erant
1521 2124 1648 2172 quidem
1660 2124 1740 2158 olim

984 2179 1094 2213 tabulae
1106 2177 1163 2211 illae
1183 2174 1334 2212 censuales
1353 2175 1482 2222 Cyrenii
1494 2198 1505 2214 ,
1530 2186 1603 2208 cum
1620 2174 1740 2208 caeteris

984 2228 1132 2262 omnibus
1144 2225 1316 2260 rationibus
1329 2221 1473 2258 censuum
1492 2222 1630 2268 Reipub.
1649 2223 1681 2256 in
1693 2235 1741 2256 ar-

984 2276 1078 2309 chivis
1091 2274 1245 2309 Romanis
1257 2272 1397 2321 repositae
1414 2286 1422 2307 ε
1445 2272 1526 2306 unde
1541 2273 1743 2306 ‘Ii’rtullz'ctnus‘

985 2329 1016 2360 δε
1030 2323 1160 2372 Juftinus
1167 2324 1327 2371 Martyr
1338 2321 1375 2357 ad
1387 2321 1475 2357 istam
1487 2324 1600 2354 Maria
1608 2325 1638 2355 δι
1646 2320 1744 2355 Chri-

985 2373 1022 2406 sti
1035 2370 1157 2406 infantis
1176 2370 1383 2406 censationem
1402 2382 1456 2416 per
1469 2370 1642 2415 Cyrenium
1662 2381 1741 2402 con-

985 2420 1116 2455 fidenter
1127 2420 1336 2467 provocarunt
1348 2444 1357 2458 ,
1371 2430 1429 2452 nec
1441 2418 1472 2451 in
1483 2417 1546 2452 hoc
1552 2417 1600 2452 vel
1612 2417 1741 2465 Porphy-

985 2474 1048 2504 rius
1061 2471 1109 2505 vel
1121 2471 1255 2505 Iulianus
1262 2468 1422 2517 Apostata,
1435 2467 1481 2502 vel
1494 2464 1652 2515 quisquam
1665 2467 1741 2501 alius

985 2518 1152 2554 Christiani
1164 2519 1301 2553 nominis
1315 2516 1414 2552 hostis
1434 2517 1598 2564 quicquam
1615 2525 1740 2550 contra-

986 2569 1127 2603 dixerunt
1142 2582 1150 2602 z
1168 2567 1217 2603 sed
1230 2566 1346 2602 dudum
1359 2565 1489 2613 publicae
1501 2565 1557 2599 illae
1571 2577 1683 2599 omnes
1696 2576 1741 2600 ta-

987 2618 1065 2653 bulae
1077 2618 1249 2666 perierunt,
1268 2628 1340 2650 curn
1354 2612 1503 2663 plerisque
1518 2614 1581 2648 aliis
1594 2612 1678 2648 istius
1695 2613 1740 2649 se-

986 2668 1045 2702 culi
1058 2665 1174 2714 scriptis
1188 2681 1196 2702 :
1216 2667 1257 2701 ita
1270 2678 1341 2700 cum
1353 2664 1515 2699 auctorum
1528 2662 1623 2697 hodie
1637 2662 1740 2711 super-

987 2717 1090 2751 stitum
1103 2716 1202 2751 nuilus
1214 2716 1252 2750 de
1265 2715 1368 2763 primo
1381 2714 1436 2748 illo
1449 2712 1577 2760 Cyrenii
1590 2711 1680 2747 censu
1692 2714 1740 2748 ul-

984 2768 1048 2801 lum
1059 2767 1187 2801 verbum
1200 2765 1377 2813 eloquatur,
1390 2775 1476 2799 verus
1487 2763 1666 2797 illiusannus
1673 2774 1740 2797 non

986 2814 1088 2863 potest
1100 2815 1187 2850 certo
1200 2814 1332 2849 definiri.
1357 2814 1489 2848 Certum
1501 2811 1562 2852 est,
1575 2821 1609 2846 ut
1621 2812 1741 2858 prolixe

987 2865 1098 2911 probat
1112 2863 1322 2913 Spanhemius,
1344 2863 1446 2897 aetum
1459 2861 1543 2896 illurn
1557 2860 1680 2896 censum
1692 2862 1741 2897 in-

986 2925 1030 2947 tra
1041 2913 1197 2961 Julianum
1210 2912 1396 2947 tricesimum
1409 2910 1590 2959 septimum,
1603 2912 1743 2959 quoCy-

985 2964 1087 2997 renius
1101 2962 1270 2999 Proconsul
1284 2960 1387 3006 Cilicia:
1398 2962 1545 2996 turnultus
1558 2961 1691 3008 pacavit,
1707 2964 1740 2996 &

985 3012 1247 3060 quadragesimum
1276 3010 1441 3046 secundum
1471 3021 1522 3044 aut
1551 3009 1741 3058 quadragesi-

985 3074 1072 3096 mum
1085 3063 1226 3109 quintum
1236 3087 1246 3101 ,
1264 3073 1329 3107 quo
1337 3072 1478 3095 mortuus
1491 3058 1551 3097 est,
1568 3060 1616 3094 vel
1627 3071 1741 3108 appro-

986 3111 1153 3158 pinquabat
1165 3111 1258 3145 morti
1265 3110 1394 3144 Herodes
1401 3125 1410 3142 :
1423 3109 1474 3145 sed
1481 3122 1554 3144 num
1561 3108 1643 3155 justo
1649 3109 1742 3158 quin-

985 3161 1123 3208 quennio
1131 3172 1199 3195 ante
1210 3172 1301 3195 aeram
1313 3160 1467 3208 vulgarem
1479 3158 1633 3207 perfeetus
1640 3158 1676 3194 sit
1685 3184 1694 3200 ‚
1709 3169 1742 3193 ut

985 3211 1089 3246 multis
1097 3212 1368 3259 conaturKeplerus
1375 3208 1596 3252 demonstrare,
1604 3209 1636 3245 id
1649 3208 1743 3244 nobis

1370 3265 1398 3295 F
1398 3262 1425 3306 f
1675 3268 1745 3291 non
