2048 3343
429 114 515 141 ET
575 102 1250 142 CHRoNotocxcr

199 175 406 229 praepedt,
423 189 484 210 nec
495 175 586 211 ullibi
596 179 698 212 lelioi’ae
707 178 834 211 cultum
846 172 895 208 vel
909 185 957 206 te·

197 225 386 262 nuiffimum
413 226 569 261 celebrari
596 236 761 273 pateretur
794 238 802 258 :
837 222 917 257 nihil
942 220 959 255 ἂ

197 279 367 312 Romanis
397 288 473 311 anre
507 287 620 309 natum
647 273 792 318 christum
818 274 955 318 usquam

198 337 360 360 tetrarum
374 352 384 368 ‚
403 325 528 359 nedum
539 323 625 372 apud
637 322 774 368 Judaeos
786 319 887 356 simile
898 332 955 368 pa-

203 387 324 410 tratum
337 376 396 409 est.

253 424 400 471 Qinro.
429 424 500 457 Rex
519 421 562 456 de
579 432 649 468 quo
669 419 832 454 versuillo
846 420 959 456 Daniel,

201 474 358 523 prospere
377 473 494 521 agebat
514 472 622 505 donec
638 471 669 504 in
692 470 827 516 Judaeos
840 471 882 504 ira
893 470 957 504 Dei

198 523 263 558 fuit
275 521 418 570 perfecta
438 540 447 563 ς
470 533 548 555 tuuc
560 522 645 554 cuim
658 519 808 566 zthidaeis
820 523 852 552 in
864 518 956 552 illum

199 575 332 622 Regem
345 574 390 606 ira
402 572 510 605 divina
526 567 686 606 conversa
697 570 752 603 est.
787 569 861 616 jam
882 566 958 604 vero

199 623 255 657 ista
272 625 304 656 in
325 623 461 657 Antiocho
478 621 517 655 ad
535 620 669 655 oculum
683 619 792 654 videre
803 617 866 653 fuit
887 642 897 655 ,
924 619 958 651 in

199 673 365 707 Romanis
380 682 599 717 nequaquam.
629 670 718 704 Nam
736 669 844 702 donec
857 667 957 714 persc-

200 724 292 755 cutio
321 721 509 768 Judaeorum
537 719 581 754 ad
612 718 721 761 α’κμῖα)
747 716 959 764 pervenisset,

199 772 313 805 onmia
326 772 462 817 Epiplmni
473 771 507 802 in
518 767 626 814 Judaess
638 793 647 805 ‚
665 779 803 814 totaque
818 767 908 812 Syriis
919 768 959 801 ad

199 832 349 855 mentem
363 818 526 858 sinebam
545 817 596 852 sed
609 830 683 852 cum
699 819 825 850 Diviuae
838 818 890 850 irae
901 828 962 862 po-

199 869 312 904 culum
323 869 425 916 Judaei
437 866 634 915 eporaffenr,
648 866 754 900 statim
768 867 883 899 omnia
896 868 959 914 Epi-

197 920 287 967 plmm'
305 931 394 952 retro
412 919 523 952 reterri
541 941 551 957 ‚
579 917 688 949 donec
705 917 827 949 Divina
845 926 960 948 manus

199 982 275 1003 curn
290 968 466 1002 miserrime
480 963 700 1013 confregiffit.
727 964 834 1012 Quod
847 974 958 997 autem

200 1020 242 1053 ad
262 1020 434 1051 Romams
452 1040 462 1057 ‚
489 1027 658 1062 nunquam
676 1014 873 1060 prosperiori
891 1011 961 1047 for-

202 1066 281 1101 tunfi
295 1066 365 1101 sunt
377 1066 419 1101 usi
440 1063 538 1112 quam
559 1064 631 1111 post
645 1062 960 1108 Hierosolymorum

201 1116 330 1151 cladem
347 1120 377 1150 &
395 1126 572 1149 extremam
585 1113 772 1159 Judaeorum
787 1110 959 1160 dispersio-

201 1179 291 1201 nem.
328 1167 360 1199 Si
381 1163 460 1198 vero
482 1165 562 1196 iram
590 1160 884 1196 consummandam
907 1174 959 1195 ex-

199 1227 307 1262 ponas
319 1214 359 1248 de
370 1211 489 1247 Divina
498 1214 530 1244 in
541 1211 672 1257 Jtirlaeos
685 1210 916 1257 vindist3‚quae
926 1211 959 1243 in

199 1264 395 1298 hodiernum
420 1262 504 1296 diem
524 1265 621 1295 durat
641 1285 650 1298 ,
675 1265 708 1295 &
735 1260 887 1294 duratura
914 1259 959 1293 est

197 1313 298 1358 usque
309 1312 345 1346 ad
357 1324 474 1345 eorum
488 1309 760 1350 conversionem3
783 1310 869 1344 certe*
880 1312 955 1344 Ro-

174 1359 179 1364 ’
197 1372 373 1396 manorum
390 1358 581 1407 prosperitas
598 1360 743 1406 eousque
755 1372 824 1393 non
837 1360 960 1407 perdu-

196 1413 294 1451 tavit,
306 1410 585 1457 quandoquidem
601 1411 714 1444 multis
725 1408 857 1443 abhinc
870 1408 959 1442 secu-

195 1462 234 1495 lis
247 1463 343 1494 omni
354 1460 578 1494 calamititum
592 1471 712 1502 genere
725 1459 865 1504 populus
881 1460 956 1492 Ro-

197 1521 315 1543 manus
335 1507 459 1543 fruitus
479 1514 509 1543 δι’
533 1508 607 1543 vere
623 1507 750 1542 deletus
769 1506 843 1543 fuit.
884 1509 957 1554 Qi

197 1561 286 1593 enirn
314 1560 346 1592 in
367 1559 534 1592 hodierno
552 1559 671 1591 veteris
690 1557 781 1592 urbis
802 1557 957 1592 cadavere

196 1608 403 1642 stabulantur
415 1633 422 1643 .
437 1607 518 1641 ni'nil
531 1609 711 1655 quicquam
724 1607 766 1641 ad
781 1609 959 1642 Romano-

197 1658 466 1705 rumpriscouum
477 1657 668 1705 sanguinem
683 1656 842 1704 speckant.

249 1709 296 1742 Ex
316 1706 458 1742 versibus
484 1720 537 1754 37,
552 1708 608 1751 38,
624 1721 674 1752 39.
698 1705 957 1754 ficargumenta-

200 1769 397 1792 murconrra
415 1756 609 1790 sententiam
626 1768 689 1801 prae
703 1759 867 1792 manibus.
894 1758 961 1792 Rex

202 1807 246 1842 de
258 1818 326 1854 quo
345 1807 389 1840 ibi
411 1804 573 1851 Prophera
590 1830 600 1845 ,
631 1808 724 1840 Deos
741 1808 866 1853 patrios
883 1818 958 1840 con-

203 1854 378 1890 temnebat
407 1867 415 1887 z
443 1856 546 1901 Atqui
559 1853 622 1888 hoc
632 1852 711 1889 fecit
728 1857 878 1892 Antiochus
897 1868 961 1904 ptae

200 1906 379 1944 Romanis,
389 1904 442 1938 ille
455 1905 544 1937 eniru
559 1906 716 1951 Syrorum
730 1917 848 1940 omnes
859 1908 964 1946 Deos,

203 1967 291 2002 quos
305 1953 410 2003 longo
424 1953 544 1987 ordine
558 1966 662 2000 patres
679 1954 725 1988 sui
746 1957 844 2001 Syriae
857 1957 964 2003 Reges

207 2003 368 2038 colebant
380 2028 390 2044 ,
404 2005 581 2050 Deumque
595 2003 728 2042 Isra'e'lis,
740 2017 842 2051 quern
855 2006 965 2040 multis

208 2055 354 2087 donariis
366 2057 399 2088 &
411 2051 571 2087 sacrificiis
583 2057 721 2098 majores
736 2053 784 2089 sui
797 2054 965 2088 multoties

204 2102 418 2138 honorarunt
434 2127 444 2143 ‚
467 2101 524 2135 sub
546 2103 642 2150 poenfi
655 2106 772 2138 mortis
786 2102 899 2140 colere
910 2116 967 2137 ve-

206 2154 270 2186 tuit
290 2167 302 2194 3
327 2153 420 2186 Deus
431 2163 541 2185 autem
552 2177 562 2192 ,
582 2156 674 2197 cujus
685 2152 810 2188 cultum
825 2152 968 2188 maxime

208 2215 274 2248 prae
286 2201 315 2235 se
327 2199 537 2241 ferebat‚erat
549 2201 606 2248 ipsi
619 2203 869 2250 alienus‚1upiter
880 2205 969 2236 enim

211 2253 356 2300 Olympius
375 2275 384 2287 ‚
412 2263 581 2297 utcunque
598 2251 640 2284 ab
664 2250 919 2286 Atheniensibus
935 2255 970 2285 ὅ(

210 2300 405 2346 quibusdam
428 2299 671 2346 Peloponnesiis
692 2325 701 2339 ,
727 2303 784 2348 qui
797 2301 839 2336 ad
851 2301 970 2335 urbem

215 2347 412 2394 Olympiam
433 2351 523 2392 juxta
544 2347 674 2381 Elidem
695 2351 826 2394 Achajae
842 2350 969 2384 habita-

212 2394 343 2436 bant‚ut
355 2399 446 2430 Deus
457 2398 581 2442 patrius
592 2398 851 2439 coleretur,nihil
860 2410 972 2432 tamen

215 2448 266 2479 vel
283 2447 423 2494 Olympius
436 2457 535 2478 mons
547 2470 555 2485 ‚
577 2445 628 2479 vel
649 2446 784 2497 Olympia
795 2450 907 2482 civitas
921 2451 971 2482 vel

216 2497 323 2540 iupiter
339 2497 483 2544 Olympius
502 2495 540 2528 ad
563 2495 777 2530 Macedonas.
813 2499 973 2532 Alexander

215 2545 349 2591 quidm]
364 2567 372 2580 ,
388 2545 544 2591 peculiari
556 2542 784 2590 superstitione
800 2549 856 2589 (an
867 2545 969 2580 ambi-

216 2596 353 2635 tioner)
382 2602 474 2628 lovem
495 2600 686 2628 Hammonem
702 2593 900 2635 affectabat,
918 2594 972 2628 sed

214 2655 422 2690 nequaquam
436 2645 609 2689 Olympium,
624 2644 698 2678 licet
714 2656 816 2679 mater
831 2647 858 2679 ei
874 2648 973 2695 Olym-

210 2704 272 2739 pias
285 2692 391 2726 fuerit.
419 2694 527 2737 Quod
542 2696 580 2727 ad
596 2694 777 2727 Romanos
788 2720 796 2734 ,
812 2705 903 2727 tanta
914 2708 975 2728 eo-

215 2754 287 2775 rum
311 2742 493 2788 superstitio
510 2741 572 2775 fuir
594 2770 603 2786 ,
628 2755 664 2776 ur
686 2745 872 2777 vicinorum
890 2743 974 2791 pene

217 2803 336 2825 omncs
353 2794 445 2825 DCOS
457 2793 488 2825 ll]
502 2792 616 2825 Ufb.l'fl
636 2791 723 2825 suam
740 2792 977 2829 RCCCTfiVCK‘lns,

214 2839 345 2874 suorum
360 2852 470 2875 autem
483 2842 609 2875 nullum
622 2855 657 2876 cx
671 2841 752 2876 urbe
765 2854 806 2875 uu
815 2854 913 2887 quam
923 2842 978 2875 eli-

218 2892 428 2930 minaverint,
442 2903 516 2924 ant:
530 2904 678 2936 tempora
689 2891 883 2927 Christiana.

267 2940 436 2974 Secunde).
467 2942 551 2987 Qr
566 2942 606 2975 dc
622 2943 782 2975 Romano
801 2939 977 2974 mulierum

220 2999 413 3035 contemptu
434 2993 469 3023 'm
491 2988 723 3038 frequentibus
746 2992 894 3024 divortiis
913 2991 975 3024 ob-

220 3035 319 3070 servat
332 3048 349 3071 e
360 3041 471 3072 alwinus
485 3065 493 3078 ,
510 3041 636 3074 nullum
653 3042 813 3087 peculiare
827 3040 926 3074 scelus
944 3043 975 3073 in

221 3097 365 3133 erigente
378 3099 491 3130 praeter
502 3090 576 3123 alias
589 3092 712 3125 habent
734 3106 741 3125 ;
766 3095 799 3125 &
817 3090 891 3124 verb
907 3103 975 3123 mu-

222 3137 340 3169 lierum
355 3147 569 3182 contemptor
586 3139 894 3188 Arztioclmsfingulari
907 3144 975 3185 jure

225 3184 290 3219 dici
302 3185 410 3234 potest
422 3208 432 3224 ,
443 3189 500 3233 qui
513 3198 640 3224 tantum
652 3191 758 3241 abfuit
773 3202 807 3226 ut
817 3190 979 3239 Judaica-
996 3196 1001 3265 ἱ
1021 3189 1112 3226 liberi
1123 3188 1265 3232 fuerint,
1284 3189 1334 3225 vel
1345 3190 1438 3235 quod
1449 3190 1616 3238 AErhiopia
1628 3194 1659 3226 δέ
1674 3189 1777 3234 Libya

1311 99 1493 141 L1n.1.
1681 107 1760 147 265

1003 185 1074 207 rum
1095 170 1251 207 lamentis
1272 175 1306 207 δε
1330 172 1535 209 immanibus
1557 173 1763 210 clamoribus

1003 233 1195 258 moveretur
1207 247 1218 263 ,
1236 232 1272 255 ut
1289 223 1430 268 ipsarum
1443 223 1598 271 plurimas
1610 223 1674 258 una
1684 223 1763 259 cum

1002 269 1198 306 circumcisis
1223 267 1408 305 infantibus
1435 285 1578 307 matrum
1606 273 1764 309 uberibus
1797 274 1799 276 ’

1000 323 1143 358 annexis,
1154 334 1190 356 ex
1199 319 1271 354 altis
1283 318 1458 355 arboribus
1469 320 1692 369 suspenderet.

1046 369 1180 403 Tertio.
1197 371 1288 404 Deus
1298 382 1400 417 quem
1414 370 1560 404 Romani
1573 372 1668 420 supra
1680 373 1764 407 alios

1003 430 1124 453 omnes
1145 418 1300 452 colebant
1317 443 1328 459 ,
1360 418 1422 454 fuit
1440 422 1546 466 Iupiter
1566 425 1760 468 Capitolinus,

1003 480 1115 502 revera
1128 467 1217 503 idem
1230 480 1304 501 cum
1316 469 1449 503 Antiochi
1461 476 1524 503 love
1540 470 1687 518 Olynipw3
1708 473 1762 506 liic

1004 516 1081 555 veto
1100 519 1266 551 Romanis
1283 530 1350 551 non
1362 515 1424 552 fuit
1437 519 1528 552 Deus
1541 519 1684 560 alienus,
1705 520 1762 556 sed

1004 568 1152 614 inprimis
1172 569 1296 615 partius
1314 572 1347 602 δε
1361 569 1558 616 paterrimus
1573 593 1584 610 ,
1611 580 1688 602 nam
1704 567 1763 616 ipst

1004 618 1101 665 primi
1115 617 1227 651 Patres
1235 616 1428 666 conscripti,
1441 630 1520 652 mox
1533 617 1614 652 urbe
1624 617 1765 654 fundat&

1005 669 1040 699 in
1066 678 1181 701 monte
1201 667 1349 712 Tarpejo
1366 669 1524 712 jacientes
1540 666 1766 702 fundamenta

1005 714 1120 764 templi
1142 721 1213 751 Iovis
1232 741 1242 756 ‚
1266 718 1463 750 invenerunt
1482 715 1646 764 sepultum
1664 717 1766 765 c'aput

990 763 1173 812 ·cujusdam
1184 765 1245 800 Toli
1261 790 1269 805 ,
1288 767 1375 802 unde
1385 765 1458 800 saxo
1469 767 1585 813 Tarpejo
1600 768 1768 813 Capitolii

1006 827 1132 849 nomen
1143 814 1426 857 indiderunt,cC1m
1440 827 1536 850 antea
1550 829 1649 850 mons
1658 824 1769 864 Tarpe-

1001 866 1049 910 jus
1058 864 1222 899 diceretur
1234 863 1249 897 ὲ
1262 867 1386 911 Tarpey'a
1395 866 1522 914 virgine
1530 866 1651 907 vestali,
1664 879 1768 914 quarn

1007 912 1130 948 ibidem
1156 911 1269 945 Sabini
1288 914 1387 947 scutis
1407 915 1470 949 suis
1491 914 1650 950 obrutam
1671 916 1768 950 nec&-

1004 973 1081 996 runt
1101 979 1110 1002 ;
1137 962 1250 1007 itaque
1270 963 1422 997 Romani
1444 963 1461 996 ἐι
1478 966 1589 1010 primis
1599 964 1662 1000 suae
1675 964 1767 1000 urbis

1004 1010 1212 1046 incunabulis
1224 1015 1257 1045 ὅ(
1273 1012 1431 1059 Capitolii
1449 1015 1558 1058 primo
1570 1017 1711 1050 nomine
1722 1022 1769 1050 10-

1005 1074 1068 1098 vem
1081 1062 1277 1109 Capitolinum
1289 1074 1351 1108 pro
1363 1058 1654 1096 summoDeorum
1666 1075 1772 1109 agno-

1005 1123 1135 1148 vetunt.
1161 1111 1346 1157 Nunquam
1359 1123 1442 1157 ergo
1455 1111 1507 1146 hic
1519 1113 1710 1159 peregrinus
1719 1111 1772 1149 sed

1005 1160 1132 1209 semper
1143 1160 1264 1193 civicus
1285 1164 1321 1195 δε
1340 1161 1522 1195 civicorum
1532 1161 1686 1196 Deorum
1700 1163 1772 1209 pri-

1006 1222 1078 1244 mus
1092 1211 1214 1244 Romae
1226 1207 1301 1247 fuit,

1053 1261 1099 1293 Ex
1111 1257 1255 1294 versibus
1265 1271 1378 1305 4o,41
1387 1271 1508 1305 ‚42‚43
1518 1288 1525 1295 .
1537 1258 1605 1294 haec
1616 1272 1770 1309 oppono.

1006 1306 1132 1343 Primo,
1151 1309 1260 1353 Regi,
1280 1311 1320 1342 de
1333 1308 1460 1355 quoibi
1473 1312 1601 1347 Daniel,
1625 1313 1773 1359 AEgyptii

1007 1368 1188 1393 moverunt
1201 1355 1326 1390 bellum
1340 1382 1349 1398 ,
1367 1357 1421 1392 sed
1435 1358 1506 1405 post
1526 1361 1693 1395 Antiochum
1707 1363 1775 1407 Epi-

1003 1411 1140 1456 phanem,
1154 1405 1282 1441 nullum
1295 1408 1438 1456 AEgyptii
1451 1406 1576 1442 bellum
1591 1421 1773 1444 moverunt

1006 1470 1154 1505 unquam
1174 1458 1363 1491 Romanis:
1382 1468 1472 1492 tauta
1484 1459 1575 1491 enim
1591 1460 1774 1493 Romano-

1006 1521 1076 1543 rum
1091 1508 1239 1555 potentia
1253 1510 1284 1540 &
1301 1508 1533 1553 AEgyptiorum
1553 1508 1591 1542 iis
1601 1508 1712 1543 seculis
1723 1511 1776 1542 iu-

1005 1557 1143 1593 firmitas
1153 1552 1271 1597 fuit‚ut
1283 1555 1317 1589 hi
1330 1555 1388 1589 sub
1398 1554 1533 1591 illorum
1548 1556 1648 1591 rutel&
1661 1557 1775 1593 luben-

1006 1619 1054 1642 tes
1073 1608 1248 1642 latuerint,
1264 1603 1467 1639 rebellarunt
1485 1605 1565 1641 vero
1586 1619 1771 1654 nunquam.

1009 1656 1120 1703 de
1141 1655 1183 1690 ad
1206 1667 1296 1689 arma
1322 1657 1474 1701 cleopatrae
1494 1667 1610 1690 contra
1634 1659 1770 1705 Caeffirem

1010 1707 1176 1754 Augustum,
1188 1717 1225 1738 ea
1237 1703 1382 1750 auspiciis
1396 1705 1562 1746 Antonii,&
1575 1704 1632 1741 sub
1646 1705 1774 1753 Aquilis

1009 1756 1174 1791 Romanis
1186 1767 1246 1800 pro
1259 1755 1411 1790 Romana
1422 1754 1560 1802 Repub.
1581 1755 1774 1803 quasicon-

1008 1818 1054 1841 tra
1074 1805 1261 1841 fac'kionem
1277 1805 1306 1839 vi
1327 1807 1360 1839 ὃς
1379 1817 1447 1838 arte
1461 1807 1493 1838 iu
1507 1805 1658 1852 rempub.
1677 1807 1776 1840 inve-

1007 1856 1158 1891 hentium
1173 1853 1380 1899 tyrannidem
1392 1853 1538 1902 suscepta
1549 1854 1631 1890 sunt.

1061 1902 1223 1939 Secundo.
1264 1905 1292 1937 Is
1309 1902 1351 1937 de
1371 1916 1440 1950 quo
1462 1907 1568 1939 Daniel
1586 1931 1596 1946 ‚
1622 1902 1685 1940 fuit
1699 1907 1774 1941 Rex

1014 1953 1189 2002 Aquilonis
1201 1963 1321 1987 contra
1336 1965 1437 2000 quem
1452 1954 1596 2001 AEgyptii
1611 1955 1774 1990 Australes

1011 2003 1175 2038 bellfimnt
1187 2029 1196 2043 ‚
1218 2004 1381 2036 Romanis
1393 2013 1503 2037 autem
1518 2004 1621 2050 Regis
1634 2003 1778 2051 Aquilo-

1014 2056 1098 2089 naris
1109 2055 1225 2087 titulus
1236 2063 1306 2085 non
1319 2053 1493 2098 competit,
1504 2051 1557 2090 sed
1572 2052 1661 2087 redte
1677 2056 1780 2088 Antio-

1013 2108 1078 2142 cho,
1090 2102 1139 2138 vel
1152 2101 1221 2149 ipso
1237 2103 1360 2136 Calvino
1374 2100 1487 2145 judice
1499 2125 1508 2137 ‚
1530 2102 1587 2148 qui
1607 2105 1780 2138 Antiochum

1014 2151 1159 2188 versibus
1176 2149 1402 2198 superioribus
1429 2151 1645 2197 Aquilonaris
1672 2153 1779 2199 Regis

1016 2204 1154 2237 nomine
1175 2201 1344 2247 indigitari
1365 2198 1500 2234 fatetur.
1537 2198 1620 2234 Vult
1639 2200 1780 2247 quidem

1016 2251 1068 2285 illc
1091 2263 1149 2297 per
1169 2252 1298 2297 Regem
1321 2248 1560 2295 Aquilouarem
1579 2249 1782 2298 hicintelligi

1016 2301 1219 2335 Mithridatem
1234 2298 1441 2346 Bithynum&
1452 2302 1601 2346 Tigranem
1614 2301 1780 2333 Armeuiae

1017 2352 1125 2396 Reges
1139 2367 1149 2389 ς
1169 2348 1223 2382 sed
1236 2351 1353 2395 gratis:
1367 2350 1412 2382 Hi
1423 2351 1512 2381 enim
1526 2360 1640 2382 contra
1651 2350 1780 2382 Roma-
1807 2390 1809 2394 ,

1017 2411 1079 2432 nos
1090 2398 1225 2445 quidem
1238 2395 1467 2437 beliaruntssed
1478 2408 1683 2442 nequaquam
1694 2409 1781 2430 con-

1018 2460 1065 2482 tra
1079 2449 1207 2495 Regem
1222 2446 1330 2480 Austri
1350 2459 1358 2479 τ
1384 2446 1473 2491 atqui
1485 2447 1592 2480 Daniel
1607 2470 1617 2485 ‚
1645 2457 1680 2479 ut
1693 2443 1776 2493 saepe

1017 2495 1164 2532 versibus
1173 2495 1453 2542 superioribus,ita
1464 2494 1523 2528 hoc
1535 2496 1633 2527 etiam
1645 2496 1777 2545 Regem

1019 2546 1126 2579 Austri
1143 2546 1318 2589 &Regem
1335 2542 1512 2589 Aquilonis
1529 2545 1726 2587 committit,
1739 2556 1776 2580 ut

1019 2594 1175 2642 capitales
1186 2597 1220 2628 δε
1232 2591 1460 2631 haeredjtarios
1471 2590 1591 2626 hostes„

1067 2641 1196 2677 Tertio.
1225 2643 1298 2677 Rex
1311 2641 1353 2676 de
1365 2654 1435 2688 quo
1447 2640 1492 2675 ibi
1507 2644 1625 2683 Daniel,
1635 2641 1709 2689 post
1720 2643 1779 2678 de-

1019 2693 1140 2727 vidkam
1154 2693 1338 2738 AEgyptum
1351 2690 1535 2738 subjugavit
1545 2691 1780 2740 Judaeammon

1021 2755 1131 2778 autem
1142 2743 1405 2782 Idumaeam,nec
1415 2740 1582 2775 Moabitas
1596 2766 1605 2781 ‚
1623 2754 1683 2777 nec
1695 2745 1783 2777 Am-

1023 2795 1164 2826 monitas
1178 2791 1258 2826 :haec
1271 2792 1408 2825 Antiocho
1421 2790 1505 2825 recle*
1516 2793 1734 2834 conveniunt,
1746 2804 1781 2829 ut

1023 2854 1060 2876 ex
1081 2839 1184 2887 Iosephi
1209 2845 1242 2875 &
1272 2842 1494 2875 Maccahaeorum
1524 2840 1657 2875 historici
1674 2853 1778 2890 pater,

1025 2892 1189 2925 Romanis
1202 2902 1271 2923 non
1284 2903 1361 2925 item
1371 2904 1378 2924 ε
1389 2903 1457 2924 non
1471 2892 1558 2924 euim
1571 2891 1618 2926 illi
1629 2903 1665 2925 ex
1678 2893 1780 2941 AEgy-

1024 2942 1126 2986 proin
1140 2940 1290 2986 Judaeam
1314 2939 1543 2974 transiverunt.
1578 2939 1668 2974 Nam
1682 2945 1779 2990 AEgy-

1024 3002 1098 3036 ptus
1118 2989 1216 3039 longe
1234 2990 1308 3037 post
1329 2992 1467 3037 Jum'aeam
1485 2995 1517 3024 ἃ*
1531 2990 1779 3035 SyriamaPom-

1019 3045 1082 3086 peso
1112 3038 1298 3086 subjugatas
1325 3040 1455 3073 redaCla
1481 3040 1524 3074 est
1546 3042 1586 3072 ab
1612 3041 1726 3088 Angusto
1745 3043 1778 3075 in

1024 3091 1243 3124 Provinciam.
1258 3091 1363 3136 Qod
1376 3101 1485 3122 autem
1500 3091 1515 3122 ai
1529 3090 1778 3138 Romanojugo

1024 3142 1072 3174 vcl
1093 3140 1224 3172 Uumaei
1254 3142 1302 3174 vel
1328 3141 1525 3173 Ammonitae
1546 3143 1598 3175 vel
1616 3141 1777 3173 Moabitae

1347 3239 1398 3290 Li

1703 3248 1778 3272 ante

1839 1907 1885 1934 104
