2048 3343
283 88 330 121 26

669 74 961 111 OPERrs

279 161 383 198 perare
393 172 400 184 ‚
413 147 590 193 statimque,
606 144 658 178 ubi
672 144 803 178 liberum
817 142 917 182 foret,
930 145 1029 189 Impe-

280 200 359 233 rium
366 197 519 244 deponere
526 205 659 240 paratum
668 208 677 234 ;
692 206 756 227 non
764 188 858 228 credit
867 192 1033 239 Philippus,

280 258 447 293 contraque
460 245 598 278 maximis
617 245 716 289 copiis
730 243 910 282 contendit;
936 243 966 275 in
989 242 1035 277 via

282 300 414 330 Veronae
429 295 444 328 a
463 293 519 327 suis
533 294 628 340 capite
648 292 732 339 supra
752 293 856 325 dentes
873 289 1035 325 inferiores

282 355 451 383 truncatur,
467 343 613 377 mactatur
627 343 716 376 etiam
725 339 924 375 Romaefilius
939 340 1036 374 Caesar

1019 72 1459 119 H1s'r01t1sscr

1070 147 1099 177 &
1113 143 1265 190 eleganter
1278 143 1432 175 Barom‘m
1443 139 1584 175 describit
1599 164 1607 177 ,
1630 152 1697 189 quae
1711 141 1825 188 ubique

1070 190 1216 226 interserit
1229 191 1264 225 ad
1273 189 1352 225 suam
1360 188 1543 236 hypothesin
1551 189 1588 224 de
1596 191 1733 224 Romani
1742 194 1827 225 Pon-
1856 214 1859 217 -

1071 241 1161 275 tificis
1174 239 1340 288 potestate,
1361 243 1391 274 δι
1406 240 1557 272 Romanae
1572 239 1701 274 ecclefiae
1713 252 1829 286 praero-

1073 293 1169 338 gativfi
1183 304 1215 324 ea
1228 291 1359 337 prudens
1371 288 1470 322 lector
1483 286 1570 321 facile
1585 288 1805 322 animadvertet
1818 313 1828 328 ‚

1074 346 1103 374 &
1120 340 1297 374 declinabit.

1121 385 1747 432 Gallieniinfeliciffimumfuitimperium,
1761 388 1828 421 nul-
1847 400 1998 429 Gallieniin.

1074 438 1098 470 la
1112 437 1280 470 redimendi
1294 437 1385 483 patris
1398 438 1426 470 ei
1441 449 1510 471 cura
1521 459 1531 474 ,
1552 435 1624 469 hinc
1641 435 1756 483 ubique
1767 438 1830 469 Im-
1840 441 1907 478 felix
1922 443 1998 480 impe-

1075 496 1250 531 peratorum
1263 498 1390 519 examen
1409 500 1417 520 ε
1436 484 1554 531 tyranni
1568 483 1651 530 supra
1664 486 1788 533 triginta
1800 486 1831 519 in
1846 483 1920 508 rium.

284 391 474 431 adolescens,
488 393 670 438 baptizatus,
694 402 725 424 ut
739 390 879 437 quidam;
893 391 946 437 qui
960 402 1034 422 nun-

283 455 374 488 quam
388 440 476 475 rififfe
489 440 565 476 visus
580 440 622 474 est
632 466 641 480 ,
655 451 736 474 anno
751 441 874 486 Imperii
889 439 1034 485 septimo,

283 490 400 525 Christi
413 490 621 525 ducentesimo
630 488 883 537 quinquagesimo
892 487 1034 520 secundo.

122 555 214 581 Dccim

122 594 188 621 Galli
192 592 268 629 frau-

120 634 222 670 deperit.

124 1482 211 1509 Gallus
225 1481 256 1508 ab

124 1522 261 1548 AEnnltano

124 1562 266 1589 debellatur·

330 540 448 573 Decius
463 543 632 586 Imperator
646 539 812 572 tricenmus
833 539 862 569 in
882 533 1038 568 Pannonia*

284 586 421 622 inferiori
436 600 520 623 natus
535 588 635 622 nobili
648 587 744 621 locoa
762 589 872 618 Senatu
885 596 954 617 cum
964 596 1038 630 gau-

284 637 338 671 dio
351 638 511 684 recipitur,
525 650 558 671 ac
571 639 648 671 inter
660 635 821 681 prudentes
835 636 1038 679 Imperatores

285 698 477 726 numeratur,
491 687 543 720 etsi
557 683 784 719 crudeliffimam
800 683 830 716 in
847 681 1037 715 Christianos

284 735 525 782 persecutionem
534 733 667 767 excitarit
678 755 687 770 ‚
700 732 737 764 de
750 733 811 778 qua
825 729 887 764 fuse
895 733 1038 763 Barom'm

286 797 321 818 ex
335 786 475 831 Ortgenss
492 786 647 830 cypriano,
662 784 691 814 δε
706 781 769 812 aliis
785 782 849 824 ejus
862 780 914 813 aevi
928 780 1037 812 tracta-

284 833 414 866 toribus.
429 832 487 865 Sed
495 827 531 864 en
541 831 604 864 Dei
615 829 779 864 vindiffilzam
788 828 795 862 l
804 831 893 862 Dum
902 829 932 862 in
942 829 1038 861 ‘Thra-

284 880 331 913 cia
344 880 473 913 Gothos
487 878 621 915 fudisset,
635 891 807 926 eorumque
822 879 890 911 Rex
904 878 1037 911 admon-

285 941 329 963 tes
341 927 462 975 fugiens
476 928 602 963 offerret
616 927 700 961 suum
714 929 846 962 reditum
859 928 888 960 in
902 928 1039 973 patriam,

284 978 383 1012 modo
398 978 491 1012 libera
504 979 623 1013 daretur
640 979 701 1014 via,
720 975 856 1011 recusans
870 977 990 1010 Decius
1004 989 1039 1009 0-

284 1040 370 1061 mnes
378 1029 473 1061 exitus
481 1022 699 1065 circumvallat,
717 1039 849 1074 quorum
858 1038 953 1059 unum
960 1027 1038 1059 Tre-

284 1076 424 1110 boniano
438 1077 535 1111 Gallo
549 1077 732 1113 committit,
746 1075 799 1110 hic
807 1075 973 1109 desiderans
983 1076 1041 1108 im-

285 1127 402 1172 perium
416 1133 435 1165 ,‘
452 1139 522 1159 cum
537 1125 657 1159 Gothis
678 1126 755 1159 clam
776 1124 934 1159 consilium
953 1137 1041 1158 com-

285 1176 418 1209 municat
433 1175 591 1209 invadendi
607 1174 700 1209 castra
722 1174 917 1222 Imperatoris
933 1198 942 1212 ,
968 1173 1041 1207 dum

286 1222 489 1258 subducuntse
499 1224 603 1258 Gothi
616 1226 645 1258 in
660 1223 957 1261 locuminfidiarum,
973 1224 1038 1256 De-

286 1274 350 1308 cius
364 1275 466 1317 junior
479 1274 509 1306 in
524 1276 625 1320 pugna
638 1273 727 1311 cadit,
741 1284 824 1318 pater
837 1270 864 1305 se
873 1273 989 1305 vietum
997 1272 1040 1304 vi-

287 1322 376 1359 dens,
389 1323 419 1355 in
428 1323 566 1369 paludem
581 1320 763 1368 profundam
778 1333 892 1368 equum
905 1321 1041 1367 praccipi-

288 1382 345 1407 tat‚
361 1372 442 1405 unde
455 1385 514 1418 prae
528 1366 683 1405 armorum
697 1370 833 1417 pondere
846 1382 1002 1417 nunquam
1011 1382 1041 1403 e-

289 1420 390 1454 mersit
403 1423 439 1454 ad
454 1419 864 1467 sepultura1n‚annolmperii
878 1418 1019 1452 secundo.

337 1470 445 1503 Gallus
458 1473 627 1516 Imperator
639 1469 804 1503 tricesimus
819 1469 932 1515 primus
950 1466 1041 1502 foedi-

290 1519 341 1552 tati
349 1519 533 1565 proditionis
546 1517 690 1552 infamem
699 1519 780 1552 addit
788 1530 858 1551 cum
866 1516 984 1551 Gothis
994 1530 1039 1564 pa-

288 1580 355 1601 cem
364 1569 457 1614 ρειὲὶο
465 1569 591 1602 tributo:
601 1567 800 1601 nihilominus
808 1566 912 1601 Gothi
921 1568 951 1600 in
957 1566 1041 1610 Thes-

280 1616 390 1660 saliam
409 1616 503 1664 usque
521 1618 683 1664 imperium
705 1615 911 1656 devastarunt,
933 1629 1040 1650 eorum

286 1667 495 1713 queexemplo
510 1666 603 1701 Persae
617 1667 648 1700 in
666 1669 783 1715 Syriam
801 1676 891 1713 atque
910 1668 1041 1700 eArme-

287 1716 521 1763 niamirrupere.
542 1716 693 1751 Auxitille
701 1717 796 1749 ‘Decii
809 1716 839 1748 in
849 1714 1041 1749 Christianos

287 1766 495 1800 crudelitatem
505 1791 513 1806 ‚
527 1765 599 1800 hinc
611 1765 809 1800 foediffimain
818 1777 928 1798 omnes
938 1767 1039 1812 Impe-

1075 533 1203 573 Grani,
1224 533 1313 579 Asta,
1333 534 1492 573 Slavonid,
1514 531 1628 572 Gallici,
1649 537 1680 568 &
1693 534 1808 579 Africa
1820 558 1830 574 ‚

1074 583 1208 617 omnesa
1221 585 1372 616 Waleriano
1387 584 1538 617 nominati
1552 580 1688 627 praefecti
1699 584 1831 630 imperio

1076 631 1102 667 se
1115 633 1224 680 dignos
1237 632 1382 680 putabant
1393 657 1402 672 ‚
1425 632 1497 666 dum
1514 631 1661 666 Gallieno
1675 632 1787 666 nullam
1801 645 1832 665 a-

1076 683 1145 715 liam
1164 681 1221 716 effe
1247 682 1350 718 vident
1377 695 1501 718 curam,
1544 693 1636 729 quam
1655 681 1831 716 deliciarum

1076 732 1198 765 Romae.

1124 780 1275 812 Odenatus
1283 781 1526 827 Palmyraenorum
1535 780 1564 812 in
1573 778 1659 829 Syria*
1671 783 1695 816 P
1701 780 1831 825 rincepS.

1076 830 1295 875 Imperatorem
1305 829 1654 875 agens‚splendidiffimas
1663 841 1769 863 contra
1775 831 1832 861 Sa-

1072 888 1172 925 porem
1187 878 1331 910 victorias
1346 878 1492 911 obtinuit.
1516 877 1653 918 Nisibin,
1674 877 1805 913 Charras
1820 902 1830 917 ,

1076 926 1142 960 imo
1159 925 1394 973 Ctesiphontem
1408 927 1583 972 occupavit,
1600 927 1681 973 regia
1694 940 1778 974 gaza,
1800 931 1832 962 δε

1077 989 1201 1014 uxores,
1218 979 1324 1023 Sapore
1337 973 1403 1009 fuso
1417 976 1447 1009 in
1456 987 1561 1009 manus
1569 976 1696 1009 venere:
1710 977 1831 1010 tandem

1078 1028 1219 1058 Meo-aim
1233 1022 1371 1058 sobrinus
1386 1022 1580 1059 fortiffimum
1596 1024 1766 1059 Odenatum
1779 1038 1833 1072 per

1076 1074 1193 1108 insidias
1206 1075 1287 1108 tollit
1297 1099 1306 1114 ‚
1324 1072 1384 1121 ipse
1397 1087 1470 1108 mox
1485 1074 1522 1107 ab
1535 1071 1639 1107 iisdem
1651 1073 1833 1108 infidiatori-
1847 1071 1957 1149 IZCZObt't:
1971 1113 1974 1118 ι

1858 1123 1883 1139 m
1899 1122 1939 1139 era
1952 1121 1994 1139 'lx

1840 1151 1982 1190 fortiffima.

1077 1124 1133 1157 bus
1148 1121 1294 1162 sublatus,
1308 1124 1440 1171 imperio
1454 1123 1601 1157 Zenobia:
1615 1122 1744 1157 Odenati
1755 1136 1833 1157 uxo-

1077 1174 1101 1206 ri
1115 1173 1224 1206 ΓεΙίξὶο
1234 1172 1313 1212 3haec
1321 1186 1429 1207 omnes
1437 1173 1577 1207 Orientis
1585 1173 1755 1220 provincias
1768 1172 1833 1206 for-

1077 1221 1183 1255 tiffime
1194 1233 1254 1255 tam
1268 1233 1374 1256 contra
1386 1220 1486 1257 Persas
1499 1222 1592 1269 quam
1605 1222 1833 1264 Romanosjtu-

1076 1282 1133 1305 tata
1147 1270 1200 1304 est.

1125 1320 1351 1363 Gallieausdum
1366 1320 1626 1359 Mediolanum,
1641 1320 1729 1367 quod
1740 1333 1832 1355 occu-

1078 1381 1197 1415 paverat
1210 1371 1373 1409 Aureolus,
1388 1369 1558 1408 obsideret,
1571 1369 1587 1403 a
1601 1370 1765 1414 conjuratis
1774 1382 1831 1403 cae-

1080 1416 1124 1452 sus
1143 1418 1209 1457 est;
1235 1419 1324 1462 hujus
1344 1420 1478 1466 Imperio
1498 1419 1648 1452 Germani
1661 1419 1693 1452 in
1711 1420 1831 1452 Italiam

1078 1470 1271 1511 ‘Ravennam
1291 1467 1382 1514 usque
1398 1492 1408 1507 ‚
1434 1467 1510 1502 &in
1529 1469 1703 1514 Htspam'am
1718 1469 1832 1500 Tarra-

1076 1530 1176 1550 conem
1195 1515 1288 1563 usqne
1309 1517 1444 1563 irrupEre
1457 1540 1466 1555 ‚
1493 1517 1632 1549 Sarmatae
1644 1518 1810 1551 Pannonias·
1821 1540 1832 1556 ,

1076 1565 1181 1600 Gothi
1196 1568 1338 1599 (fraciam
1350 1569 1381 1600 ὅ(
1394 1564 1675 1609 Afiamvastarunt:
1693 1562 1751 1598 sola
1759 1577 1833 1612 pro-

1079 1616 1116 1663 pe
1129 1616 1216 1648 ltalia
1231 1614 1369 1649 remansit
1382 1615 1513 1663 integra,
1527 1612 1619 1662 usque
1635 1613 1712 1648 adet>
1730 1625 1833 1648 tamen

1076 1664 1165 1713 pestis
1178 1665 1291 1699 Romae
1304 1661 1375 1699 furit
1385 1689 1394 1704 ,
1410 1675 1442 1698 ut
1456 1677 1520 1699 uno
1534 1664 1584 1698 die
1596 1664 1832 1711 quinquemillia

1076 1715 1242 1749 interirent.
1271 1715 1424 1762 Regnavit
1447 1715 1596 1748 Gallienus
1608 1726 1678 1747 cum
1690 1724 1773 1761 patre
1781 1726 1830 1748 ca-

1076 1766 1163 1813 ptivo
1177 1764 1261 1797 annis
1273 1762 1402 1811 septem,
1420 1768 1451 1799 &
1465 1762 1544 1798 solus
1560 1764 1649 1798 οᾶὶο.

287 1815 324 1847 rii
338 1815 428 1849 urbes
440 1840 450 1855 ‚
472 1820 502 1851 &
516 1815 613 1863 prope
626 1817 739 1850 domos
756 1814 926 1849 decennalis
941 1814 1039 1861 pestis.

288 1865 467 1898 AEmilianus
481 1865 630 1911 insignem
643 1865 680 1899 de
694 1865 812 1898 Gothis
826 1864 990 1898 victoriam
998 1863 1041 1898 est

288 1914 413 1959 adeptus
423 1938 432 1952 ‚
453 1912 501 1947 scd
514 1913 603 1957 hujus
617 1912 754 1960 superbia
767 1914 860 1947 elatus
874 1916 1042 1960 Imperator

287 1964 348 1996 dici
360 1963 473 2002 voluit,
487 1974 593 1997 contra
601 1976 691 2010 quem
700 1976 834 2010 pugnans
844 1963 969 2002 Gallus,
984 1963 1041 1997 una

288 2025 358 2045 cum
371 2011 439 2045 filiis
453 2012 540 2046 caesus
556 2011 600 2045 est
615 2011 746 2046 secundo
759 2014 878 2059 imperii
892 2026 984 2047 anno.

1124 1816 1369 1858 Conjuratorum
1383 1814 1481 1848 nullus
1495 1825 1646 1860 occupare
1658 1813 1828 1860 potuitIm-
1846 1813 1982 1841 Claudium

1076 1864 1205 1912 perium,
1214 1861 1578 1898 sedcommuniornnium
1586 1861 1727 1910 suffragio
1735 1861 1829 1896 Clau-
1842 1852 1945 1890 fm'ffi‘

1076 1915 1140 1948 dius
1154 1913 1297 1947 Dalmata
1309 1911 1468 1952 sufficitur,
1481 1913 1525 1948 vir
1533 1924 1646 1960 magno
1660 1916 1690 1946 &
1706 1909 1829 1945 formo-
1842 1897 1984 1970 {3:⁴23ss

1077 1961 1108 1997 so
1117 1975 1248 2009 corpore
1257 1987 1266 2001 ‚
1283 1962 1457 2010 ingentibus
1464 1961 1587 1997 viribus,
1599 1959 1711 2000 castus,
1724 1959 1828 2005 justus,
1844 1972 1942 2000 morbus
1949 1981 1997 1998 ex-

1076 2014 1206 2059 prudens
1214 2036 1223 2052 ‚
1237 2025 1272 2046 ex
1286 2011 1412 2046 Senatfis
1426 2010 1570 2046 sententia
1582 2011 1686 2045 omnia
1699 2010 1828 2044 admini-
1843 2014 1942 2048 tinguit.

124 2081 242 2108 AEmilia.

123 2131 171 2146 nm
194 2119 212 2146 ἰι
221 2120 273 2155 suis

125 2160 271 2196 cwnfhdttur.

126 2318 268 2345 l'alcrianm

126 2357 144 2384 ὰ
152 2362 237 2394 Sapore

125 2397 198 2433 Pmsa‘
219 2408 275 2424 cru-

126 2445 218 2466 natur.

334 2062 532 2095 AEmilianum
545 2061 729 2095 tricesimum
738 2060 1039 2109 secundumlmpera-

289 2120 389 2143 torem
412 2110 574 2157 agnoscere
598 2111 697 2145 noluit
717 2113 887 2144 [alemanus
900 2136 910 2150 ‚
935 2122 1041 2145 contra

290 2171 381 2205 quem
397 2172 523 2192 movens
536 2172 630 2193 onere
645 2161 758 2193 itineris
772 2161 883 2194 levatus
898 2160 957 2196 est,
971 2174 1040 2194 nam

290 2207 384 2239 tertio
398 2208 518 2254 imperii
531 2207 631 2241 mense
643 2210 848 2242 AEmilianuszi
859 2207 918 2241 suis
927 2207 1039 2242 confo-

292 2256 382 2289 ditur.

336 2305 511 2338 Valerianus
536 2307 703 2351 Imperator
726 2302 892 2336 tricefimus
916 2302 1021 2337 tertius
1032 2327 1041 2342 ,

290 2350 411 2386 summo
424 2355 566 2386 omnium
588 2366 657 2386 cum
671 2352 782 2399 gaudio
796 2356 827 2386 &
841 2352 889 2398 spe
903 2353 1042 2385 unacum

291 2401 357 2435 filio
371 2404 499 2435 Gallieno
512 2402 585 2435 adiit
596 2402 760 2447 Imperium
775 2413 855 2434 anno
868 2401 961 2434 aetatis
977 2399 1039 2447 sep-

291 2451 458 2498 tuagesimo
470 2476 479 2490 ,
500 2452 530 2484 in
550 2452 666 2498 magnis
683 2450 844 2485 virtutibus
857 2453 887 2484 &
901 2448 1042 2484 felicitate

293 2511 390 2534 totam
403 2514 442 2534 eo
455 2499 547 2548 usque
559 2511 676 2535 aetatem
692 2510 864 2546 peregeram
879 2498 895 2533 a
908 2502 1017 2533 Senatu
1032 2524 1041 2539 ‚

295 2551 489 2597 permittente
495 2553 587 2583 Decio
594 2574 602 2586 ‚
616 2561 730 2583 creatus
739 2546 874 2587 Censor,
887 2549 977 2583 initio
986 2549 1043 2583 do-

297 2613 362 2633 mus
377 2604 439 2645 ejus
453 2599 636 2634 Christianis
654 2611 720 2632 non
732 2597 846 2645 asylum
860 2597 980 2638 modim
996 2596 1043 2632 sed

296 2648 498 2683 habitaculum
512 2645 567 2681 fuit
578 2672 586 2686 ,
610 2647 716 2682 verum
729 2647 767 2680 ab
785 2648 932 2694 AEgyptio
944 2650 1042 2694 Mago

295 2696 433 2733 sedutfflus
450 2697 539 2732 evasit
551 2695 638 2730 saevus
652 2695 838 2742 persecutor,
853 2695 925 2729 hinc
938 2695 952 2729 a
966 2697 1042 2729 Deo

296 2747 401 2782 clades.
426 2751 460 2781 In
474 2750 620 2794 Saporem
632 2744 750 2780 Persam
762 2745 906 2783 tendens,
924 2742 973 2778 seu
987 2757 1040 2778 ne-

296 2797 439 2843 gligentia
448 2821 456 2835 ,
478 2795 527 2830 seu
541 2795 717 2843 proditione
731 2795 762 2827 in
774 2807 822 2827 eas
835 2794 976 2828 locorum
989 2806 1040 2827 an-

295 2846 403 2891 gustias
416 2846 551 2885 devenit,
566 2856 598 2878 ut
612 2843 704 2879 Persis
717 2843 776 2877 sine
789 2842 928 2890 pugnfiin
936 2856 1041 2877 manus

294 2896 423 2933 venerit,
439 2894 486 2928 liic
500 2893 699 2928 miserrimum
712 2894 742 2926 in
756 2894 885 2926 modum
898 2892 914 2926 a
925 2895 1039 2939 Sapore

294 2941 411 2977 habitus
424 2943 477 2982 est,
492 2944 564 2978 dum
571 2944 652 2977 enim
661 2941 831 2976 ascenderet
843 2954 956 2988 equum
968 2945 1039 2975 Per-

295 2989 322 3022 sa
334 2993 483 3025 Valeriani
496 2994 579 3027 collo
592 3005 649 3040 pro
657 2989 921 3038 stapedaestusuS,
935 2994 1039 3024 &tan-

1077 2062 1178 2096 stravit
1189 2076 1197 2102 ;
1212 2062 1453 2098 ffediolanum
1465 2061 1548 2107 cepit
1561 2060 1690 2093 Aureolo
1704 2055 1828 2092 interfe-

1077 2114 1131 2147 eto
1141 2136 1149 2148 ‚
1162 2112 1276 2158 recepit
1289 2111 1474 2158 provincias,
1488 2111 1561 2144 dum
1576 2107 1739 2153 ambigitur
1752 2118 1827 2139 con-

1077 2174 1122 2196 tra
1135 2173 1214 2207 quos
1228 2158 1367 2206 proxime
1381 2159 1530 2195 eundum,
1543 2156 1664 2204 tyranni
1679 2154 1824 2202 (inquit)

1077 2207 1280 2245 mihihostes,
1294 2207 1418 2239 Barbari
1430 2206 1503 2239 vero
1512 2204 1715 2250 Reipublicae,
1727 2202 1758 2236 hi
1767 2205 1829 2249 pri-

1077 2255 1162 2289 mum
1175 2254 1360 2289 debellandi,
1373 2255 1403 2287 in
1416 2253 1555 2287 Danubii
1563 2253 1625 2299 ripa
1632 2266 1701 2287 cum
1709 2252 1828 2286 Gothis

1077 2316 1195 2350 magnae
1208 2313 1291 2336 erant
1305 2303 1496 2336 Herulorum
1509 2326 1520 2341 ‚
1540 2306 1571 2336 &
1590 2302 1719 2335 aliorum
1732 2302 1830 2347 copiae

1079 2353 1115 2386 ad
1132 2362 1266 2385 trecenta
1284 2351 1396 2398 viginti
1414 2350 1597 2385 bellatorum
1615 2351 1709 2384 millia
1724 2360 1830 2397 praeter

1079 2403 1168 2440 lixas,
1182 2413 1251 2434 cum
1265 2400 1311 2434 bis
1325 2400 1407 2434 mille
1414 2401 1556 2448 navigiis,
1569 2398 1831 2447 hosingentistra-

1080 2464 1117 2499 ge
1130 2450 1255 2489 delevit,
1269 2451 1502 2484 Germanorum
1512 2451 1604 2484 etiam
1617 2449 1654 2483 ad
1668 2450 1765 2483 lacum
1773 2451 1830 2480 Be-

1079 2512 1188 2534 nacum
1201 2499 1330 2533 ducenta
1344 2499 1437 2533 millia
1448 2499 1568 2533 cecidit.

1127 2549 1278 2584 Invfflum
1298 2551 1516 2595 Imperatorem
1529 2547 1600 2582 cum
1614 2546 1752 2580 Barbaris
1766 2548 1830 2592 eje-

1080 2599 1139 2633 etis
1150 2609 1264 2646 pararet
1279 2598 1311 2631 in
1323 2608 1471 2644 tyrannos
1485 2609 1565 2632 arma
1578 2621 1587 2635 ,
1606 2594 1699 2630 febris
1713 2596 1830 2630 necavit

1079 2647 1210 2682 secundo
1224 2659 1305 2680 anno
1320 2647 1442 2692 Imperii
1455 2671 1465 2687 ‚
1484 2645 1603 2681 Christi
1621 2644 1828 2680 ducentesimo

1079 2695 1295 2743 septuagesimo
1307 2697 1411 2729 tertio.

1129 2746 1298 2790 Qintilius
1317 2745 1434 2778 Claudii
1452 2743 1542 2779 frater
1559 2744 1682 2779 relictus
1694 2754 1763 2775 cum
1776 2740 1828 2774 ali-
1843 2751 1987 2789 Qcintilius

1077 2805 1156 2842 quot
1168 2793 1341 2842 legionibus
1354 2795 1387 2827 in
1405 2794 1489 2828 Italia
1504 2818 1514 2834 ,
1537 2794 1574 2827 ab
1588 2793 1634 2825 his
1646 2790 1714 2837 post
1729 2788 1825 2824 fratris
1834 2790 1991 2869 filzngenam

1076 2854 1212 2878 mortem
1230 2844 1330 2878 dietus
1349 2843 1394 2877 est
1410 2846 1583 2889 Imperator
1596 2838 1761 2873 tricesimus
1781 2838 1826 2873 se-

1076 2903 1142 2926 xtus
1156 2916 1166 2930 ,
1190 2890 1238 2925 sed
1257 2893 1365 2926 audito
1384 2890 1500 2936 [laudii
1519 2889 1683 2923 exercitum
1707 2888 1826 2936 elegisse

1075 2941 1292 2976 Aurelianum,
1304 2939 1486 2974 infirmitatis
1498 2936 1552 2972 suae
1565 2936 1720 2978 conscius,
1733 2938 1825 2972 liceta

1075 2992 1186 3024 Senatu
1199 2988 1398 3035 probaretur,
1412 3000 1500 3022 venas
1512 2989 1637 3034 aperuit.

1122 3038 1300 3072 Aurelianus
1313 3038 1417 3071 Dacus
1429 3036 1578 3083 praestanti
1596 3036 1673 3071 adeo
1693 3048 1825 3083 corpore
1840 3049 1958 3080 Aurelia-

1075 3092 1107 3123 &
1119 3089 1238 3127 animo,
1252 3098 1285 3121 ut
1298 3098 1362 3120 uno
1375 3087 1422 3120 die
1429 3086 1565 3120 hostium
1573 3086 1768 3134 quadraginta
1776 3098 1824 3119 ce·
1838 3099 1885 3116 nus
1907 3091 1988 3124 ingens

1075 3138 1196 3177 cidem,
1210 3135 1382 3170 Alexandro
1390 3140 1420 3172 δι
1429 3136 1540 3181 Caefhri,
1549 3136 1581 3170 ni
1589 3133 1823 3171 obstitjffetcru-
1842 3129 1948 3156 bellator.

1704 3183 1820 3221 delitas,

295 3039 364 3072 dem
376 3042 470 3074 oculis
484 3055 516 3075 ac
530 3043 608 3089 pelle
627 3043 774 3089 privatum
792 3040 923 3074 necavit.
947 3040 1039 3074 Vale-

291 3088 365 3120 riani
372 3089 499 3134 imperio
507 3092 577 3124 dura
585 3090 642 3125 fuit
649 3091 763 3137 ubique
770 3088 941 3137 persecutio
949 3089 1040 3122 Chri-

291 3135 458 3171 stianorum
465 3161 474 3176 ‚
489 3136 622 3186 &priam
629 3165 638 3180 ‚
652 3144 683 3174 δέ
691 3141 819 3174 aliorum
828 3139 967 3185 martyria
974 3136 1040 3174 fuse
