2048 3343
283 132 328 168 ὃν,
657 119 950 156 OPERIS
1006 100 1446 150 H1'sro1z1c1

285 210 332 231 tus
353 192 566 228 comederetur
584 190 620 223 ad
636 188 747 222 horam
770 185 984 220 duodecimam
1003 182 1035 215 in

287 245 354 279 solis
371 239 477 276 occasu
495 245 525 274 ὅ(
539 239 618 273 hora
633 238 732 285 prima
744 236 802 270 diei
816 234 926 269 decimi
939 231 1038 280 quinti

285 293 355 341 post
369 291 436 325 solis
453 287 604 323 occasum.
645 288 694 320 Sic
707 296 878 332 appareret,
900 294 1036 330 quomo-

286 345 328 377 do
338 340 443 376 Pascha
453 339 536 385 quod
550 336 715 385 parandum
728 347 789 368 erat
802 335 832 367 in
845 332 905 367 fine
915 331 974 365 diei
987 330 1039 365 de-

287 390 459 436 cimiquarti
467 394 496 422 &
505 386 731 421 comedendum
739 385 827 417 initio
835 381 1041 428 decimiquin-

288 443 321 480 ti,
331 439 414 473 reete:
427 436 570 481 referatur
581 447 641 469 tam
655 435 691 468 ad
703 434 784 467 diem
798 433 1040 476 decimumquar-

288 501 354 524 tum
368 489 459 535 quam
473 487 508 519 ad
522 483 831 530 decimumquintum.
854 479 950 516 Certe
963 478 1039 511 cele-

289 539 445 573 brationes
463 534 610 569 paschatis
629 538 660 568 &
673 532 764 579 primi
777 534 967 576 Azymorum
980 537 1042 559 tam
1083 534 1104 568 q

290 598 374 622 erant
388 586 441 619 sibi
454 585 582 618 invicem
592 583 694 616 vicinae
702 593 733 613 ac
748 579 869 623 inustae,
881 588 924 614 ut,
934 587 1042 622 quam-

290 639 335 670 vis
350 637 425 669 locis
445 635 540 667 citatis
551 630 672 666 diversis
686 630 792 661 diebus
807 625 1042 672 distinguantur,

292 697 392 719 tamen
401 684 469 717 alias
479 682 590 728 absque
603 678 799 713 distinetione
813 677 842 708 in
856 687 948 708 unum
958 674 1042 706 diem

291 737 525 780 conjungimur,
540 741 572 762 ut
582 729 683 762 videre
698 724 741 759 cst
754 730 829 758 Luc.
841 737 925 768 22.7.
944 726 1042 757 Marc.

293 796 370 829 14¹·
398 785 487 816 Matt.
502 784 551 812 26.
565 790 608 821 ¹7·
862 778 866 782 ⁴
947 787 951 792 -

327 829 543 875 Subjiingitnus
557 829 616 870 jam
629 821 976 871 argumentiminorem:
987 822 1044 853 At-

293 882 347 927 qui
361 878 475 913 christi
490 874 600 910 Pascha
619 873 806 907 celebratum
823 870 865 904 est
881 871 982 917 ptimo
995 869 1044 903 die

295 935 497 974 Azymorum,
515 936 547 958 ut
561 937 595 957 ex
605 924 747 966 locisjam
761 921 857 955 citatis
870 930 1039 967 patet,quo-

295 978 394 1012 modo
408 986 506 1009 autem
522 974 574 1007 ista
582 985 651 1006 cum
665 972 779 1004 loannis
787 969 956 1017 Evangelio
968 980 1045 1002 con-

293 1029 429 1064 veniant,
448 1023 532 1070 supra
544 1023 660 1057 dietum
674 1020 725 1054 est.

130 1078 200 1107 Man»
208 1078 259 1105 Bel·
343 1077 516 1109 Eellarmtno
529 1073 559 1106 in
572 1070 772 1118 disputatione
781 1067 829 1102 sua
842 1068 1046 1102 contraGrae-

129 1120 260 1166 ²²'m¹²⁷f'⁸„
298 1139 351 1160 cos
365 1124 414 1158 lib.
427 1138 460 1169 4.
473 1123 509 1156 de
523 1121 654 1155 Euchar.
667 1132 730 1166 cap.
740 1131 769 1164 7.
789 1122 819 1153 δε
834 1116 1045 1164 sequentibus,

130 1161 265 1226 &3222
297 1188 362 1209 non
379 1185 440 1207 tam
460 1184 537 1205 cutae
557 1169 614 1204 esse
628 1169 747 1203 videtur
764 1177 939 1214 argumenta
957 1163 1048 1199 fortia

132 1238 268 1274 Pronstan-
297 1236 403 1258 contra
417 1220 495 1268 ipsos
509 1232 659 1267 premere,
673 1217 764 1264 quam
778 1217 940 1250 calumnias
953 1215 1048 1249 strue-

133 1286 175 1305 tes.
298 1286 329 1307 re
350 1274 473 1305 Calvmo
496 1283 504 1309 ;
531 1269 612 1303 certe
636 1267 734 1300 nostri
759 1267 789 1298 in
807 1266 862 1298 hac
881 1264 1048 1311 quaestione

298 1335 369 1356 cum
388 1319 506 1353 G1aecis
526 1330 589 1351 non
608 1319 738 1362 jungunt
756 1339 765 1353 ,
796 1312 844 1347 sed
865 1311 1048 1346 fortioribus

299 1373 429 1406 Graecos
442 1367 626 1414 argumentis
639 1374 832 1411 oppugnant,
846 1362 937 1409 quim
951 1362 1049 1409 quivis

301 1435 337 1455 ex
353 1416 522 1453 pontificiis
539 1430 547 1456 3
569 1415 655 1462 quod
673 1414 746 1447 vcro
767 1413 895 1446 liberum
909 1423 1049 1457 putemus

302 1474 333 1504 &
347 1466 447 1502 indiffi
454 1479 519 1499 rens
529 1490 537 1504 ‚
557 1477 588 1498 ut
599 1464 646 1498 vel
658 1464 688 1496 in
700 1462 806 1499 dffdputs
818 1461 865 1491 vel
880 1461 993 1499 ὠξυμῳς
1007 1459 1047 1493 sa-

302 1531 350 1552 cra
363 1529 450 1550 coena
463 1516 650 1552 celebretur,
676 1512 705 1544 id
719 1521 785 1543 ante
799 1522 856 1542 nos
870 1509 1049 1543 Concilium

301 1566 513 1602 Florentinum
528 1564 630 1610 (quod
644 1572 752 1593 omnes
768 1558 920 1603 Pontificii
936 1570 967 1592 ut
981 1560 1048 1593 Oe-

299 1615 491 1652 cumenicum
505 1611 692 1659 approbant)
709 1608 792 1641 idem
806 1608 892 1653 plane
906 1608 1048 1642 determi-

299 1667 393 1701 navit:
410 1662 496 1709 quod
511 1662 628 1696 verbex
642 1658 752 1693 nostris
762 1656 902 1691 Ecclesiis
913 1657 1049 1704 quaedam

299 1715 402 1754 οἰζύμῳς
416 1711 552 1759 quaedam
566 1710 679 1748 ὀνζύρωις
693 1718 829 1745 utantur,
849 1706 879 1740 id
891 1704 1004 1740 faciunt
1014 1719 1049 1740 ex

300 1776 388 1798 mero
406 1761 533 1795 arbitrio
546 1760 608 1793 fine
626 1758 686 1792 ulla
704 1756 888 1790 necessitate:
912 1769 982 1790 nam
996 1756 1049 1790 ubi

299 1815 382 1859 panis
398 1810 594 1845 fermentatus
607 1806 833 1843 estcommunis
841 1817 906 1839 non
914 1803 1050 1853 quaerunt

300 1860 403 1899 ἕξεων»
421 1865 451 1896 8(
465 1860 516 1893 ubi
531 1859 619 1897 0¹²ng
635 1855 700 1891 sunt
716 1856 909 1894 communia,
929 1865 962 1888 ut
973 1854 1051 1901 apud

299 1920 357 1943 nos
375 1912 405 1943 &
419 1910 593 1956 pleramque
606 1906 741 1940 Scotiam
754 1917 817 1938 non
831 1915 969 1952 quaerunt
988 1905 1051 1942 ’ένξυ-

298 1973 347 1995 ωυ-
372 1959 499 1992 Utinam
512 1958 578 1990 lites
591 1954 700 1988 nostrae
712 1966 822 1987 omnes
834 1967 904 1987 cum
917 1952 1052 1988 Ecclefia

300 2007 445 2041 Romana
458 2018 518 2040 tam
533 2004 625 2039 essent
643 2002 817 2050 compositu
830 2001 931 2037 faciles
945 2017 954 2045 ;
975 2003 1052 2036 hanc

301 2056 410 2090 serram
423 2054 521 2089 nullus
534 2056 579 2090 vir
596 2054 661 2101 pius
681 2057 711 2088 &
725 2052 836 2087 doc‘tus
849 2052 901 2087 diu
914 2054 1050 2100 recipro-

301 2116 393 2140 caret.

138 2171 262 2198 sementia
360 2154 513 2187 Sententia
527 2151 650 2186 secunda
667 2150 783 2185 Christi
798 2149 906 2184 Pascha
920 2151 1008 2198 ponit
1022 2151 1053 2184 in

131 2211 241 2247 secunda
302 2201 412 2234 eodem
427 2213 566 2247 tempore
580 2213 649 2233 cum
658 2199 795 2233 Paschate
803 2200 994 2246 Judaeorum,
1008 2201 1052 2233 ni-

138 2251 198 2277 w‘lt
213 2249 287 2276 clm·-
305 2251 415 2283 mirum
426 2249 519 2283 Nisan
530 2249 764 2294 decimoquarto
779 2249 815 2280 ad
828 2247 978 2292 vesperam
993 2248 1052 2280 diei

132 2289 201 2355 {52³
209 2289 291 2356 calm*
301 2299 389 2346 Jovis
405 2296 478 2331 feria
490 2298 608 2343 quinta.

139 2368 178 2394 die
193 2338 290 2394 “ele-cm
352 2348 560 2380 Constantinus
573 2347 709 2392 Adagnm
721 2347 752 2377 &
765 2342 813 2375 alii
826 2341 895 2388 post
909 2353 979 2375 eum
991 2343 1051 2374 Im-

139 2406 213 2445 b'dffi'
222 2412 269 2435 Pa-
303 2408 457 2443 peratores
478 2394 660 2430 Chrzfliam,
686 2403 718 2425 ut
730 2391 911 2438 religionem
925 2389 1005 2423 suam
1021 2393 1051 2424 &

133 2446 202 2481 scha.
302 2446 400 2478 zelum
422 2457 491 2492 erga
510 2442 627 2476 Christi
647 2453 764 2475 nomen
783 2441 900 2475 mundo
920 2440 1050 2474 demon-

303 2495 439 2533 strarent,
453 2492 571 2540 legibus
586 2489 642 2524 suis
655 2489 793 2524 civilibus
806 2488 974 2528 sanxerunt,
987 2501 1051 2522 non

304 2543 420 2577 tantum
434 2553 467 2576 ut
479 2553 545 2576 tota
557 2540 728 2575 hebdomas
737 2535 880 2572 Paschalis
891 2540 906 2584 (
910 2538 981 2573 sicut
989 2549 1051 2572 erat

304 2593 382 2626 inter
390 2593 534 2639 Judaeos)
554 2589 602 2624 sed
615 2590 705 2623 etiam
720 2588 891 2622 hebdomas
905 2589 933 2622 ei
946 2588 1048 2634 proxi-

303 2654 352 2674 ma
365 2641 455 2674 essent
471 2638 580 2673 festivae
592 2652 600 2678 3
614 2639 653 2672 ita
667 2650 698 2672 ut
711 2637 942 2684 quatuordecim
949 2637 1050 2670 omni-

141 2704 265 2741 Quidfi’-
303 2690 345 2723 no
358 2689 623 2723 dicsaDominica
636 2686 856 2720 resurreetione
869 2696 902 2719 ut
914 2685 1051 2719 solennes

143 2753 187 2770 na.
305 2736 385 2773 feriae
403 2751 457 2786 per
474 2749 576 2772 totum
597 2739 775 2769 Romanum
788 2734 899 2769 orbem
916 2734 1050 2768 celebra-

306 2798 407 2821 rentur
423 2802 432 2828 3
463 2787 525 2820 hoc
543 2787 636 2833 paeto
660 2786 690 2818 in
708 2783 904 2818 hebdomade
922 2781 1051 2818 Paschali

307 2837 368 2870 dies
383 2837 550 2870 Dominica
565 2834 613 2868 seu
627 2835 690 2868 dies
704 2831 772 2866 solis
785 2844 846 2867 erat
861 2830 934 2866 feria
945 2833 1051 2880 prima,

308 2885 370 2919 dies
384 2887 477 2919 Lunae
489 2883 564 2918 feria
576 2882 718 2921 secunda,
736 2883 844 2915 Martis
856 2882 954 2920 tertia,
964 2884 1051 2915 Mer-

309 2935 382 2967 curii
394 2945 506 2981 quarta‚
516 2934 603 2980 Jovis
617 2933 737 2978 quinta,
757 2932 886 2964 Veneris
899 2928 986 2968 sexta,
1000 2933 1052 2963 Sa-

308 2984 387 3015 turni
401 2985 474 3020 (ᾖσε,
485 2984 537 3030 qui
549 2982 792 3028 eratJudaeorum
805 2977 1051 3018 sabbatum,feria

309 3029 366 3064 fuit
381 3029 512 3077 septima.
543 3034 603 3065 Pro
616 3032 670 3064 hac
684 3030 801 3063 dierum
813 3029 845 3061 in
857 3028 1052 3063 hebdomada

310 3078 439 3113 Pasclmli
457 3078 682 3113 nomenclaturfi
695 3102 704 3117 ,
729 3077 799 3124 post
817 3088 959 3125 tempora
977 3081 1050 3111 Con-

308 3128 442 3162 flamm,
452 3128 481 3160 in
489 3129 619 3161 Ecclesia
629 3129 736 3161 Latina
748 3127 810 3159 dies
822 3128 961 3160 omnium
973 3126 1050 3160 heb-

309 3177 475 3211 domadum
491 3178 585 3210 totius
602 3178 671 3210 anni
688 3175 925 3210 nominabantur
942 3173 1052 3211 feriaea

1074 178 1177 226 primo
1192 175 1229 211 ad
1246 175 1407 223 septimum
1418 199 1429 215 ‚
1455 171 1505 208 seu
1518 172 1533 207 ὲ
1546 172 1594 207 die
1607 172 1686 206 Solis
1698 170 1735 206 ad
1749 171 1832 206 diem

1075 227 1205 263 Saturni.

1124 274 1280 311 Sententia
1294 285 1354 321 prae
1366 271 1507 306 manibus
1526 268 1644 305 Christi
1657 267 1766 303 Pascha
1779 282 1829 303 ce-
1842 286 1981 318 Azgumen-

1079 326 1228 360 lebratum
1243 324 1307 357 vult
1327 321 1396 356 lunz'i
1415 318 1656 366 decimaquartfi,
1684 318 1734 351 die
1743 319 1869 364 Jovista
1894 322 1997 349 aaroni?

1841 371 1882 401 pro
1889 362 1994 397 hacsen-

1845 411 1926 431 tenna
1936 412 1975 427 re—

1839 444 1968 480 furamur.

1080 374 1156 409 feria
1169 373 1285 420 quinta,
1298 372 1371 406 sicut
1384 372 1469 416 prior
1480 367 1832 407 1u113decimatertifi‚die

1081 423 1247 470 Mercurii,
1261 421 1366 468 quartfi
1380 418 1466 454 ferifi.
1485 422 1551 455 Pro
1560 417 1686 452 secunda
1693 416 1832 450 hacstant

1082 472 1169 506 multi
1189 471 1243 504 viri
1268 469 1432 503 dofflsfimi
1444 479 1506 503 tam
1530 481 1566 501 ex
1592 465 1833 501 Protestantibus

1107 522 1175 554 uam
1188 518 1368 553 Pontificiis.
1406 520 1453 552 Ex
1467 516 1515 550 his
1527 515 1571 550 est
1584 518 1757 562 eAquinas,
1779 516 1834 548 To-

1082 572 1172 608 lems,
1190 569 1402 603 Belkzrmtnus,
1419 569 1580 604 Bmmins,
1603 564 1622 598 oi
1633 565 1761 613 Lapide,
1788 568 1831 598 E-

1076 619 1166 664 stads,
1193 623 1223 652 δέ
1240 617 1286 650 alii
1300 617 1398 650 multi.
1446 616 1493 649 Ex
1506 616 1562 648 illis
1574 617 1657 648 Beza
1668 637 1677 650 2
1696 614 1767 647 licet
1780 614 1837 647 du-

1085 670 1152 702 bius
1162 692 1172 707 ‚
1192 670 1323 705 Grotius,
1337 664 1529 703 Hamondus,
1546 667 1754 698 Annotatores
1768 664 1837 697 An-

1085 717 1193 765 glicani
1207 715 1322 755 ultimi,
1348 721 1378 751 δι
1393 715 1452 748 alii.
1483 714 1638 748 Sententia
1654 713 1726 746 duas
1744 711 1838 746 habet

1085 778 1200 813 partes3
1221 765 1305 811 prior
1316 788 1326 804 ‚
1350 762 1512 799 Christum
1527 760 1609 796 suum
1625 760 1715 796 edisse
1729 760 1838 796 Pascha

1085 818 1154 850 luna
1166 815 1390 859 decimaquarta
1398 838 1406 852 ‚
1420 811 1496 848 feria
1507 813 1634 859 quinta,
1648 811 1696 844 die
1704 811 1793 857 Jovis
1801 810 1838 845 ad

1085 865 1228 899 nouem:
1244 861 1525 909 posteriorJudaeos
1536 862 1745 908 efiipsfinotffhe
1753 860 1838 895 suum

1086 917 1176 949 ctiam
1190 910 1365 946 comedisse.
1390 913 1528 944 Priorem
1542 922 1656 956 partem
1665 907 1752 943 facile
1760 923 1838 944 con-

1087 960 1364 1001 cedimus‚abunde
1377 960 1460 993 enim
1475 959 1622 1005 probatur
1634 972 1669 992 ex
1679 961 1838 1006 Scripturae

1088 1014 1162 1047 locis
1170 1025 1248 1059 quos
1260 1012 1321 1055 jam
1334 1010 1511 1042 adduximus
1526 1020 1631 1042 contra
1639 1008 1767 1054 primam
1776 1007 1838 1041 sen-

1086 1063 1212 1097 tentiam
1221 1075 1230 1101 ;
1251 1059 1298 1093 scd
1306 1070 1371 1092 tota
1379 1059 1396 1091 d
1403 1056 1539 1091 ifficultas
1549 1057 1631 1091 estin
1640 1055 1767 1092 secunda
1775 1069 1840 1104 par-

1087 1124 1131 1146 te:
1153 1112 1231 1145 varia
1243 1109 1278 1143 ad
1292 1113 1358 1142 eam
1372 1107 1561 1155 probandam
1575 1118 1838 1155 congerunturar-

1087 1172 1230 1205 gumenta
1244 1159 1259 1193 a
1273 1158 1498 1195 ὣίαίιίοηαιο,
1522 1158 1698 1190 Bellarmino
1708 1172 1720 1195 5
1748 1159 1779 1191 &
1792 1156 1839 1190 in-

1087 1203 1192 1258 §rimis
1201 1211 1331 1252 [Baronio
1346 1207 1381 1240 ad
1394 1219 1441 1240 an.
1450 1206 1527 1241 Chr.
1536 1218 1676 1251 34.num.
1685 1218 1725 1251 23.
1743 1205 1794 1239 Ad
1806 1217 1840 1238 ea

1087 1272 1154 1307 quae
1166 1261 1314 1291 Daromm
1328 1256 1424 1294 affert,
1438 1257 1508 1303 quia
1521 1255 1677 1289 nervosius
1690 1259 1721 1289 &
1735 1253 1840 1289 clarius

1088 1310 1125 1342 ab
1141 1307 1205 1355 ipso
1225 1307 1317 1354 quam
1329 1307 1389 1338 alio
1403 1318 1561 1352 quoquam
1575 1306 1673 1351 premi
1688 1304 1839 1344 videntur,

1087 1358 1135 1392 hic
1151 1355 1411 1404 respondebimus.

1134 1409 1269 1442 Primum
1283 1404 1326 1438 est
1339 1416 1374 1437 ex
1386 1402 1482 1436 tribus
1490 1403 1596 1448 primis
1604 1401 1800 1448 Evangelistis
1810 1402 1840 1434 in

1088 1457 1163 1490 locis
1179 1454 1262 1502 supra
1276 1453 1384 1488 citatis.
1415 1454 1500 1485 Patet
1513 1451 1671 1485 Christum
1686 1449 1770 1484 suum
1784 1453 1840 1484 Pa-

1088 1504 1154 1540 scha
1173 1501 1332 1539 celebrasse
1352 1501 1455 1546 primo
1477 1499 1526 1532 die
1545 1503 1758 1546 Azymorum,
1785 1511 1840 1532 eo-

1088 1557 1221 1601 demque
1242 1553 1289 1587 die
1299 1551 1423 1598 judaeos
1438 1546 1547 1582 Pascha
1559 1547 1728 1583 immolfiffe
1739 1572 1748 1587 ,
1777 1551 1808 1582 δι
1823 1548 1840 1582 a

1090 1606 1174 1638 Luca
1191 1601 1324 1637 asseritur
1336 1597 1451 1633 necesse
1465 1594 1551 1631 fuisse
1565 1609 1598 1632 ut
1610 1611 1650 1632 eo
1663 1598 1712 1632 die
1724 1598 1841 1631 immo-

1088 1655 1191 1687 larent.
1217 1650 1309 1697 Resp.
1328 1649 1510 1685 Marcum
1523 1649 1597 1682 nihil
1611 1647 1724 1681 habere
1737 1647 1774 1680 de
1782 1648 1841 1693 Ju-

1088 1704 1157 1737 dreis
1170 1727 1180 1742 ,
1205 1699 1254 1736 sed
1266 1698 1384 1734 tantum
1397 1697 1570 1744 simpliciter
1582 1698 1683 1731 dicere
1694 1721 1704 1737 ,
1729 1697 1842 1730 immo-

1088 1753 1210 1793 labant3
1235 1750 1298 1785 hoc
1313 1759 1413 1782 autem
1434 1745 1500 1781 satis
1512 1745 1635 1782 salvatur
1652 1759 1705 1794 per
1723 1744 1842 1780 fadhrm

1091 1801 1206 1838 christi
1219 1805 1249 1836 &
1265 1797 1509 1846 Apostolorum,
1522 1797 1669 1844 quicquid
1683 1795 1841 1842 aliiJudaei

1090 1853 1218 1900 egerint.
1242 1847 1409 1884 Neceffitas
1422 1857 1539 1884 autem,
1553 1846 1590 1880 de
1603 1845 1662 1893 quai
1675 1848 1785 1884 Lucas,
1793 1857 1842 1878 re-

1090 1900 1184 1936 fertur
1197 1900 1233 1934 ad
1246 1898 1385 1934 officium
1395 1898 1462 1942 lege
1475 1893 1677 1942 praescriptum
1686 1906 1726 1928 eo
1736 1894 1784 1928 die
1791 1906 1843 1927 ce-

1090 1951 1226 1985 lebrandi
1246 1964 1255 1991 3
1286 1947 1372 1996 quod
1395 1944 1538 1980 Christus
1559 1957 1629 1978 cum
1655 1942 1711 1977 suis
1737 1942 1843 1977 emere

1090 1999 1240 2048 praestitit,
1265 2010 1329 2032 non
1343 1996 1417 2031 vero
1430 1995 1465 2028 ad
1479 1994 1583 2041 praxin
1596 2004 1776 2028 caeterorum
1785 1994 1844 2040 Ju-

1090 2048 1299 2096 daeorum‚qui
1314 2043 1533 2081 pharisa-orum
1545 2041 1759 2077 traditionibus
1772 2042 1787 2076 a
1800 2042 1844 2075 le-

1091 2113 1128 2148 ge
1143 2099 1192 2133 hic
1206 2096 1464 2132 abstrahebantur.

1150 2150 1377 2195 Argumentum
1391 2142 1564 2177 secundum.
1604 2142 1668 2172 Lex
1683 2148 1744 2171 tam
1761 2137 1844 2172 arete

1092 2198 1331 2232 celebrationem
1356 2192 1506 2227 Paschatis
1528 2189 1587 2221 diei
1608 2188 1845 2234 decimoquarto

1092 2245 1232 2290 alligabat
1245 2267 1254 2280 ,
1281 2252 1313 2274 ut
1326 2241 1346 2273 si
1360 2241 1412 2286 qui
1426 2237 1517 2272 causis
1529 2236 1660 2270 maxime
1679 2236 1844 2270 neceflariis

1092 2304 1162 2325 eum
1175 2291 1256 2324 diem
1270 2288 1381 2323 servare
1391 2299 1453 2320 non
1468 2285 1596 2332 possent,
1607 2296 1778 2318 nontamen
1785 2298 1844 2332 po-

1091 2340 1203 2374 tuerint
1216 2339 1247 2371 in
1260 2338 1351 2371 alium
1364 2337 1446 2369 diem
1460 2333 1593 2373 differre,
1608 2332 1656 2368 sed
1669 2334 1780 2367 eodem
1795 2334 1844 2369 die

1092 2389 1326 2435 decimoquarto
1341 2384 1450 2419 mensis
1464 2383 1615 2431 sequentis
1628 2383 1781 2417 celebrare
1799 2384 1847 2417 di·-

1091 2440 1166 2473 vino
1185 2446 1340 2484 praecepto
1361 2433 1580 2468 mandabantur
1597 2433 1732 2474 Num.9.
1748 2435 1783 2472 ss.
1794 2445 1846 2468 10.

1093 2487 1244 2533 z.Para'lip.
1253 2488 1393 2532 3o.7lf.13.
1419 2481 1512 2530 Resp.
1526 2482 1675 2516 Divinum
1687 2482 1748 2515 hoc
1762 2494 1845 2514 man-

1091 2539 1194 2572 datum
1214 2548 1277 2569 non
1292 2533 1478 2580 impediebat
1491 2531 1611 2566 Scribas
1629 2530 1691 2564 suas
1704 2531 1846 2564 traditio-

1091 2600 1143 2620 nes
1156 2586 1193 2620 ad
1206 2585 1269 2619 Dei
1284 2585 1382 2630 legem
1396 2582 1521 2619 addere,
1547 2593 1620 2628 quas
1634 2579 1774 2615 Christus
1783 2590 1846 2614 tam

1090 2648 1167 2672 voce
1183 2633 1276 2681 quam
1287 2630 1371 2666 facto
1388 2629 1460 2677 saepe
1475 2627 1623 2664 refutavit.

1143 2684 1300 2718 Tertium.
1332 2680 1485 2727 Oportuit
1498 2677 1658 2712 Christum
1670 2690 1775 2714 verum
1788 2680 1843 2712 Pa-

1091 2730 1157 2766 scha
1169 2731 1294 2766 maetari
1306 2743 1345 2764 eo
1359 2731 1408 2764 die
1420 2742 1485 2776 quo
1495 2728 1626 2775 populus
1639 2729 1775 2774 typicum
1788 2729 1843 2760 Pa-

1092 2780 1159 2815 scha
1178 2780 1351 2815 celebrabat
1361 2804 1372 2819 ,
1399 2779 1486 2825 Ergo
1499 2778 1630 2825 populus
1648 2789 1687 2811 eo
1701 2777 1749 2808 die
1762 2775 1842 2808 cele-

1092 2831 1191 2866 bravit
1204 2842 1268 2877 quo
1281 2827 1422 2864 Christus
1439 2827 1482 2861 est
1498 2825 1668 2860 crucifixus
1682 2821 1774 2870 Resp.
1789 2824 1843 2857 Li-

1092 2891 1140 2914 cet
1153 2881 1291 2913 daremus
1309 2889 1410 2912 totum
1424 2886 1652 2924 argumentum,
1672 2872 1748 2906 nihil
1762 2873 1843 2907 mili-

1091 2938 1166 2962 taret
1179 2939 1285 2961 contra
1304 2939 1380 2959 nos:
1399 2923 1555 2971 praeterea,
1576 2934 1610 2956 ut
1622 2935 1710 2968 typus
1723 2926 1753 2956 ὃ(
1766 2923 1843 2956 anti-

1090 2988 1178 3024 typus
1192 2974 1406 3023 perfefflffime
1417 2972 1610 3010 conveniant,
1630 2984 1695 3004 non
1713 2972 1842 3018 requiri-

1091 3038 1159 3065 tur,
1187 3036 1219 3059 ut
1233 3023 1318 3071 supra
1329 3023 1462 3061 dietum,
1481 3021 1662 3055 omnimoda
1675 3021 1704 3053 in
1718 3032 1841 3067 tempo-

1091 3088 1123 3110 re
1138 3073 1358 3110 convenicntia.
1375 3071 1524 3117 Denique
1535 3069 1629 3117 passus
1642 3070 1685 3103 est
1699 3069 1839 3104 christus

1091 3137 1132 3159 eo
1155 3124 1204 3158 die
1222 3121 1346 3156 naturali
1362 3133 1427 3168 quo
1443 3132 1495 3166 per
1510 3120 1609 3166 legem
1624 3119 1838 3153 celebrandum

1091 3185 1153 3208 erat
1166 3171 1274 3208 Pascha
1285 3195 1295 3212 ‚
1322 3174 1352 3206 &
1366 3183 1430 3218 quo
1442 3168 1502 3216 ipse
1514 3167 1599 3203 suum
1611 3167 1718 3203 Pascha
1731 3180 1838 3250 cogic-
1854 3163 1857 3168 ¹

1414 3243 1418 3253 s
1796 3226 1834 3256 it,
