2048 3343
0 0 16 67 ‘1

14 101 16 182 l

14 249 145 302 {mna

0 320 3 335 l
25 316 63 337 m·
69 305 144 333 vincit

0 361 4 376 ι
15 378 17 386 Ι
27 346 152 379 ,Διασω-

0 416 2 419 ,
14 387 74 426 gder.

24 825 166 856 lia,Gnc0-

27 876 79 895 nm
86 863 140 902 fere¹

24 906 157 947 quingenti.

466 85 532 113 ετ
592 76 749 113 <Eira
782 81 928 113 orio
962 81 1099 110 tric
1131 80 1240 108 rer

183 153 216 188 ni
236 161 372 201 propere
390 146 551 184 succurrat
565 149 599 183 in
621 159 691 182 non
707 146 770 181 levi
790 142 935 192 periculo

182 200 306 244 versari:
315 199 393 234 dum
405 198 485 234 redit
493 199 533 233 ad
546 197 740 232 Parmeniona
752 190 931 241 opcm‚ob-

183 251 267 285 viam
280 245 377 284 habet
396 259 549 295 magnam
572 244 733 280 Persarum
748 246 777 276 &
794 240 932 276 Partho-

182 312 255 335 rum
265 300 410 347 equitum
424 308 555 331 manum
569 319 579 334 ,
604 305 677 327 cum
698 292 815 340 quibus
828 288 933 324 multo

182 347 345 384 difficilius
355 343 451 394 quam
464 356 538 378 curn
549 342 643 376 Dario
655 342 749 376 inane
759 339 820 375 fuit
832 351 934 375 certa-

181 411 270 435 men.
294 398 356 432 His
377 406 486 429 tamen
505 390 678 439 dissipatis,
703 401 876 438 antequam
896 389 934 423 ad

180 445 396 482 Parmenionem
405 440 529 477 accessit
542 438 713 476 discussum
733 441 793 475 fuit
805 442 933 487 pericu-

181 499 265 536 lum,
277 507 353 530 nam
368 493 547 529 Mazausin
559 490 674 525 dextro
685 489 850 525 Persarum
861 501 933 523 cor-

181 559 225 581 nu
246 541 346 593 prope
365 544 490 582 νίἃοτ,
516 552 551 575 ut
573 538 719 589 primum
742 539 870 573 Darium
885 539 934 572 vi-

181 597 270 630 &um
283 597 314 629 &
326 591 477 640 fugatum
491 590 632 637 accepit,
659 587 857 637 liquescente
865 588 934 621 ani-

183 655 241 679 mo
258 655 348 690 terga
362 641 469 678 vertit,
484 640 685 684 Babylonem
705 637 811 673 versus
835 635 935 684 fugit.

147 718 154 722 -
182 695 232 729 Eo
249 693 299 728 die
312 689 454 726 cecidere
474 687 701 723 Macedonum
721 699 819 734 prope
837 698 936 734 qum-

183 744 289 792 genti,
305 739 466 776 Persarum
478 737 571 786 supra
582 738 755 772 trecenties
768 736 856 770 mille
869 733 936 768 :die

133 784 160 806 Ι·
185 791 364 839 insequenti
379 789 506 824 Darium
519 785 712 822 <allexander
730 784 938 832 persequutus

186 841 230 878 est
241 840 364 876 Arbela
377 861 386 875 ‚
400 838 453 872 hic
461 839 580 885 regiam
593 835 823 883 supelleffilem
835 834 938 868 &tria

185 893 383 927 talentorum
397 889 500 921 millia
512 886 633 932 argenti
644 886 777 931 reperit:
792 879 866 917 inde
877 883 938 914 Ba-

186 941 343 988 bylonem
358 932 511 984 digressus
527 946 626 983 quam
648 935 675 968 ei
693 936 831 968 Asamus
842 929 938 964 tradi-

186 991 249 1025 dit,
266 1000 340 1023 cum
350 983 441 1033 regia
457 983 590 1031 pecuniz‘i
601 980 836 1027 &supelleffile
851 1005 859 1018 ,
871 979 937 1012 illic

187 1050 294 1074 totum
315 1034 454 1070 mensem
471 1032 594 1079 magnis
614 1030 739 1065 deliciis
757 1029 936 1063 exercitum

139 1102 147 1113 ¹
187 1087 301 1124 refecit
313 1110 324 1126 ‚
336 1083 406 1118 imo
420 1078 612 1115 debilitavit.
638 1078 728 1112 Hinc
738 1078 857 1126 viginti
867 1076 936 1110 die-

154 1137 166 1144 “
187 1149 258 1173 rum
269 1136 379 1169 itinere
390 1128 598 1178 proficiscens
615 1126 690 1162 Susa
701 1127 937 1175 quinquaginta

187 1181 533 1220 milliumtalentorum
548 1189 662 1220 gazam
684 1178 806 1223 accepit
828 1188 836 1209 τ
862 1174 936 1209 inde

152 1243 157 1248 ‘
187 1244 242 1281 per
260 1228 497 1279 angustissimas
514 1215 773 1269 &edifficiffimas
783 1226 848 1259 vias
860 1237 935 1272 per-

186 1281 263 1316 vasit
280 1282 314 1315 in
328 1278 482 1313 Persidem
498 1290 506 1311 :
536 1275 717 1324 Pasagardis
730 1288 768 1309 ex
785 1279 854 1319 Cyn
866 1273 936 1308 the-

183 1331 282 1368 sauris
292 1329 488 1364 talentorum
503 1326 606 1360 millia
619 1325 668 1360 sex
681 1349 692 1365 ‚
711 1324 763 1359 sed
775 1321 935 1371 Persepoli

183 1381 222 1417 ad
234 1372 353 1415 centies
364 1378 460 1413 vicies
474 1376 563 1410 mille
575 1403 585 1417 ‚
611 1385 724 1422 praeter
736 1371 856 1408 infiniti
867 1385 936 1419 pre-

183 1432 222 1466 tii
242 1428 380 1477 praedam
394 1452 404 1468 ,
419 1426 550 1472 accepit.
577 1426 627 1459 Ut
650 1423 690 1459 de
712 1424 879 1458 Persarum
901 1423 934 1456 in

185 1480 322 1513 Graecos
337 1477 460 1520 injuriis
479 1474 656 1512 vindieiam
672 1470 828 1522 sumeret,
855 1475 936 1506 Per-

185 1527 310 1573 sepolin
322 1525 440 1560 delevit
453 1536 561 1571 praeter
581 1523 724 1571 Regiam
739 1536 748 1556 ε
772 1534 870 1571 quam
888 1531 936 1556 et—

184 1581 253 1624 jam
273 1573 343 1622 post
368 1586 490 1620 paucos
513 1573 580 1608 dies
604 1583 774 1620 permotus
799 1568 939 1606 {Thaide

187 1622 379 1662 Atheniensi
399 1622 505 1657 scorto
527 1621 599 1668 post
617 1623 749 1656 nimiam
766 1631 940 1667 compota-

186 1677 314 1712 tionem
333 1673 451 1708 mentis
472 1684 583 1719 parum
604 1682 743 1718 compos
751 1694 762 1711 ‚
790 1668 942 1715 subjeffis

188 1723 317 1762 facibus
336 1723 370 1758 in
389 1723 509 1757 cineres
528 1721 672 1767 redegit,
699 1719 793 1765 hujus
804 1716 943 1767 flagitii&

189 1777 272 1811 vino
280 1771 484 1821 experrecstus
496 1770 610 1817 puduit
620 1770 841 1818 poenituitque
853 1795 864 1813 ‚
888 1767 940 1804 sed

192 1824 334 1859 nimium
347 1819 449 1869 quam
461 1818 544 1854 sero.

240 1873 293 1905 De
304 1869 426 1905 Perside
443 1868 545 1905 versus
556 1868 670 1904 Mediae
679 1868 846 1903 Ecbatana
862 1881 942 1904 con-

192 1920 321 1960 tendit,
351 1919 406 1954 ubi
426 1919 546 1953 bellum
565 1917 727 1966 reparabat
754 1918 883 1956 Darius,
908 1930 944 1952 ut

190 1969 415 2006 eAlexandrum
425 1968 613 2016 aliquandiu
625 1968 788 2002 distineret
809 1967 941 2002 Ecbata-

190 2021 254 2055 nis,
265 2018 502 2068 quinquaginta
516 2017 824 2052 milliatalentorum
843 2020 877 2051 &
895 2029 945 2051 re-

188 2070 276 2117 giam
289 2069 426 2102 multam
448 2065 678 2113 supelletftilem
700 2066 853 2113 rapienda
875 2070 944 2100 Da.

188 2119 245 2153 rius
254 2118 409 2165 reliquit3
436 2115 501 2163 ipse
512 2115 589 2151 vero
607 2117 640 2150 in
650 2117 762 2149 Baetra
772 2119 804 2150 &
818 2116 945 2160 Hyrca-

188 2167 277 2203 niam
290 2166 328 2201 ad
347 2177 471 2201 novum
491 2166 673 2201 exercitum
691 2164 945 2212 comparandum

191 2215 222 2250 se
241 2217 393 2251 contulit.
429 2217 526 2260 Beffus
545 2214 642 2263 ipsius
660 2212 923 2261 consanguineus
936 2237 947 2253 ,

192 2267 438 2303 Baetrianorum
449 2273 514 2298 'erat
524 2263 696 2300 Praefectus
707 2289 717 2304 ,
737 2266 769 2297 δέ
781 2260 946 2299 ZVabarza—

193 2326 244 2347 nes
255 2315 477 2359 Hyrcanorum
490 2337 500 2353 ,
525 2312 559 2347 hi
579 2323 692 2347 contra
714 2312 843 2346 Darium
866 2324 946 2346 con-

194 2361 325 2408 spirant.
360 2362 466 2395 Audet
483 2363 516 2394 in
533 2362 668 2407 publico
688 2361 832 2395 concilio
853 2360 949 2396 Dario

194 2410 324 2447 suadere
351 2407 541 2446 Nabarzanes
564 2432 573 2445 ‚
607 2409 872 2457 quandoquidem
895 2408 950 2445 sua

195 2470 311 2496 contra
322 2458 531 2493 Alexandrum
541 2456 677 2503 auspicia
692 2457 827 2491 infausta
836 2457 945 2499 essent,

194 2509 476 2555 velletimperium
495 2508 527 2541 in
551 2509 622 2554 Besst
633 2508 711 2542 novi
729 2506 819 2540 ducis
838 2519 952 2540 manus

196 2559 382 2605 deponere5
410 2555 638 2590 resumendum
661 2554 883 2603 cumprimum
904 2553 952 2590 fe-

198 2606 366 2643 licioribus
383 2607 476 2640 armis
495 2604 568 2640 Afifi
584 2606 819 2652 expellerentur
834 2605 953 2640 Graeci.

202 2656 291 2691 Cum
316 2655 427 2690 Darius
455 2654 558 2702 palam
584 2654 826 2689 abominaretur
845 2678 856 2694 ,
885 2667 953 2688 non

201 2703 311 2741 minus
330 2715 422 2751 turpe
447 2702 544 2750 quim
571 2703 669 2737 audax
695 2702 953 2749 conspiratorum

205 2755 375 2790 confilium
393 2779 402 2792 ,
439 2754 533 2797 Beffas
547 2755 580 2786 δε
607 2750 802 2788 Nabarzanes
823 2752 875 2785 sua
896 2754 954 2786 Ba-

206 2804 399 2838 arianorum
411 2805 441 2836 &
454 2803 681 2847 Hyrcanorum
698 2800 795 2834 castra
812 2798 954 2834 zicaetero

207 2854 346 2887 exercitu
355 2851 588 2898 separaverunt.
614 2850 673 2884 Sed
686 2862 763 2883 mox
772 2847 839 2897 quo
852 2850 954 2897 magis

206 2900 351 2935 fallerent
372 2900 506 2935 Darium
529 2899 701 2934 hominem
720 2900 895 2946 ingenuum
923 2903 955 2932 δε

207 2948 394 2995 simplicem,
412 2962 563 2997 magnam
576 2948 633 2984 suae
643 2949 830 2984 temeritatis
845 2948 951 2995 poeni-

210 2998 346 3032 tentiam
356 2999 451 3033 etiam
463 3011 535 3033 cum
547 3000 658 3032 multis
673 2997 844 3045 lachrymis
853 2998 954 3032 simu-

209 3047 364 3081 laverunt.
388 3047 603 3081 Reconciliati
617 3048 733 3085 Dario,
751 3048 829 3082 dum
849 3049 881 3081 in
895 3049 955 3080 132-

209 3097 276 3130 &ra
287 3094 484 3130 festinaretur
495 3097 567 3135 iter,
584 3097 672 3142 quod
681 3109 747 3132 arte
758 3109 825 3131 non
840 3107 956 3144 potue-

211 3156 284 3180 runt
299 3168 308 3183 ‚
330 3146 361 3181 vi
384 3143 525 3182 statuunt
542 3145 707 3191 perficere.
742 3146 957 3184 Concludunt

1297 69 1473 111 an.1.
1646 82 1726 119 139

978 144 1060 191 apud
1073 141 1102 177 se
1117 140 1309 188 injiciendas
1322 144 1415 178 Dario
1427 155 1541 179 manus
1554 155 1562 183 ε
1580 156 1617 180 ex
1628 147 1728 193 quin-

976 196 1132 240 quaginta
1144 193 1335 228 Graecorum
1346 196 1614 229 mercenariorum
1629 195 1726 229 milli-

978 238 1038 273 bus
1050 252 1191 289 quatuor
1209 241 1313 275 millia
1324 240 1434 280 adhuc,
1444 241 1581 278 ducebat
1598 247 1704 277 Patron
1715 267 1726 284 ,

977 289 1031 336 ipsi
1068 291 1216 325 alicunde
1249 287 1440 324 emanz'irunt
1479 296 1726 335 conjuratorum

979 339 1151 373 molimina
1163 363 1172 375 ‚
1197 351 1232 373 ea
1251 340 1277 373 is
1298 339 1394 373 Dario
1404 349 1492 373 curat
1503 339 1725 386 significanda,

977 386 1153 436 suadetque
1171 385 1258 421 suam
1280 387 1338 422 fibi
1357 392 1388 423 δι
1404 387 1729 426 fideliffimisGraecis

978 435 1109 471 salutem
1122 438 1339 472 committere.
1353 437 1459 471 Darius
1468 436 1540 472 satis
1549 449 1665 486 gnarus
1677 451 1729 472 ve-

980 485 1136 521 rissimum
1158 485 1335 521 delatorem
1356 489 1483 520 Patrona
1497 511 1506 527 ‚
1528 490 1563 521 δε
1582 485 1731 522 amieiffi-

981 549 1071 570 mum
1085 536 1304 571 consiliarium
1318 560 1328 575 ‚
1353 536 1507 571 recusavit
1517 547 1627 571 tamen
1639 537 1732 571 obla-

980 597 1045 620 tam
1057 598 1151 630 opem
1165 610 1175 626 ,
1197 585 1370 632 praevidens
1381 585 1456 619 huic
1466 584 1521 620 suo
1534 584 1639 620 sceleri
1659 588 1733 633 Befi

973 639 1039 684 fiam
1063 634 1268 681 probabilem
1297 645 1498 682 arrepturum
1525 645 1710 681 praetextum
1722 659 1734 676 ,

981 682 1069 733 quasi
1089 682 1208 718 merito
1235 686 1327 717 Dana
1344 682 1495 719 intulisset
1512 696 1648 725 manus,
1674 685 1733 732 qui

980 733 1109 768 suorum
1121 730 1322 767 fideidiffisus
1333 757 1342 768 ‚
1359 735 1392 768 in
1403 735 1519 768 exteris
1531 735 1733 768 mercenariis

983 781 1088 817 salutis
1098 781 1183 828 spem
1195 781 1388 828 reposuisset.
1414 782 1477 817 Sed
1490 782 1569 817 nihil
1581 784 1647 818 haec
1657 796 1735 830 pru-

982 832 1090 866 dentia
1107 834 1198 864 Dario
1207 830 1349 876 profuit,
1377 844 1451 866 nam
1473 832 1580 866 statim
1597 845 1632 866 ut
1644 832 1735 867 abeo

983 876 1137 927 digressos
1149 880 1280 913 Graecos
1295 881 1389 922 Beffm
1399 882 1628 916 animadvertit
1639 905 1647 918 ‚
1670 879 1734 929 ipsc

981 941 1056 963 cum
1067 925 1357 967 suiscircumsistit‚
1383 931 1516 963 &aurea
1536 931 1667 964 vincula
1680 943 1734 965 ca-

981 979 1074 1025 ptivo
1087 977 1172 1025 Regi
1188 977 1314 1021 injicit,
1340 977 1410 1010 imo
1429 976 1505 1011 vero
1524 979 1558 1010 in
1571 976 1736 1013 sordidum

983 1026 1167 1062 vehiculum
1179 1026 1309 1060 Darium
1319 1027 1466 1060 vinRum
1479 1027 1624 1071 conjicit,
1637 1038 1736 1061 attra-

981 1074 1125 1111 hendum
1138 1075 1244 1110 secum
1256 1075 1289 1109 in
1299 1076 1426 1112 Baetra.
1727 1101 1730 1104 -

1031 1125 1227 1160 alexander
1245 1125 1356 1159 audito
1378 1125 1468 1160 Darii
1483 1125 1629 1173 periculo
1658 1148 1667 1163 ‚
1701 1134 1738 1158 ut

979 1175 1083 1222 ipsum
1106 1173 1288 1208 crudelibus
1304 1173 1436 1213 suorum
1458 1176 1609 1210 manibus
1628 1175 1737 1221 eripe-

981 1235 1048 1265 ret,
1067 1222 1147 1258 mirfi
1161 1224 1323 1258 celeritate
1342 1223 1398 1258 diu
1418 1225 1582 1273 no&uque
1594 1237 1668 1259 cum
1680 1237 1741 1258 ex-

981 1272 1179 1320 peditissimis
1197 1272 1421 1308 Macedonum
1447 1277 1560 1319 Beffimr
1577 1273 1738 1321 persequi-

979 1335 1044 1358 tur.
1062 1324 1127 1358 Hic
1139 1323 1216 1357 dum
1230 1323 1318 1357 audit
1328 1325 1586 1371 appropinquare
1594 1322 1738 1358 Alexan-

979 1372 1076 1412 drum,
1096 1373 1171 1407 licet
1187 1385 1261 1406 cum
1280 1372 1388 1406 multo
1410 1374 1620 1420 paucioribus
1633 1375 1664 1407 δέ
1676 1373 1737 1406 viae

981 1421 1137 1457 molestiis
1151 1434 1220 1456 non
1235 1421 1379 1470 fatigatis
1400 1422 1502 1459 modo
1523 1421 1573 1457 sed
1584 1420 1740 1456 fatiscen-

982 1471 1067 1506 tibus
1078 1486 1088 1512 ;
1099 1483 1210 1506 tamen
1220 1471 1391 1507 Alexandri
1401 1469 1485 1507 fama
1496 1473 1640 1507 territus,
1650 1469 1741 1504 diffi-

981 1531 1059 1569 pato
1073 1522 1217 1556 exercitu
1229 1520 1332 1569 fugit,
1345 1520 1473 1557 tantum
1487 1531 1560 1557 ante
1573 1519 1742 1555 dissolutos

982 1569 1058 1606 suos
1085 1570 1216 1606 Darium
1240 1569 1439 1605 recusantem
1467 1573 1502 1606 in
1526 1583 1612 1615 equo
1630 1569 1739 1615 sequi,

985 1620 1098 1655 multis
1123 1619 1312 1654 vulneribus
1339 1619 1522 1655 confoffum
1551 1623 1585 1654 in
1611 1617 1741 1654 sordido

984 1667 1040 1705 suo
1055 1668 1206 1705 vehiculo
1220 1667 1440 1704 semianimem
1460 1670 1629 1718 relinquit.
1656 1667 1742 1701 Pau-

985 1720 1029 1754 cis
1048 1718 1121 1767 post
1140 1731 1240 1767 quam
1266 1721 1422 1766 expiravit
1446 1719 1533 1754 horis
1558 1718 1743 1765 supervenit

985 1768 1172 1807 Alexander,
1185 1772 1217 1802 ἃ
1229 1768 1315 1802 suam
1326 1781 1399 1803 cum
1410 1768 1584 1815 lachrymis
1594 1765 1741 1811 chlamy-

985 1818 1059 1853 dem
1079 1827 1211 1852 mortuo
1229 1815 1484 1865 superinjiciens,
1497 1815 1742 1852 cadaver-matri

987 1866 1204 1914 sepeliendum
1225 1878 1303 1901 cum
1324 1868 1415 1915 regio
1426 1868 1520 1902 omni
1538 1866 1666 1900 honore
1677 1865 1742 1898 Ec-

988 1917 1106 1951 batana
1126 1915 1313 1951 vehendum
1329 1916 1473 1951 tradidit.
1498 1919 1597 1960 Bessus
1615 1915 1744 1961 regium

990 1978 1113 2002 nomen
1128 1969 1158 2000 δι
1173 1964 1310 2012 insignia
1321 1968 1420 2000 etiam
1435 1967 1512 1999 vivo
1522 1962 1615 2000 Dario
1625 1962 1744 1997 assum-

990 2015 1102 2064 pserat,
1113 2018 1146 2049 δι
1155 2015 1207 2061 spe
1218 2014 1432 2049 contrahendi
1443 2015 1521 2049 novi
1533 2008 1696 2047 exercitiis
1708 2011 1743 2044 in

989 2065 1260 2113 Septentrionales
1294 2065 1476 2111 provincias
1500 2060 1745 2098 festinabundus

991 2114 1208 2150 commeabat.
1233 2112 1412 2149 Alexander
1422 2124 1457 2147 ut
1467 2111 1644 2160 serpentem
1656 2110 1745 2144 hunc

992 2167 1024 2199 in
1036 2176 1103 2199 ovo
1116 2163 1246 2198 elideret
1257 2187 1268 2203 ‚
1292 2167 1324 2198 &
1335 2162 1503 2197 horridum
1516 2161 1603 2196 Darii
1612 2159 1748 2208 partici-

991 2214 1081 2248 dium
1092 2213 1269 2247 vindicaret
1278 2238 1286 2250 ,
1307 2210 1486 2260 Bessrquam
1498 2212 1609 2259 potuit
1616 2208 1747 2246 celerri-

992 2262 1046 2298 me
1061 2261 1195 2309 vestigia
1206 2262 1386 2309 premebat.

1046 2313 1218 2347 Permultis
1247 2310 1378 2346 suorum
1414 2310 1556 2346 militum
1593 2313 1625 2344 &
1663 2305 1746 2355 pene

992 2361 1150 2397 omnibus
1171 2359 1359 2395 volentibus
1391 2361 1529 2395 reditum
1557 2360 1590 2393 in
1611 2358 1745 2405 patriam

994 2422 1064 2446 turn
1077 2412 1235 2457 temporis
1252 2409 1432 2444 Alexander
1444 2407 1585 2457 permisit
1598 2431 1608 2447 ‚
1625 2406 1748 2441 multo-

994 2473 1066 2494 rum
1083 2461 1284 2494 talentorum
1305 2459 1449 2493 millibus
1459 2459 1589 2504 egregie
1603 2455 1744 2489 donatis.

997 2508 1179 2541 Advenerat
1202 2508 1381 2553 quotannis
1406 2517 1532 2540 novum
1559 2507 1589 2537 δέ
1603 2503 1751 2550 amplum

997 2570 1035 2590 ex
1048 2554 1172 2590 Graecifi
1183 2554 1371 2594 subfidium;
1383 2552 1433 2589 sed
1445 2552 1661 2597 multumjam
1675 2565 1751 2587 mu-

998 2616 1082 2640 tatus
1092 2605 1131 2639 ab
1143 2605 1202 2638 illo
1211 2602 1274 2638 fuit
1288 2602 1482 2638 eAlexander
1493 2604 1551 2650 qui
1563 2601 1665 2636 stante
1677 2603 1747 2636 Da-

998 2655 1038 2688 rio
1051 2652 1151 2688 fuerat
1171 2666 1179 2687 ε
1205 2651 1357 2700 peffimos
1374 2651 1537 2688 Persarum
1558 2664 1664 2686 mores
1679 2655 1748 2696 jam

998 2714 1064 2738 crat
1082 2703 1276 2749 amplexus3
1300 2700 1477 2737 scortorum
1498 2705 1530 2736 δε
1548 2699 1752 2735 concubina-

999 2764 1071 2787 rum
1091 2764 1208 2798 greges
1234 2750 1324 2797 supra
1347 2763 1505 2787 trecentas
1531 2754 1564 2784 <Sc
1577 2748 1751 2796 sexaginta,

999 2814 1075 2835 cum
1085 2799 1321 2834 Eunuchorum
1333 2804 1368 2835 &
1382 2799 1585 2836 exoletorum
1597 2799 1688 2833 turba
1699 2811 1750 2833 re-

1000 2851 1089 2898 giam
1104 2848 1231 2897 publice
1245 2848 1475 2897 sequebantur,
1493 2847 1650 2884 Perficum
1662 2849 1694 2882 in
1705 2850 1752 2881 vi·-

1001 2900 1055 2933 Gtu
1065 2903 1096 2933 ὅ(
1109 2898 1220 2933 vestitu
1231 2900 1344 2933 luxum
1355 2911 1464 2934 totum
1479 2897 1669 2945 usurpabat,
1691 2909 1751 2931 eo·

1001 2961 1072 2983 rum
1084 2949 1116 2982 in
1136 2949 1438 2996 compotationibus
1452 2948 1643 2982 ebrietatem.
1654 2948 1752 2993 longe*

1000 2996 1170 3044 superabat
1179 3023 1187 3036 ‚
1199 3001 1231 3032 δε
1243 2998 1360 3045 nequid
1371 2995 1486 3032 deesset
1496 2997 1677 3037 dementiae,
1691 3008 1748 3041 pa-

999 3046 1061 3082 lam
1082 3047 1186 3082 voluit
1202 3045 1378 3082 Alexander
1392 3058 1450 3092 pro
1463 3048 1537 3082 Deo
1548 3049 1579 3080 ἃ
1591 3047 1668 3080 lovis
1680 3043 1749 3078 filio

1001 3097 1031 3131 se
1042 3096 1181 3131 adorari.
1203 3098 1335 3130 Veteres
1355 3093 1482 3144 Philippi
1499 3096 1619 3130 milites
1629 3098 1663 3129 δε
1677 3092 1749 3141 ple—

1002 3148 1092 3195 rique
1102 3144 1276 3184 Graeti'ista
1285 3145 1512 3182 abominari&
1523 3145 1613 3191 yalde
1625 3145 1750 3180 dolere,

1359 3195 1381 3230 S
1408 3207 1425 3229 2
1692 3191 1750 3225 tri·

1756 831 1854 860 Darius
1865 830 1881 858 Fi

1754 874 1817 910 Bcfflr
1823 875 1882 900 vin-

1755 915 1806 941 Hur
1813 922 1849 944 φ·

1752 963 1856 984 necatus.

1768 2320 1900 2350 Alexan.

1768 2359 1811 2388 der
1816 2372 1879 2389 mor-

1767 2409 1808 2429 tuo
1817 2403 1902 2432 Dario

1768 2449 1873 2472 mutatus
1881 2445 1909 2473 in

1765 2492 1842 2523 pejus.
