2048 3343
57 788 165 820 Crudelis

55 829 192 863 Creoane-

50 877 92 912 seo
96 872 190 910 datpoe-

12 2927 15 2948 l

56 925 110 944 ”M-

60 1134 148 1164 Bellum

56 1177 194 1213 Troianum.

56 1217 130 1246 ,Paris
139 1219 187 1243 Ve-

56 1258 108 1284 rim'
123 1254 166 1283 dat

57 1306 153 1324 aureum

54 1335 164 1367 Nemelit

60 1379 160 1406 malum.

75 2840 113 2865 He
117 2839 194 2866 lenam

74 2887 137 2916 rapat
149 2882 200 2908 Pa-

71 2930 111 2947 rt&

470 112 534 142 ea·
591 104 626 141 C
663 115 690 141 n
723 112 1038 142 R‹>N'01.o
1071 113 1145 141 cr
1184 113 1266 142 c1⁴

212 178 338 225 insuper
361 177 497 212 crudelis
520 181 617 212 Creon
640 175 843 225 :iquoquam
862 203 871 216 ‚
905 178 963 225 qui

211 229 297 264 nolit
307 227 416 263 defodi
427 228 530 267 vivus,
541 228 694 263 caesorum
707 226 847 261 hostium
858 223 962 260 ullum

210 278 322 313 donari
330 276 509 325 sepulchro,
519 275 733 311 nihilominus
746 275 900 326 Antigone
910 275 963 310 dc—

210 327 321 374 posito
333 326 474 362 Athenis
485 335 571 372 patre
582 349 592 361 ‚
614 325 716 359 nostu
727 322 838 360 fratres
850 326 958 372 impo-

209 379 258 411 nit
269 389 353 424 rogo
365 401 375 416 ‚
397 375 581 409 ardentium
601 372 665 408 una
682 373 820 410 flammae
840 375 869 409 se
880 375 962 409 divi.-

208 428 293 467 sere,
316 437 351 460 ut
367 425 467 459 etiam
487 425 571 457 inter
582 419 733 458 morinos
752 424 966 472 antipathiam

207 473 380 524 agnoscas:
404 486 474 508 non
495 471 592 507 citius
602 473 710 507 illuxit
732 472 967 522 diesquamin-

205 523 386 559 faustorum
403 523 554 557 cadavera
571 520 707 557 fratrum
730 523 948 558 desiderantur
959 549 967 562 ‚

207 575 383 621 inquiritur
393 574 425 607 in
437 570 514 607 furti
527 573 684 612 annom,
696 585 746 607 rea
758 575 881 621 rapitur
893 575 966 608 An-

207 624 305 674 tigone
317 648 327 664 ,
344 622 462 670 spirans
472 623 654 669 imponitur
668 624 800 657 tumulo
821 622 860 656 ad
870 634 967 669 quem

209 684 337 708 amator
355 674 467 706 Henon
486 671 516 706 se
534 673 661 720 jugulat
675 696 686 711 ‚
710 672 832 707 doloris
857 675 963 718 impa-

210 724 308 758 tiens.

259 773 356 806 Extra
375 781 486 805 muros
498 769 665 804 eAdraflus
689 766 836 804 infaustis
855 769 969 816 praeliis

208 824 275 868 jam
296 820 413 856 frastus
434 843 444 860 ‚
468 817 544 853 cum
566 818 699 854 suorum
720 817 738 853 ὃ,
756 823 881 853 Creonte
896 831 967 853 cor-

211 884 290 920 pora
305 870 344 905 ad
362 867 554 916 sepulturam
573 868 686 904 frustra
697 868 753 902 diu
768 867 962 915 postulasset,

210 922 298 957 venit
311 918 454 955 Athenas
465 941 474 954 ‚
491 918 529 951 ad
542 916 645 964 Thefti
655 930 760 966 genua
772 914 903 964 supplex
914 929 968 950 ac-

212 970 340 1006 cumbit
350 994 357 1006 ‚
370 967 462 1001 audit
477 963 603 1014 'Theseus
616 976 812 1013 precantem,
825 963 966 999 conscri-

211 1021 261 1055 bit
286 1021 319 1054 in
331 1015 445 1053 Thebas
469 1017 665 1055 exercitum,
691 1013 806 1048 urbem
818 1014 848 1049 vi
859 1014 963 1062 capit,

214 1074 335 1104 Creonti
344 1076 489 1102 meritam
503 1074 588 1098 creat
600 1073 751 1098 mortem.

260 1114 417 1158 DeTroja
429 1111 518 1147 mille
530 1115 704 1147 Po'e'tarum
716 1111 827 1147 labore
840 1111 880 1146 fic
892 1123 966 1146 nar-

213 1178 296 1204 rant.
321 1163 378 1198 Ad
391 1161 473 1196 Pelei
493 1164 528 1196 &
539 1159 672 1196 Thetidis
684 1163 811 1210 nuptias
822 1186 831 1198 ‚
850 1171 965 1196 vocata

212 1217 303 1251 venit
316 1223 386 1248 tota
405 1213 554 1245 Deorum
575 1212 670 1247 turba
682 1237 691 1251 ‚
716 1224 779 1246 una
791 1211 969 1259 negligitur

209 1265 343 1307 Mmests
352 1276 362 1296 :
387 1260 478 1295 dolet
488 1260 554 1296 haec
563 1260 664 1296 solam
675 1259 705 1295 se
714 1260 872 1308 spretam,
883 1259 969 1294 adest

210 1326 284 1350 utut
298 1325 368 1347 non
379 1321 492 1346 vocata
503 1335 514 1351 ‚
533 1309 707 1359 secumque
727 1310 790 1345 fert
806 1324 845 1345 ex
865 1310 969 1344 hortis

210 1362 406 1412 Hesperidum
415 1360 540 1395 radians
555 1373 633 1395 auro
647 1361 770 1394 malum
780 1384 790 1397 ‚
804 1363 898 1406 cujus
915 1361 969 1394 in-

212 1414 326 1450 scribit
347 1411 461 1446 cortici
481 1412 563 1445 detur
576 1407 797 1458 pulcherrimae3
825 1409 875 1444 his
895 1422 971 1443 exa-

213 1474 320 1499 ratum
343 1461 462 1498 literis,
475 1463 554 1507 jacit
574 1463 606 1495 in
619 1460 766 1494 medium
784 1461 970 1494 convivan-

214 1515 300 1547 tium
312 1514 475 1551 Deorum,
487 1511 598 1557 arripit
609 1510 716 1544 statim
728 1513 810 1548 Iuno,
821 1511 970 1543 Mnerva

215 1560 277 1596 fibi
288 1560 440 1595 vendicat
449 1584 458 1598 ‚
482 1558 568 1594 suam
580 1558 639 1593 esse
650 1558 772 1593 clamat
784 1566 875 1594 Venm
886 1585 896 1600 ,
918 1568 969 1591 ta-

215 1621 292 1645 cent
304 1621 424 1644 caeterae
437 1610 583 1644 Dearum
596 1633 606 1650 ‚
624 1610 762 1657 cupiunt
772 1620 887 1642 omnes
897 1606 968 1642 sen-

214 1661 355 1695 tentiam
368 1656 451 1692 ferre
463 1664 559 1693 lovem
579 1683 589 1699 ‚
617 1658 731 1693 verum
748 1660 774 1692 is
793 1660 967 1693 cadentum

219 1708 316 1744 causa
332 1706 513 1756 praevidcns
531 1707 693 1742 invidiam
720 1707 865 1741 declinat
880 1706 967 1751 judi-

219 1762 309 1793 cium
336 1783 347 1798 ,
371 1755 486 1793 suadet
507 1767 679 1804 acceptent
695 1758 731 1790 in
747 1757 891 1802 judicem
910 1763 970 1790 Pa-

216 1811 294 1844 ridet.
717 1824 719 1826 '

267 1854 448 1891 Priamides
467 1854 494 1888 is
511 1853 575 1889 fuit
591 1865 662 1889 tum
683 1855 843 1901 temporis
862 1855 895 1888 in
914 1852 971 1889 Ida

217 1904 401 1945 bubulcus,
421 1903 506 1938 hunc
525 1903 607 1938 dum
619 1915 715 1939 utero
728 1905 827 1940 ferret
839 1905 968 1946 Hecuba,

216 1955 396 1990 somniavit
421 1953 590 1988 ardentem
617 1951 650 1988 se
675 1952 783 1988 facem
815 1954 936 2002 gestare
958 1967 965 1990 ε

217 2003 360 2039 consulti
373 2002 484 2037 harioli
502 2005 728 2050 pronunciant
742 2029 752 2045 ,
774 2004 970 2038 nascituram

217 2053 346 2103 prolem
359 2055 443 2088 Ilium
455 2051 634 2099 aliquando
646 2052 797 2088 daturam
808 2053 971 2099 flammis3

216 2115 333 2139 natum
346 2114 428 2149 ergo
443 2102 656 2146 necarijubet
667 2105 800 2138 Priamus
815 2128 822 2141 ,
837 2102 890 2137 sed
903 2116 972 2138 ma-

219 2164 268 2188 ter
285 2153 402 2188 Hecuba
429 2151 613 2198 pastoribus
634 2154 707 2187 ldaeir
727 2154 810 2187 clam
824 2153 968 2187 educan-

219 2202 302 2237 dum
321 2201 458 2236 tradidit
486 2215 494 2233 :
521 2199 558 2234 ea
573 2201 685 2235 adhuc
702 2201 888 2236 adolescens
906 2202 969 2237 fuit

219 2253 383 2299 aequitatis
404 2249 488 2286 famfi
503 2275 512 2287 ,
537 2262 573 2285 ut
596 2252 693 2285 vicini
713 2251 851 2297 pastores
868 2251 971 2286 insuis

223 2300 452 2335 controversiis
466 2303 532 2342 ejus
544 2299 684 2335 solerent
699 2300 779 2334 stare
791 2300 972 2336 sentcntiae.

223 2349 288 2383 Sed
308 2361 349 2382 en
372 2351 506 2394 majoris
523 2349 641 2385 abollae
653 2349 780 2384 causam
800 2366 809 2391 ς
827 2350 942 2385 adsunt
956 2351 973 2385 :i

223 2402 553 2437 102ve1un0,Minerva,
577 2406 666 2435 Venus
694 2414 704 2433 :
728 2399 847 2434 volun—t
864 2401 903 2434 de
923 2399 976 2434 sua

223 2445 330 2494 specie
341 2446 513 2480 decernere
525 2450 660 2482 Paridem
671 2464 683 2491 3
699 2461 767 2481 non
777 2450 874 2495 pudet
885 2451 976 2483 Deas

224 2494 333 2543 apertfi
345 2493 520 2542 largitione
535 2498 826 2538 tentarcjudicem‚
841 2497 977 2544 pollice-

225 2556 279 2579 tur
289 2553 356 2579 luno
369 2545 444 2578 dare
456 2571 464 2583 ,
476 2545 583 2578 modo
597 2543 658 2579 fibi
672 2543 782 2579 favere
796 2545 874 2578 velit
886 2568 894 2580 ‚
910 2548 976 2578 im-

226 2596 353 2641 perium
373 2594 438 2639 Afiae
455 2618 465 2634 ,
491 2596 627 2629 Minerva
655 2596 778 2639 primas
798 2593 976 2642 sapientiae,

228 2650 318 2678 Venus
330 2640 524 2677 fruitionem
537 2642 805 2691 pulchritudinis,
819 2645 977 2678 ultimum

226 2693 333 2740 placet
352 2704 471 2726 munus
484 2717 494 2731 ‚
515 2692 691 2727 secundum
713 2700 846 2729 Venerem
864 2693 978 2728 decer-

224 2743 273 2776 nit
291 2741 486 2776 libidinosus
522 2742 709 2776 adolescens
730 2768 739 2783 ,
765 2742 834 2776 abit
854 2741 922 2776 haec
943 2745 977 2777 in

228 2792 368 2827 Coelum
381 2790 601 2837 triumphans,
612 2794 719 2825 altera:
732 2791 889 2827 fremunt,

286 2843 365 2875 Paris
400 2839 537 2874 subinde
572 2838 793 2886 frequentavit
835 2841 975 2873 vicinam

231 2890 380 2934 Trojam,
392 2889 448 2924 ubi
462 2889 562 2938 usque
573 2893 654 2924 adeo
665 2890 827 2938 :agonibus
838 2889 979 2937 publicis

233 2942 301 2982 ejus
318 2941 437 2974 enituit
457 2943 579 2980 virum,
597 2951 631 2973 ut
659 2940 754 2974 facile
774 2941 900 2986 regium
923 2950 988 2985 pa-,

232 2988 327 3021 tuerit
336 3000 451 3035 genus.
473 2991 610 3036 Agintum
622 2990 737 3024 Hecuba
748 2986 851 3022 filium
864 2990 979 3035 recipit

231 3037 266 3068 in
279 3035 414 3082 Regiam
432 3051 441 3078 3
466 3037 523 3071 ubi
536 3051 602 3072 non
615 3040 673 3073 diu
685 3050 834 3072 moratus
849 3063 856 3075 ,
871 3037 980 3073 socio—

231 3096 305 3118 rum
322 3084 488 3129 splendida
507 3100 607 3122 manu
619 3115 626 3127 ,
641 3090 741 3122 animi
758 3086 871 3135 potius
885 3085 981 3121 causa

229 3132 326 3180 quam
338 3136 521 3180 repetendae
532 3139 655 3184 Hefioncs
668 3162 678 3175 ‚
703 3137 870 3185 perlustrat
884 3139 978 3171 Grec—

228 3185 313 3217 ciam
331 3196 339 3218 =
358 3185 509 3231 pervenit
524 3187 671 3232 Spartam
683 3214 692 3230 ‚
706 3189 851 3223 Menelaus
861 3188 979 3234 excipit

1318 106 1436 147 Lrn.
1467 109 1497 147 Ι,
1717 116 1767 158 69

1006 178 1151 228 hospitio
1171 192 1181 219 ;
1211 179 1342 213 Paridem
1353 180 1457 216 statim
1472 182 1598 231 deperit
1610 185 1718 220 Helena
1731 189 1766 220 &

1011 231 1146 264 Helenam
1162 230 1245 262 Paris
1257 253 1267 268 ,
1287 227 1351 262 hoc
1367 235 1478 264 Veneris
1489 232 1680 278 promissum
1694 247 1768 269 mu-

1009 288 1082 312 nus.
1120 277 1350 325 Negotiorum
1371 276 1467 312 causa
1487 281 1709 327 proficiscitur
1731 285 1766 317 in

1012 327 1148 360 Cretam
1173 329 1337 369 Menelaus,
1356 326 1480 361 interea
1497 342 1589 375 parat
1611 332 1640 366 se
1653 332 1764 368 Helena

1011 375 1052 409 ad
1067 373 1291 423 Paridemque
1302 377 1446 413 duceret,
1457 375 1663 424 sequendum
1687 395 1695 416 z
1716 379 1767 417 fe-

1012 425 1132 458 stinant
1152 426 1293 469 Trojani
1321 426 1398 460 totis
1418 426 1498 461 velis
1519 427 1554 460 in
1581 427 1767 477 Phrygiam.

1014 475 1141 508 Austor
1158 473 1203 507 est
1220 474 1362 521 Euripides
1383 477 1486 510 ventis
1506 477 1598 511 actos
1619 478 1652 510 in
1665 481 1767 526 AEgy-

1012 522 1181 571 ptum‚ubi
1193 536 1230 558 ex
1244 523 1413 558 servorum
1425 526 1548 560 indicio
1561 525 1677 573 patefit
1691 530 1767 562 esp]-

1008 575 1111 622 gyptiis
1121 574 1236 616 injuria
1251 576 1364 609 Paridis
1379 589 1391 617 3
1419 574 1608 610 demittitur
1620 575 1675 612 illc
1686 578 1765 623 qui-

1013 625 1091 656 dem
1103 616 1277 657 incolumis
1287 648 1295 660 ‚
1308 621 1363 658 sed
1375 624 1533 659 retinetur
1544 627 1652 659 Helena
1663 651 1673 665 ,
1692 638 1769 660 ma-

1013 673 1089 712 rito,
1100 669 1122 704 si
1133 673 1266 717 quando
1279 684 1455 720 repeteret,
1467 673 1650 708 reddenda.
1664 676 1769 709 Nun-

1012 733 1111 767 quam
1125 720 1204 769 ergo
1219 721 1355 765 Troiam
1375 721 1542 771 conspexit
1555 725 1691 774 Tyndarie
1702 749 1712 761 ‚
1732 729 1768 759 &

1012 771 1055 804 de
1072 768 1150 803 asini
1169 769 1285 804 umbrfi
1303 771 1396 806 fuere
1414 772 1609 808 decennales
1634 776 1768 809 Graeco-

1011 832 1083 853 rum
1095 831 1257 854 aerumnae.
1286 821 1464 856 Contraria
1484 833 1597 857 tamen
1614 822 1766 857 obtinuit

1011 871 1128 902 Homeri
1141 868 1304 903 sententia
1317 893 1325 905 ‚
1335 870 1510 916 pervenisse
1523 873 1663 918 Trojam
1674 897 1684 912 ,
1701 885 1770 907 nu-

1011 914 1103 963 psisse
1125 916 1197 963 post
1211 919 1345 952 Paridem
1358 919 1500 965 Deiphobo
1518 945 1527 957 ,
1554 921 1702 968 urbeque
1715 933 1768 956 ca-

1010 964 1068 1011 pta
1086 963 1104 997 al
1122 967 1252 999 Menelao
1279 966 1452 1001 reduetam
1480 969 1640 1004 domum.
1678 970 1768 1005 Utut

1010 1014 1079 1048 haec
1092 1012 1216 1049 fuerint
1227 1041 1235 1053 ‚
1253 1015 1380 1049 constat
1392 1027 1462 1049 non
1474 1017 1569 1052 citius
1579 1017 1770 1065 comperisse

1012 1065 1178 1098 Menelaum
1189 1063 1356 1098 absentem
1368 1077 1503 1100 uxorem
1523 1090 1533 1106 ,
1561 1066 1767 1113 quamillico

1011 1122 1117 1146 totam
1133 1114 1296 1147 Graeciam
1308 1115 1514 1149 advocaverit
1526 1118 1560 1148 in
1574 1128 1687 1163 opem.

1060 1163 1191 1196 Dicitur
1202 1161 1427 1198 adulterorum
1434 1165 1726 1212 Corphaeuslupiter
1735 1164 1770 1199 in

1013 1210 1145 1245 olorem
1163 1211 1340 1247 conversus
1361 1215 1467 1248 Ledam
1479 1213 1637 1249 hactenus
1647 1227 1683 1249 ex
1695 1222 1772 1266 Tyn-

1013 1263 1079 1296 daro
1089 1262 1259 1308 gravidam
1274 1262 1490 1310 impraegnfisse
1521 1277 1530 1297 ε
1555 1266 1588 1298 in
1601 1275 1696 1311 partu
1708 1276 1770 1311 pro

1012 1309 1124 1344 liberis
1134 1311 1279 1345 eduntur
1291 1314 1424 1359 gemina
1434 1325 1497 1346 ova
1516 1329 1525 1347 .-
1543 1325 1580 1348 ex
1594 1312 1699 1347 altero
1709 1315 1771 1348 Iovi

1015 1361 1157 1395 nascitur
1178 1364 1281 1396 Pollux
1292 1366 1327 1396 ὃς
1339 1364 1470 1402 Helena,
1491 1375 1530 1396 ex
1549 1362 1653 1397 altero
1667 1362 1770 1407 Castro

1014 1413 1045 1444 &
1063 1411 1265 1460 Clytemnessra
1280 1414 1418 1462 Tyndaro.
1455 1415 1561 1447 Helena
1579 1410 1769 1460 pulchritu-

1012 1459 1098 1494 dinis
1116 1459 1310 1495 miraculum
1329 1461 1511 1496 admodum
1524 1461 1698 1507 juvencula
1718 1473 1768 1495 ra-

1015 1511 1104 1556 pitur
1122 1507 1139 1542 a
1156 1507 1256 1556 Theseo
1273 1523 1282 1549 ;
1310 1509 1364 1545 sed
1383 1512 1399 1545 a
1413 1511 1568 1546 fratribus
1580 1521 1769 1557 recuperata

1013 1558 1098 1593 redit
1113 1560 1146 1591 in
1158 1561 1300 1606 patriam
1311 1559 1448 1594 domum
1469 1574 1477 1594 ε
1497 1561 1541 1594 ibi
1552 1559 1568 1594 ὲ
1581 1561 1670 1595 mille
1684 1561 1770 1607 peti-

1013 1618 1067 1642 tur
1078 1610 1188 1655 procis
1198 1634 1207 1649 ,
1219 1611 1326 1644 cunffi
1339 1611 1486 1643 nominis
1497 1611 1600 1643 Graeci
1613 1621 1769 1656 proceres
1786 1617 1885 1646 Graecte

1012 1670 1086 1692 eam
1106 1657 1261 1692 ambiunt
1287 1671 1295 1692 :

1012 1708 1174 1757 Tyndarus,
1183 1719 1287 1742 unum
1299 1707 1341 1741 ab
1354 1708 1511 1742 omnibus
1521 1707 1648 1754 flagitat
1659 1731 1670 1748 ,
1687 1720 1767 1754 pan-

1011 1767 1091 1804 gant
1104 1758 1189 1790 inter
1200 1756 1229 1790 se
1241 1756 1353 1792 foedus
1363 1783 1371 1795 ‚
1388 1757 1522 1791 solenne
1534 1757 1680 1803 ptaestent
1695 1769 1766 1801 Jus—

1323 1659 1451 1693 nullum
1478 1658 1648 1705 desperare
1672 1657 1767 1704 jubet
1782 1666 1893 1696 proceres

1785 1699 1912 1737 exfoedere

1786 1742 1822 1767 M

1823 1742 1906 1768 enelao

1780 1782 1872 1818 ferunt

1011 1806 1190 1853 jurandum
1204 1831 1213 1846 ‚
1232 1809 1331 1839 armis
1350 1805 1381 1841 se
1401 1806 1639 1841 communibus
1656 1818 1768 1853 oppu-
1787 1829 1863 1861 opem.

1015 1864 1171 1905 gnaturos
1184 1856 1377 1902 quicunque
1388 1857 1503 1903 virgini
1518 1855 1586 1888 vim
1595 1866 1770 1889 conaretur

1014 1903 1133 1939 inferre
1152 1918 1160 1939 ε
1183 1903 1233 1938 his
1250 1907 1328 1939 actis
1342 1904 1482 1938 liberum
1493 1915 1597 1952 gnatae
1606 1906 1771 1953 permittit

1017 1966 1109 2001 pater
1119 1953 1293 1988 arbitrium
1306 1953 1462 2004 eligendi,
1474 1956 1532 2000 qui
1545 1953 1605 1987 fibi
1617 1957 1650 1987 in
1657 1956 1771 2001 primis

1015 2005 1175 2051 placeret³
1188 2005 1354 2038 maritum.
1380 2005 1528 2038 Menelaus
1539 2003 1564 2037 is
1576 2014 1663 2044 erat,
1679 2002 1772 2039 solus

1016 2054 1070 2088 ille
1079 2053 1200 2100 potitur
1212 2049 1324 2087 Heleni
1343 2077 1352 2092 ‚
1370 2052 1521 2086 obstricti
1532 2063 1645 2086 tamen
1662 2064 1772 2088 rema-

1017 2113 1099 2137 nent
1115 2114 1291 2150 procerum
1312 2104 1418 2137 caeteri
1435 2101 1475 2137 ad
1492 2099 1712 2136 conferendas
1733 2113 1772 2134 ο-

1017 2164 1084 2201 pes,
1098 2150 1226 2186 sicunde
1236 2154 1284 2186 vis
1295 2153 1461 2199 ingrueret
1475 2152 1508 2184 in
1519 2152 1667 2186 Helenam.
1681 2150 1770 2198 Ergo

1016 2204 1097 2237 dum
1111 2200 1216 2236 violat
1230 2206 1327 2242 Paris,
1351 2203 1483 2236 Menelao
1492 2199 1606 2235 adsunt
1616 2212 1654 2234 ex
1665 2202 1767 2248 paeto

1015 2252 1178 2300 praecipua
1193 2253 1387 2285 Graecorum
1407 2251 1514 2297 capita
1527 2275 1535 2289 ,
1558 2257 1767 2297 Agamemnon,

1015 2303 1107 2346 Ajax‚
1118 2302 1268 2335 Diomedes
1277 2327 1286 2342 ,
1297 2301 1414 2341 Nessor,
1427 2300 1591 2345 Protefilam
1600 2325 1611 2340 ,
1627 2301 1770 2334 Palame—

1017 2353 1079 2392 des,
1099 2354 1134 2385 δε
1154 2352 1269 2397 ingens
1291 2351 1434 2384 aliorum
1454 2361 1633 2396 procerum
1653 2361 1770 2382 nume-

1018 2412 1087 2436 rus.
1114 2399 1259 2434 censent
1271 2411 1391 2434 omnes
1402 2397 1496 2445 quod
1514 2397 1532 2430 :i
1554 2399 1657 2433 Paride
1668 2404 1774 2432 Mene-

1017 2451 1074 2487 Iao,
1092 2447 1124 2482 id
1145 2448 1164 2482 zi.
1183 2448 1333 2482 Barbaris
1352 2450 1474 2483 Graeco
1491 2445 1617 2481 factum
1628 2445 1771 2481 nomini,

1018 2509 1235 2532 communem
1245 2499 1398 2543 injuriam
1410 2495 1648 2531 communibus
1661 2493 1773 2529 vindi-

1022 2547 1162 2580 eandam
1176 2548 1286 2580 armis.

1072 2593 1127 2628 Ab
1148 2593 1215 2627 hoc
1235 2594 1343 2640 patriae
1371 2592 1560 2627 communis
1585 2590 1770 2639 patrocinio
1791 2602 1885 2641 Vljssis

1022 2644 1148 2677 nullum
1161 2644 1330 2690 patiuntur
1341 2641 1370 2676 se
1381 2641 1562 2677 subducere
1583 2655 1592 2675 ε
1618 2641 1720 2692 Ulyffies
1735 2651 1770 2674 ut
1790 2646 1898 2672 amentia

1022 2705 1109 2726 nova
1130 2703 1234 2739 nupta
1255 2694 1384 2738 Penelope
1395 2689 1558 2727 frueretur
1579 2716 1589 2732 ‚
1618 2692 1768 2726 militiam
1783 2685 1905 2743 fimfflatae

1021 2741 1136 2788 fugere
1148 2741 1324 2775 dementiae
1335 2752 1493 2789 praetextu
1506 2739 1771 2775 desideravitmd-
1792 2728 1899 2754 “1⁴²¹“

1023 2793 1095 2825 sunt
1114 2788 1131 2824 a
1148 2792 1325 2825 communi
1347 2790 1488 2826 consilio
1508 2792 1563 2837 qui
1576 2791 1716 2824 invitent
1728 2789 1769 2824 ad
1788 2815 1798 2835 t

1023 2852 1130 2876 arma,
1152 2841 1324 2874 inveniunt
1336 2851 1484 2875 arantem
1503 2838 1776 2874 littora&seren-

1024 2901 1091 2924 tem
1104 2890 1136 2922 in
1148 2887 1239 2923 sulcis
1251 2888 1360 2926 salem.
1393 2891 1560 2925 Palamedes
1570 2888 1603 2923 id
1615 2888 1710 2935 quod
1724 2901 1775 2923 res

1026 2950 1095 2973 erat
1117 2938 1294 2986 suspicatus
1306 2964 1315 2978 ,
1336 2941 1368 2973 in
1381 2941 1470 2973 aratri
1482 2937 1776 2972 viacollocatrete-

1024 2991 1173 3029 maehum,
1187 3001 1280 3024 cavet
1292 2988 1393 3039 Ulyffes
1402 2987 1511 3023 sedulo
1520 3000 1560 3022 ne
1572 2987 1642 3021 filio
1654 2998 1775 3021 noceat

1024 3049 1168 3078 vomer3
1194 3050 1321 3072 certum
1349 3037 1420 3083 satis
1443 3036 1520 3072 sanae
1548 3038 1668 3071 mentis
1686 3036 1778 3071 indi-

1025 3091 1112 3122 cium
1134 3097 1142 3121 t
1162 3096 1229 3121 non
1244 3086 1383 3133 amplior
1393 3086 1591 3121 limulationi
1605 3089 1778 3126 locus‚vo-

1023 3138 1093 3172 lens
1116 3135 1244 3171 nolenti
1264 3139 1377 3170 animo
1397 3137 1530 3171 ducitur
1551 3161 1561 3176 ‚
1588 3135 1726 3170 trahitur
1745 3138 1777 3170 in

1027 3186 1165 3223 bellum.
1192 3188 1413 3223 Convocatur
1433 3188 1561 3224 Aulidem
1573 3182 1676 3221 classis
1689 3210 1699 3226 ,
1720 3185 1779 3219 eli-

1365 3237 1380 3269 Ι
1409 3247 1422 3282 3
1692 3234 1779 3281 gitur

1791 2768 1858 2795 mede
1868 2766 1908 2795 de-

1800 2812 1885 2848 egitur.
