2048 3343
1496 112 1550 153 11.

1030 183 1174 228 quiffimis
1188 184 1264 218 locis
1279 185 1603 226 circumclusus,cxitio
1618 187 1729 222 ultimo
1738 186 1796 225 fuit

1030 235 1204 278 proximus,
1232 233 1333 267 calore
1347 236 1487 281 inprimis
1506 241 1533 270 Se
1550 236 1593 270 siti
1608 237 1745 284 legiones
1760 252 1793 274 c-

481 108 1451 152 ETCHRoNoL001CILlB.
1761 130 1797 154 21

66 189 216 216 Antoninus
286 180 464 216 Antoninus
473 182 542 215 Pius
556 183 870 229 Imperatordecimus
884 180 990 220 sextus,

64 230 177 256 Pimwr
187 229 221 262 ὡ
239 241 440 263 maximarum
455 231 602 265 virtutum
616 232 660 265 vir
675 233 766 265 ctiam
780 231 864 277 supra
881 232 991 277 ‘Traja-

68 314 104 345 ομ
108 317 142 333 lm
146 317 184 334 m.

55 1191 161 1214 Marcus

53 1227 178 1255 Aurelius

53 1266 132 1293 bonus
143 1265 177 1298 (5-

46 1306 166 1341 strenuus

53 1349 192 1383 Imperator,

47 1979 95 2007 sed
105 1981 198 2006 Lucius

44 2026 145 2056 pravus
162 2022 195 2054 ὠ,
214 2008 409 2044 Christianos
423 2009 668 2058 persecutionem
683 2016 835 2055 exercuit,
858 2015 930 2049 hinc
945 2017 975 2049 in

47 2059 143 2097 inselex.

70 273 208 304 ‘'²4⁷‘'”0'
236 290 326 316 num,
348 292 380 312 ac
394 279 570 313 Adrranum
583 294 593 312 .·
614 281 695 314 nulla
709 279 762 314 sub
775 292 814 313 eo
828 280 922 314 bella,
943 292 989 312 ra-

235 328 331 374 pinae,
352 330 468 363 caedes:
491 329 615 362 Barbari
635 329 724 362 vicini
741 327 832 374 ipsius
852 329 988 375 :equitati

234 375 296 411 suas
310 379 389 411 inter
408 377 436 410 se
449 376 674 411 controversias
692 376 876 410 dirimendas
900 390 988 411 com-

233 427 356 460 mittere
373 440 380 460 :
401 438 456 472 per
476 437 578 460 totum
598 427 783 460 Romanum
797 426 909 460 orbem
922 438 987 460 tan-

231 489 323 522 quam
337 476 367 508 in
381 476 476 521 patriai
490 473 601 523 absque
614 476 767 509 latronum
783 500 792 515 ,
813 477 857 509 vel
879 477 987 522 pirata—

230 536 330 558 tarum
344 537 426 558 metu
441 525 618 559 licebatiter
627 523 739 562 facere,
751 526 988 575 eadeinlingua,

229 572 336 608 iisdem
351 575 465 621 ubique
479 575 615 621 legibus.

277 623 362 658 Cum
377 623 488 670 absque
502 624 700 670 Imperatoris
713 625 818 659 εάῐᾶὶο
839 624 973 659 Christia

229 673 260 707 ni
273 673 323 707 hic
338 675 398 708 ilefc
412 675 426 708 :i
440 675 621 708 Gentilibus
636 685 737 708 morte
751 675 988 713 mulStarentum

229 724 450 771 auditaJustini
466 736 522 769 pro
532 723 713 757 Christianis
729 724 902 770 Apologia,
928 727 986 758 lm-

228 785 354 820 perator
368 774 544 807 ulteriorem
560 772 806 820 persecutionem
821 773 964 808 inhibuit.

292 826 421 867 Semper
441 821 484 867 cst
510 834 723 856 commoratus
747 824 860 857 Romae
880 822 987 857 contra

226 873 320 922 quam
335 872 521 911 Mdrmnm,
536 872 709 906 existimaus
722 874 988 907 circumdu&ione

226 924 300 957 aulae
315 923 491 956 Provincias
506 925 618 969 gravari
633 947 642 961 ,
669 927 700 957 &
720 934 845 956 remoto
865 922 987 970 longius

225 975 415 1019 Imperatore
434 969 550 1005 facilius
571 973 720 1019 populum
734 973 926 1011 tumultuari,
950 985 986 1005 ex

224 1023 364 1055 Adriani
377 1022 490 1067 placito
504 1022 652 1068 adoptatis
664 1025 776 1054 Marco
785 1023 909 1054 Aurelio
917 1024 985 1054 An-

223 1076 337 1110 tonino,
353 1075 423 1104 Vero
439 1069 639 1118 philosopho,
655 1076 685 1105 ὃ(
698 1074 793 1106 Lucio
803 1075 873 1105 Vero
881 1085 891 1104 :
899 1071 985 1118 expi-

223 1122 300 1155 ravit
313 1121 406 1156 aetatis
419 1132 474 1163 70.
487 1122 610 1166 Imperii
625 1133 667 1165 23.

276 1174 400 1205 Marcus
416 1170 558 1203 Aurelius
572 1173 742 1215 lmperator
755 1167 981 1215 decimussepti-

223 1233 290 1254 mus
304 1220 478 1266 omnigenae
491 1219 607 1253 virtutis
621 1220 680 1259 vir,
695 1218 883 1253 difficillimis
899 1228 979 1252 tem-

221 1269 349 1316 poribus
363 1270 544 1302 Romanum
564 1269 675 1302 orbem
691 1267 828 1301 sustinuit
842 1280 904 1302 tarn
918 1269 981 1303 vita

219 1318 311 1366 quam
325 1315 511 1364 profeffione
519 1331 555 1351 ex
564 1319 673 1352 ordine
686 1318 864 1351 Stoicorum
878 1326 977 1353 omm-

219 1366 363 1404 oaimr&:
385 1367 415 1400 in
429 1364 578 1414 plerisque
592 1367 680 1400 domi
693 1368 872 1415 militiaeque
883 1367 979 1400 Rem-

216 1415 300 1464 publ.
313 1415 432 1462 optime
441 1415 659 1451 administravit
669 1441 679 1456 ,
699 1415 748 1450 sed
762 1417 914 1451 diffimiles
927 1415 979 1450 ad-

216 1467 348 1499 modum
363 1477 446 1500 erant
458 1466 545 1499 Lucii
560 1467 700 1514 Colle-gre
714 1479 837 1508 mores;
855 1466 928 1500 huic
942 1465 977 1499 fi-

216 1515 287 1548 liam
301 1516 450 1548 Lucillam
463 1515 546 1548 dedit
554 1515 584 1547 in
593 1528 735 1550 uxorem:
748 1517 821 1550 dum
830 1515 980 1564 Vologesi

215 1563 320 1598 Parthi
334 1566 422 1597 armis
437 1576 626 1611 premeretur
641 1590 650 1605 ,
677 1569 810 1599 Lucium
823 1567 922 1601 virum
937 1564 976 1600 sa-

215 1614 255 1648 tis
281 1613 437 1648 strenuum
459 1615 488 1647 in
510 1615 676 1649 Orientem
698 1615 778 1650 misit
796 1630 804 1649 :
829 1617 935 1650 omnia
953 1616 977 1649 is

216 1663 301 1697 bello
316 1663 474 1697 necessaria
488 1665 663 1699 Antiochiae
677 1667 879 1712 comparavit,
889 1666 976 1700 miffo

216 1724 323 1746 contra
336 1713 418 1747 hoste
428 1727 458 1748 m
472 1714 603 1748 -sqvtdto
613 1713 708 1759 Caffio,
718 1715 821 1749 multis
834 1716 882 1750 ille
894 1729 963 1762 proe

214 1763 262 1796 liis
279 1763 421 1797 Parthum
437 1761 527 1812 fregit
540 1789 550 1803 ,
569 1767 748 1804 Seleuciam,
771 1770 801 1800 &
816 1766 972 1815 Ctesiphon-

215 1822 275 1845 tem
289 1814 384 1859 regias
401 1813 490 1847 urbes
504 1815 650 1854 incendit,
666 1820 696 1851 δι
708 1815 848 1856 Parthos,
860 1817 895 1850 ad
910 1816 969 1863 sup-

213 1863 389 1908 plicandum
405 1863 442 1896 ab
457 1865 699 1910 imperatoribus
718 1878 843 1912 pacem,
863 1866 974 1915 quibus

213 1912 272 1946 vell
286 1924 324 1945 vnt
339 1912 390 1959 ipsi
405 1914 648 1953 conditionibus,
665 1915 776 1963 adegit.

263 1962 350 1995 Dum
369 1963 397 1995 in
414 1964 548 1997 Oriente
562 1963 634 1998 efl'et
651 1967 762 1998 Lucius
777 1990 786 2004 ‚
808 1978 929 2013 gravem
944 1966 974 1999 in

213 2060 378 2094 Romanos
395 2062 435 2094 ira
450 2061 565 2095 Christi
583 2065 751 2098 excanduit.
781 2066 865 2098 Cum
874 2063 974 2099 Perse—

212 2109 277 2156 poli
297 2111 423 2156 quidam
444 2113 557 2145 milites
579 2125 699 2147 auream
719 2111 868 2160 capsulam
883 2128 919 2148 ex
933 2113 979 2148 se-

212 2159 343 2205 pulchro
355 2160 490 2206 quodam
505 2161 639 2196 effossam
647 2162 840 2210 aperuissent,
854 2175 916 2198 tam
924 2177 977 2210 pe-

213 2207 316 2242 stilens
330 2210 400 2243 inde
416 2223 486 2243 aura
500 2208 618 2256 spiravit
631 2237 641 2251 ,
667 2224 700 2246 ut
720 2223 806 2246 totus
826 2215 976 2247 exercitus

214 2258 378 2304 gravissim-3
392 2260 439 2292 lue
452 2259 645 2299 inficeretur,
660 2274 728 2308 quae
741 2271 843 2295 toturn
854 2263 973 2294 Roma-

214 2318 290 2339 num
306 2308 487 2353 imperium,
512 2311 653 2354 inprimis
663 2313 838 2345 Romam&
853 2312 975 2344 Italtam

214 2355 356 2400 pervasit,
371 2369 441 2389 cum
456 2356 575 2390 infinita
590 2359 768 2391 mortalium
781 2359 898 2405 strage:
919 2360 974 2395 ista

213 2402 297 2450 peste
315 2405 533 2439 Romanorum
547 2406 827 2443 viribusenervatis,
845 2410 972 2444 Mar-

213 2457 367 2493 comanni,
393 2456 516 2508 Qadi,
531 2458 671 2489 Sarmata
682 2481 692 2495 ,
711 2460 742 2491 &
756 2458 885 2492 maxima
897 2460 971 2492 Bar-

213 2502 360 2536 barorum
379 2516 418 2537 ex
442 2506 659 2551 Septentrione
685 2507 834 2540 colluvies
847 2532 857 2547 ‚
882 2506 971 2541 trans

212 2551 302 2585 misso
312 2553 462 2587 Danubio
477 2559 507 2589 &
523 2555 651 2594 Rheno,
667 2556 830 2603 imperium
846 2558 971 2591 inunda-

212 2601 268 2634 vit.
292 2603 415 2636 Marcus
429 2616 464 2637 ex
478 2605 577 2638 nimio
591 2606 621 2638 in
642 2604 747 2639 studiis
762 2606 970 2641 literarum'la-

210 2649 289 2684 bore
302 2649 399 2685 faetus
412 2654 645 2688 valetudinarius
660 2680 670 2694 ,
691 2668 756 2689 non
772 2653 856 2690 ausus
869 2667 971 2691 tamen

209 2699 266 2734 fuit
285 2700 401 2734 bellum
420 2702 482 2736 hoc
496 2705 596 2738 Lucio
618 2706 816 2739 committere
828 2729 837 2742 ‚
869 2707 970 2740 multo

208 2749 311 2783 minus
325 2749 575 2786 diss‘olutiffimum
588 2755 685 2788 virum
695 2756 807 2789 Romae
815 2756 968 2803 relinque-

209 2811 263 2833 re:
284 2798 382 2834 secum
397 2814 473 2848 ergo
487 2803 572 2837 duxit
593 2803 627 2836 ad
647 2803 772 2837 bellum.
792 2807 969 2851 Antequam

211 2860 246 2881 ex
261 2849 350 2883 ltaloi
364 2851 468 2898 egreffi
482 2851 587 2892 essent,
601 2853 631 2885 in
640 2865 714 2899 agro
726 2855 849 2887 Veneto
865 2854 968 2887 inuno

1030 283 1231 316 necabantur:
1246 283 1388 316 locorum
1404 282 1544 330 asperitas
1559 300 1659 333 neque
1670 299 1789 334 pugnat,

1030 342 1129 375 neque
1142 330 1220 378 fugoe
1233 330 1331 365 ansam
1348 332 1448 366 dabat.
1476 335 1561 368 Dum
1572 337 1629 368 dux
1645 336 1792 377 milesque

1028 375 1198 413 fatiscerent
1211 382 1329 420 animis,
1348 382 1431 428 legio
1439 384 1580 416 Melitina
1594 399 1628 417 ex
1643 386 1717 418 urbe
1726 380 1792 419 Αν-

1027 431 1126 460 mem‘ae
1139 439 1204 461 tota
1219 429 1392 463 Christiana
1406 429 1511 477 politis
1527 434 1665 478 genibus,
1682 439 1710 468 ἃ
1722 432 1789 469 sub-

1029 477 1093 510 latis
1116 477 1152 510 ad
1173 478 1287 512 coelum
1316 481 1455 514 manibus
1484 478 1604 527 supplex
1625 483 1787 521 Christum

1030 528 1149 574 rogavit
1162 540 1272 574 opem:
1288 527 1389 562 statim
1398 542 1461 562 non
1476 530 1593 563 tantum
1607 533 1712 578 ingens
1721 535 1788 577 plu-

1030 578 1074 609 via
1090 578 1254 611 Romanos
1268 576 1394 617 refecit,
1417 579 1465 612 led
1481 584 1511 613 &
1528 576 1672 619 fulmina,
1692 583 1788 615 maxi-

1030 638 1140 673 maque
1153 638 1314 660 ventorum
1329 628 1370 661 vis
1385 629 1415 661 in
1430 641 1483 662 ora
1493 630 1788 679 Qadorumvibra-

1029 688 1058 709 ta
1072 677 1191 722 plenam
1206 676 1257 723 ipsi
1271 678 1432 711 vietoriam
1453 680 1617 712 attulerunt
1633 693 1642 719 3
1666 678 1741 713 hinc
1756 693 1788 714 a-

1030 724 1201 759 micisfimas
1214 740 1271 773 pro
1286 726 1467 760 christianis
1480 728 1579 761 literas
1593 729 1628 761 ad
1642 730 1788 764 Senatum

1029 773 1152 821 scripsit.
1180 776 1283 810 Reste
1298 777 1335 810 ab
1350 777 1568 822 Epitomatore
1588 775 1641 811 suo
1659 778 1787 826 erhc'li-

1027 837 1062 856 no
1075 829 1197 858 taxatur
1209 829 1291 859 Dion
1310 827 1395 873 quod
1409 828 1425 860 a
1442 827 1562 873 legione
1578 824 1784 862 fulminatrice

1029 875 1207 908 miraculum
1222 874 1283 908 hoc
1297 873 1455 909 transferat
1468 877 1503 909 ad
1517 878 1701 923 AEgyptzum
1715 879 1788 911 Ma-

1028 936 1114 969 gum.
1137 924 1214 956 Non
1229 924 1424 958 obstantibus
1438 923 1517 958 bisce
1534 928 1729 971 Imperatoris
1749 927 1788 962 ad

1028 975 1171 1006 Senatum
1186 974 1278 1006 literis
1288 997 1297 1012 ‚
1315 987 1369 1020 per
1384 972 1470 1007 Praefi
1479 975 1603 1008 &orum
1618 977 1763 1010 malitiam
1773 999 1784 1012 ³

1026 1026 1056 1056 &
1072 1023 1264 1070 antiquarum
1279 1024 1381 1070 legum
1395 1023 1425 1056 in
1440 1036 1533 1057 novas
1553 1026 1720 1072 religiones
1743 1025 1785 1060 sc-

1025 1071 1375 1119 veritatem‚persccuti0
1391 1070 1600 1118 perseveravit3
1619 1087 1687 1107 nam
1708 1087 1785 1120 prce-

1024 1132 1069 1154 ter
1082 1123 1275 1170 Polycarpum
1288 1127 1318 1155 ὅ(
1334 1121 1498 1169 Justr'num,
1515 1124 1731 1169 quamplurimi
1751 1136 1784 1156 a-

1022 1171 1054 1203 lii
1079 1183 1225 1217 martyres
1245 1183 1386 1205 extremo
1406 1169 1555 1217 supplicio
1581 1171 1682 1205 affeeti
1702 1170 1780 1206 sunt.

1021 1220 1157 1264 Hujusce
1179 1221 1364 1254 crudelitatis
1377 1221 1513 1254 vindiCta
1527 1246 1536 1260 ,
1556 1232 1618 1255 tam
1640 1223 1670 1255 in
1686 1219 1783 1268 ipsum

1020 1273 1259 1316 Imperatorem,
1274 1270 1366 1318 quam
1381 1272 1445 1314 ejus
1458 1268 1782 1318 familiamNtotumque

1020 1320 1184 1366 imperium
1199 1333 1273 1353 mox
1294 1322 1437 1354 emicuit:
1451 1318 1511 1366 ipse
1528 1322 1611 1354 enim
1621 1344 1629 1357 ,
1644 1322 1781 1354 licetvit-

1019 1380 1098 1403 tutes
1118 1382 1228 1403 omnes
1243 1393 1250 1405 ,
1277 1380 1425 1416 quantum
1445 1370 1542 1416 quivis
1565 1373 1779 1417 paganorum,

1019 1420 1153 1458 coleret,
1168 1430 1199 1452 ut
1213 1420 1243 1452 in
1257 1420 1389 1467 eleganti
1404 1420 1440 1452 de
1456 1418 1504 1454 fiifi
1515 1419 1574 1453 vitc'i
1586 1431 1782 1453 commenta-

1018 1470 1065 1502 rio
1079 1467 1220 1503 testatum
1235 1466 1321 1508 facin
1339 1481 1441 1502 tamen
1463 1468 1602 1513 Faustina
1617 1482 1695 1503 uxor
1708 1472 1780 1502 Au-
1798 1469 1898 1518 Peffi'ma
1917 1481 1948 1546 3}-

1794 1520 1855 1542 xor,
1873 1521 1907 1544 (5.
1939 1531 1950 1535 -

1017 1522 1109 1552 tonina
1122 1521 1180 1551 ‘Pu
1197 1518 1258 1552 filia
1271 1519 1434 1552 mulierum
1448 1520 1593 1552 omnium
1609 1518 1679 1564 post
1694 1518 1779 1562 Mes-“-

1012 1568 1158 1611 sizlmam,
1187 1565 1252 1615 ipso
1269 1569 1478 1608 connivente,
1509 1566 1690 1613 spurcissima
1707 1581 1777 1602 eva-

1019 1618 1204 1665 uestinum
1233 1617 1426 1651 Commodum
1440 1643 1449 1657 ,
1481 1620 1567 1662 cujus
1594 1617 1779 1653 institutioni

1019 1667 1165 1701 summam
1184 1681 1309 1713 operam
1325 1668 1534 1715 impenderat,
1557 1669 1710 1714 comperit
1729 1668 1779 1702 in-

1017 1718 1099 1764 genii
1120 1716 1285 1765 pravissimi
1305 1717 1478 1752 monstrum
1499 1731 1509 1758 ;
1542 1730 1578 1752 ex
1596 1731 1662 1766 quo
1682 1718 1777 1753 animi

1017 1780 1155 1802 moerore
1168 1767 1342 1802 contabuit.

1064 1819 1153 1851 Dum
1177 1818 1208 1850 in
1230 1817 1314 1851 bello
1334 1818 1593 1852 Marcomannico
1622 1817 1775 1858 haereret‚

1016 1864 1141 1911 [affixam
1155 1867 1186 1899 in
1200 1867 1333 1901 Oriente
1347 1866 1488 1911 Faustina
1501 1864 1649 1901 suscitavit
1669 1879 1701 1901 ut
1715 1868 1777 1901 im-

1016 1918 1133 1963 perium
1155 1917 1302 1962 arriperet
1315 1941 1323 1952 ‚
1349 1927 1489 1949 metuens
1511 1929 1551 1949 ne
1571 1915 1591 1949 fi
1609 1917 1775 1952 emarcus

1015 1966 1248 2000 valetudinarius
1261 1964 1421 2012 expirasset
1434 1990 1442 2004 ‚
1470 1963 1525 1998 filii
1539 1963 1582 1999 sui
1595 1978 1699 2000 mores
1713 1990 1723 2005 ‚
1749 1966 1777 1999 i-

1017 2014 1118 2062 psum,
1134 2013 1242 2062 seque,
1262 2019 1293 2049 &
1308 2025 1408 2048 totam
1424 2012 1569 2048 familiam
1585 2015 1773 2060 perderent3

1017 2065 1196 2112 voluitergo
1211 2063 1267 2099 suis
1280 2063 1414 2099 consiliis
1422 2063 1776 2110 Caffiumadipiscithro-

1017 2128 1107 2153 num,
1123 2127 1154 2148 ut
1169 2127 1221 2161 per
1235 2117 1300 2159 ejus
1314 2114 1433 2160 nuptias
1449 2114 1480 2146 in
1494 2112 1621 2159 pristina
1634 2111 1774 2160 perseve-

1016 2176 1095 2199 raret
1108 2165 1255 2212 dignitate
1270 2179 1278 2199 ι
1295 2165 1386 2198 etiam
1400 2162 1455 2196 ista
1469 2163 1633 2198 Marcus
1646 2164 1677 2196 in
1692 2167 1775 2196 Fau-

1007 2213 1090 2259 stimi
1102 2216 1171 2248 tulit
1184 2239 1192 2253 ‚
1216 2213 1264 2247 sed
1278 2225 1385 2247 contra
1400 2209 1525 2255 Caffium
1540 2213 1657 2245 volavit
1676 2212 1706 2245 in
1720 2215 1775 2260 Sy-

1014 2276 1094 2296 rmm
1111 2262 1229 2296 tantum
1243 2264 1340 2296 duero
1354 2263 1384 2296 in
1399 2262 1446 2294 viz'i
1460 2263 1573 2297 Romae
1586 2261 1623 2295 de
1636 2261 1774 2295 Germa-

1013 2314 1060 2346 nis
1075 2310 1247 2357 triumpho.
1274 2314 1452 2359 Antequam
1470 2311 1506 2345 ad
1520 2324 1629 2344 manus
1643 2310 1686 2345 est
1698 2323 1773 2345 ven—

1011 2373 1096 2397 tum,
1119 2362 1207 2403 Cafflo
1221 2361 1235 2393 a
1258 2359 1313 2394 suis
1327 2372 1516 2407 amputatum
1531 2360 1576 2394 est
1588 2370 1697 2404 caput,
1723 2361 1773 2393 in-

1012 2411 1117 2458 gratiis
1133 2412 1292 2449 Marci,
1312 2410 1360 2442 cui
1376 2421 1407 2441 in
1421 2410 1527 2442 animo
1549 2418 1612 2442 erat
1630 2407 1712 2441 hosti
1726 2409 1772 2442 vi-

1012 2461 1066 2494 Cto
1079 2460 1169 2493 vitam
1185 2461 1216 2494 δι’
1230 2459 1409 2506 dignitatem
1424 2456 1614 2492 conservare.
1629 2459 1771 2492 Romam

1011 2522 1083 2543 cum
1097 2522 1136 2542 eo
1145 2510 1264 2542 rediens
1274 2513 1338 2541 Fau
1363 2512 1415 2539 ina
1429 2508 1458 2540 in
1475 2509 1582 2541 itinere
1597 2507 1744 2542 moritur.

1058 2558 1151 2592 Nulla
1168 2556 1222 2604 ipli
1239 2557 1283 2590 vel
1298 2558 1328 2589 in
1343 2555 1462 2589 scueeta
1475 2557 1579 2603 quiete
1592 2554 1650 2588 frui
1664 2556 1769 2592 datum

1012 2607 1073 2642 est:
1088 2607 1241 2641 Germani
1253 2606 1433 2640 rebellantes
1448 2606 1556 2639 iterum
1572 2606 1698 2640 induere
1711 2619 1769 2641 co-

1011 2669 1086 2705 gunt
1099 2670 1202 2691 arma:
1222 2669 1276 2703 per
1289 2655 1456 2690 triennium
1468 2669 1538 2690 cum
1552 2655 1598 2689 his
1612 2655 1742 2690 luctatus
1755 2679 1766 2693 ‚

1010 2708 1133 2740 tandem
1153 2708 1183 2740 in
1198 2705 1299 2740 castris
1321 2703 1406 2738 febre
1421 2729 1431 2744 ,
1457 2706 1506 2739 vel
1521 2706 1714 2739 medicorum
1732 2707 1766 2740 in

1011 2758 1164 2789 Commodi
1176 2757 1302 2804 gratiam
1317 2754 1420 2789 fraude
1435 2756 1621 2802 extinguitur
1635 2768 1765 2790 annoae-

1009 2808 1077 2842 tatis
1103 2805 1362 2854 quinquagesimo
1393 2806 1507 2839 octavo
1523 2828 1532 2841 ‚
1573 2806 1696 2852 Imperii
1719 2807 1765 2840 18·

1008 2854 1127 2890 Christi
1154 2858 1216 2890 182.

210 2897 352 2931 vehiculo
365 2898 508 2935 facientes
523 2903 594 2941 iter,
622 2903 735 2936 Lucius
754 2915 789 2936 ex
809 2903 969 2950 apoplexia
1055 2905 1256 2939 Commodus
1265 2903 1418 2939 Caesarum
1428 2904 1563 2938 decimus
1572 2905 1699 2938 oetnvus
1707 2903 1766 2939 sta-
1782 2910 1909 2938 Commoda·

209 2958 349 2981 mortuus
363 2951 516 2991 concidit,
531 2952 617 3000 quod
632 2952 669 2986 de
676 2951 780 2986 fraude
794 2951 844 2986 hic
858 2956 970 2987 Mam*
1005 2955 1062 2989 tim
1075 2954 1215 2989 incastris
1230 2953 1365 2989 salutatus
1379 2958 1547 3001 Imperator
1554 2968 1623 2988 cum
1632 2954 1766 2989 Germa·
1780 2949 1894 2996 lasiffinJa
1909 2991 1913 2994 ,

209 2996 332 3042 quidam
348 2996 519 3035 referebant
537 3026 547 3041 ,
567 3001 664 3050 Julius
687 3003 866 3051 Capitolinus
882 3003 897 3037 a
911 3005 965 3040 viri
1006 3006 1052 3038 nis
1066 3006 1103 3039 de
1117 3017 1189 3050 pace
1202 3004 1352 3052 transigit,
1369 3003 1518 3051 praestanti
1531 3017 1665 3052 corpore
1677 3007 1764 3050 juve·
1779 2990 1930 3057 ἕζῐῗὲἵῗέ

209 3044 364 3092 probitate
377 3047 502 3083 testatur
515 3052 734 3087 alieniffimum.
1006 3055 1051 3088 nis
1067 3079 1074 3091 ‚
1099 3058 1129 3088 &
1143 3054 1180 3088 ab
1195 3055 1435 3101 [inperatoribus
1451 3055 1577 3100 optimis
1593 3053 1760 3094 erlriano,
1771 3060 1867 3109 faustos
1884 3071 1926 3097 dg„

45 3095 194 3130 Legi-'achias-
257 3098 388 3142 Pergens
402 3098 437 3131 ad
451 3098 601 3135 Barbaros
614 3115 668 3148 per
680 3103 798 3149 aliquot
805 3114 901 3137 annos
909 3103 963 3136 du·
1005 3107 1171 3139 Antonino,
1191 3118 1225 3139 ac
1244 3106 1388 3139 eAurelw
1409 3104 1556 3139 oriundus
1569 3129 1580 3145 ,
1603 3105 1718 3152 ubique
1732 3106 1762 3139 in
1770 3109 1876 3147 fierunt.

38 3134 180 3210 §xxxin
208 3157 244 3178 ro
258 3144 341 3178 bello
358 3146 428 3180 licet
443 3145 560 3194 semper
578 3151 679 3185 νίξὶοι·
701 3153 872 3199 implicatus
895 3152 938 3187 est
954 3178 964 3193 ‚
1005 3153 1053 3188 via
1068 3156 1222 3194 Romam,
1237 3167 1303 3202 quo
1317 3155 1558 3202 belliimpatiens
1567 3154 1763 3202 properabat,

44 3217 104 3244 mx.
206 3193 298 3229 semel
315 3195 331 3230 a
349 3196 534 3248 Qadorum
553 3200 719 3236 numeroso
738 3203 874 3237 exercitu
902 3203 965 3238 ini-
1003 3203 1085 3252 quasi
1099 3204 1225 3252 quidam
1240 3205 1384 3241 divorum
1397 3216 1537 3252 acceptus
1545 3204 1589 3241 est
1596 3220 1606 3247 ;
1623 3204 1674 3240 sed
1688 3217 1763 3238 mox

1371 3257 1398 3287 C
1411 3266 1427 3288 c
1451 3267 1465 3300 3
1660 3252 1763 3301 apert&
