2048 3343
137 634 213 663 ,ΖΜΟΝ
221 636 258 662 «Α
265 649 274 654 -

133 673 250 702 Ιωωηάνὶ

132 713 254 744 Macedo-

133 768 178 784 nas
188 767 243 783 con-

128 798 229 835 fundit.

134 1212 233 1247 Illustri's

135 1256 225 1283 Dei-in

137 1293 259 1323 Macedn-

135 1347 180 1364 ἰω
188 1338 246 1363 vin-

136 1377 211 1406 dicia.

145 2052 286 2084 Perdiccam

147 2095 257 2133 deprimit

149 2137 285 2175 Meleager.

288 127 363 158 204
637 107 946 143 Oeen-xs

286 184 416 223 niellam,
427 184 457 216 &
470 177 588 215 Petavii
598 178 829 216 Rationarium
843 199 853 212 ‚
867 170 1040 220 totz'unque

286 236 381 270 aliam
394 235 562 280 ingentem
581 230 798 264 recentiorum
812 224 1041 261 historicorum

288 286 456 319 nationem
479 280 619 327 legimus
635 303 645 319 ,
670 278 783 312 omnia
809 287 847 309 ex
866 273 1044 307 nominatis

288 333 439 370 fontibus
455 327 564 374 liaustu
577 340 639 376 pro
659 329 747 371 vario
763 323 971 372 ¹fingulorum
992 323 1044 365 in-

288 385 389 433 genio
402 385 432 416 &
444 379 578 425 eloquio
593 378 796 421 ωειλυηχςιέπωςΙ
805 372 900 410 valde
910 376 941 406 &
952 371 1044 411 intri-

288 431 361 468 cate
377 429 653 466 satistraduntur:
679 425 775 461 nobis
793 427 891 459 etiam
903 435 963 469 pro
982 433 1044 454 no-

288 481 349 518 strai
360 478 486 516 minut-„i
501 477 655 513 facultate
668 490 706 511 ex
717 474 860 522 utrisque
876 484 942 507 tam
959 470 1043 504 anti-

289 533 361 580 quis
371 528 470 579 quim
483 527 720 564 recentioribus
733 523 781 560 fas
791 524 870 562 esto,
883 520 1043 556 narratio-

291 595 368 617 nem
381 577 608 626 insequentem
620 570 857 624 deprompsisse.

341 632 391 666 Ut
402 630 546 677 primum
564 623 739 662 Alexander
747 622 890 655 animam
901 614 1044 663 Babylo-

293 694 334 715 ne
346 676 515 715 exhalziffet
528 700 536 713 ‚
551 677 709 711 maximus
723 666 866 718 primum
877 667 982 701 luRus
993 675 1045 699 ur-

293 729 370 765 bem
381 753 392 766 ,
405 729 592 777 regiamque
604 721 782 768 complevit
793 734 802 757 ‚·
828 721 860 752 δέ
870 714 982 765 postea
993 716 1044 748 in-

288 793 367 828 gens
377 779 554 813 exercitum
565 770 677 806 invasit
688 768 918 805 consternatio.
945 765 1045 798 Erant

289 832 321 863 in
342 842 381 862 eo
401 825 495 860 multi
513 822 658 869 corporis
676 819 842 865 animique
859 813 1045 851 virtutibus,

289 882 319 911 δι
335 875 463 924 egregia
476 869 600 919 Philippi
618 882 654 904 ac
666 866 841 905 Alexandri
853 876 908 913 per
920 863 1044 898 multos

285 939 387 960 annos
407 921 596 969 disciplina,
615 920 743 967 magnis
755 916 859 963 copiis
875 912 1044 952 ducendis,

283 979 315 1009 δε
329 975 434 1023 regnis
446 970 709 1007 administrandis
717 968 859 1002 omnino
872 975 977 1011 pares3
993 961 1044 995 sed

283 1024 360 1059 hinc
371 1023 523 1057 omnium
552 1021 650 1054 ruinae
670 1018 775 1065 otigo.
811 1016 903 1049 Dum
924 1023 1043 1047 omnes

284 1073 421 1121 aspirant
433 1071 472 1107 ad
483 1069 621 1109 summa,
633 1081 690 1103 nec
701 1064 870 1115 quisquam
882 1076 919 1096 ex
932 1062 1045 1096 animo

288 1124 339 1157 alii
352 1124 534 1168 cuicunque
546 1131 656 1167 parete
667 1117 764 1152 vellet
774 1140 784 1156 ‚
800 1125 918 1149 omnes
927 1114 960 1146 in
975 1122 1045 1155 mu-

290 1185 379 1208 tuam
391 1180 581 1207 corruerunt
592 1168 790 1216 perniciem:
818 1165 941 1211 quique
952 1163 985 1195 in
998 1169 1049 1194 tot

293 1222 372 1258 Afiae
384 1221 507 1268 Regnis
523 1230 631 1259 tantos
643 1217 808 1252 nobilium
827 1213 1025 1248 familiarum
1039 1232 1049 1246 ‚

293 1277 327 1307 δε
339 1273 540 1320 populorum
558 1269 727 1314 sanguinis
748 1266 836 1299 rivos
848 1261 1052 1299 effuderunt,

317 1318 534 1356 uiescentibus
546 1313 849 1364 &inspectantibus
859 1309 1052 1359 regionibus

293 1370 433 1408 subactis
445 1395 453 1408 ,
480 1365 538 1414 ipsi
555 1365 616 1400 suis
633 1367 666 1399 in
684 1364 714 1398 se
732 1362 881 1397 manibus
901 1360 1049 1395 divinam

294 1420 471 1458 vindietam
484 1417 611 1451 executi
624 1413 697 1449 sunt
711 1438 722 1450 ‚
742 1413 822 1447 &in
834 1412 945 1459 paucis
957 1409 1050 1444 annis

295 1466 486 1507 «Alexandri
503 1467 702 1514 Regumque
721 1461 943 1497 Macedoniae‚
968 1459 1050 1508 quin

294 1525 327 1556 δι
342 1515 495 1554 omnium
507 1518 626 1551 ducum
637 1539 648 1556 ‚
659 1513 875 1558 omniumque
887 1509 960 1558 ipsis
969 1509 1050 1543 ami-

294 1581 422 1608 corum,
433 1577 520 1603 totas
537 1564 676 1601 familias
689 1563 830 1610 stirpitus
841 1557 1051 1595 eradicfirunt.

292 1617 368 1653 Imo
387 1615 464 1653 vero
490 1613 695 1664 paucissimos
711 1625 750 1647 ex
768 1612 921 1660 gregariis
940 1609 1050 1643 militi-

291 1668 352 1703 bus
368 1693 378 1708 ,
409 1663 680 1713 triumphabundi
705 1665 738 1696 &
766 1659 893 1709 ubique
918 1658 1052 1695 vilioris

293 1712 673 1752 Macedoniciexercitfis
684 1708 765 1746 ficca
783 1720 890 1744 morte
909 1720 1048 1744 occum-

293 1766 368 1802 b'cre
382 1764 594 1814 permiserunt
608 1777 615 1798 :
635 1774 670 1797 ac
682 1759 905 1796 Macedonum
919 1769 1050 1806 gentem

294 1817 327 1849 in
342 1815 527 1851 viliffimam
541 1839 552 1855 ‚
580 1812 840 1861 pauperrimam,
857 1812 891 1843 &
903 1807 1051 1855 despica-

297 1864 481 1899 biliffimam
495 1860 796 1911 provinciam,s1cut
805 1858 866 1896 fuit
876 1859 969 1896 olim,
979 1856 1055 1892 red-

301 1913 414 1962 egere,
435 1915 564 1961 totique
585 1913 780 1947 Graecorum
798 1909 925 1943 nationi
945 1905 1054 1941 infini-

303 1975 411 1998 tarum
435 1964 659 1997 calamitatum
685 1964 716 1994 δι
728 1969 890 2006 perpetuae
916 1956 956 1992 ad
967 1956 1054 1991 hunc

303 2013 391 2048 diem
404 2012 564 2048 servitutis
575 2009 663 2045 causa
674 2006 822 2044 extitere.

354 2063 482 2097 Primus
492 2058 625 2106 hujusce
639 2057 804 2107 tragoediae
815 2057 906 2092 affiius
916 2055 1057 2102 Babylo—

306 2126 345 2147 ne
358 2111 522 2146 exhibitus
537 2111 592 2146 est.
616 2108 691 2144 Post
707 2110 832 2155 aliquot
843 2106 998 2141 horarum
1010 2106 1060 2139 la-

307 2172 416 2196 menta
428 2165 460 2195 &
471 2159 566 2194 fletus
576 2184 587 2199 ‚
609 2159 751 2205 primarii
763 2168 880 2190 omnes
891 2155 988 2190 duces
999 2179 1008 2195 ‚
1028 2158 1060 2196 ,δι

308 2221 447 2257 magnus
466 2207 609 2242 militum
631 2207 748 2254 globus
767 2208 802 2240 in
827 2206 966 2254 Regiam
989 2216 1062 2237 cor-

307 2271 401 2294 ruens
422 2256 572 2304 dispicere
584 2265 753 2301 coeperunt
777 2254 817 2287 de
843 2253 1015 2287 succeffore
1029 2254 1062 2284 in

308 2309 494 2356 imperium.
522 2309 557 2340 In
572 2305 680 2339 medio
696 2304 843 2337 locatum
866 2301 909 2335 est
922 2300 1039 2335 solium
1052 2323 1062 2339 ,

307 2357 472 2396 diadema,
489 2359 520 2391 &
539 2354 633 2391 vestis
646 2354 733 2400 regia
751 2350 949 2387 eAlexandri‘.
987 2352 1062 2382 Per-

306 2407 397 2441 diccas
407 2431 418 2446 ‚
428 2418 527 2454 quem
542 2403 734 2439 eAlexander
748 2401 805 2436 sibi
817 2400 990 2435 tradiderat
1001 2411 1060 2433 an-

305 2457 420 2491 nulum
435 2480 444 2495 ,
467 2459 559 2501 juxta
580 2453 725 2489 diadema
746 2453 777 2485 in
797 2451 879 2486 solio
890 2448 1063 2497 deposuit3

303 2503 390 2554 quasi
410 2504 474 2553 ipse
491 2503 548 2539 ase
567 2505 601 2537 in
620 2504 719 2537 alium
738 2502 889 2549 quemvis
903 2497 1062 2548 guberna-

302 2558 403 2591 tionis
421 2566 504 2589 onus
522 2552 651 2587 lubenti
668 2553 780 2586 animo
801 2551 960 2594 rejiceret.
987 2547 1061 2582 Post

303 2607 442 2641 multam
468 2602 735 2638 deliberationem
756 2625 766 2641 ,
792 2598 887 2634 suasit
905 2596 1064 2631 ‘Perdiccas

305 2656 470 2703 expectare
481 2663 605 2700 partum
619 2655 758 2685 Roxanes
770 2674 780 2688 ‚
810 2661 910 2696 quam
930 2647 1000 2695 post
1013 2647 1062 2681 bi-

307 2705 421 2739 mestre
439 2703 596 2738 edituram
614 2698 759 2747 sperabat
772 2710 892 2731 marem
906 2721 915 2736 ‚
944 2698 996 2730 cui
1009 2709 1063 2741 pa⁷

309 2757 366 2789 tris
379 2753 495 2788 solium
511 2751 690 2785 traderetur
701 2762 710 2788 ς
722 2752 752 2781 ὃ(
766 2748 882 2781 interea
896 2758 950 2792 per
961 2746 1062 2786 ’θαμε-

310 2803 400 2839 mee
425 2805 603 2840 Curat-ores
629 2796 845 2832 administrari
870 2794 1065 2840 Rempubli-

311 2866 394 2887 cam.
422 2847 576 2886 Nearchus
588 2862 648 2896 pro
663 2849 793 2882 Hercule
811 2858 908 2893 quem
927 2855 998 2878 ante
1009 2857 1064 2878 an-

313 2915 373 2936 nos
390 2901 541 2936 undecim
559 2900 673 2943 Barsine
691 2897 860 2932 Memnonis
877 2894 974 2929 vidua
985 2893 1065 2928 Ale-

312 2951 421 2984 xandro
437 2956 621 2997 pepereras,
648 2947 744 2982 verba
763 2944 840 2979 fecit
865 2960 873 2978 :
901 2944 1066 2978 Ptolomeus

315 3014 374 3046 pto
395 2997 600 3034 Aristocratifi
621 2998 849 3045 primariorum
868 2994 986 3028 ducum
1013 2992 1064 3027 di—

315 3051 370 3081 xit.
396 3049 458 3082 Sed
481 3047 583 3094 prcffit
603 3046 781 3082 Aristander
806 3043 980 3080 Alexandri
995 3039 1065 3076 sen—

317 3098 620 3132 tcntiam‚annulum
635 3096 770 3130 Perdicca
781 3094 938 3128 tradentis
948 3097 979 3128 &
990 3104 1063 3126 cum

316 3156 357 3178 eo
377 3146 553 3190 imperium.
590 3149 679 3181 Dum
702 3146 798 3180 multi
818 3154 969 3191 urgerent
987 3144 1065 3175 ‘Per-

318 3193 423 3227 diccam
434 3204 467 3227 ut
481 3195 637 3230 annulum
651 3197 751 3232 vellet
762 3194 922 3230 resumere
933 3216 942 3231 ‚
956 3194 980 3227 is
994 3203 1065 3227 mo-

1006 99 1490 141 HxsTontct

1090 171 1224 208 destiam
1237 174 1372 213 nimiam
1385 175 1755 222 fimuians1‚*t-antc1m‚ut
1766 180 1840 225 plus

1090 235 1275 274 urgeretur,
1294 237 1331 262 ex
1341 225 1464 259 ducum
1475 224 1616 266 consessu
1625 227 1843 275 surgens'tur-

1091 272 1137 326 13ae
1150 278 1177 306 le
1192 273 1388 311 immiscuit,
1410 274 1499 322 quast
1513 277 1625 321 procul
1635 275 1651 311 a
1661 278 1783 312 throno
1796 291 1848 312 re-

1090 323 1229 369 fugiens.
1264 326 1300 358 In
1321 325 1531 361 cunctatione
1551 325 1708 376 Meleager
1734 329 1847 362 multis

1091 372 1198 405 verbis
1217 373 1332 408 acerbe
1357 376 1390 407 in
1414 374 1577 408 Perdiccam
1598 375 1785 416 invehitur,
1811 387 1848 410 ut

1089 421 1198 467 Regni
1210 420 1338 469 fastigio
1349 425 1491 458 omnino
1504 424 1694 470 indignum:
1719 424 1846 461 suadet-

1089 480 1156 524 ¹que
1170 481 1202 502 ut
1213 470 1242 504 se
1253 471 1463 519 sequerentur
1473 475 1593 508 milites
1603 474 1641 508 ad
1649 474 1847 522 diripiendos

1093 522 1127 551 δε
1139 530 1221 553 inter
1231 518 1261 553 se
1278 523 1465 567 partiendos
1478 522 1653 557 Alexandri
1667 523 1857 565 thesauros„

1092 578 1127 601 ut
1144 566 1232 602 suam
1251 569 1474 609 haereditatem
1488 596 1498 611 ,
1527 574 1749 620 meritumque
1768 573 1852 609 suo»

1092 629 1163 652 rum
1176 618 1345 660 laborum,
1359 624 1394 654 v&
1408 619 1570 668 sanguinis
1585 624 1768 668 praemium.

1137 669 1229 702 Dum
1242 668 1397 719 Meleager
1416 682 1490 704 cum
1510 670 1601 704 turbii
1611 671 1797 718 sequacium
1808 673 1850 708 ad

1089 715 1446 771 tliesauros'digreditur
1457 744 1466 757 ‚
1488 722 1653 768 gregarius
1666 722 1800 769 quidam
1812 726 1847 757 δε

1091 769 1278 815 incognitus
1303 770 1396 807 miles
1410 795 1434 809 ‚⁷
1452 771 1600 804 oratione
1621 773 1711 819 gravi
1734 770 1851 807 suadet

1092 817 1224 870 eAridee
1236 842 1247 857 ‚
1261 814 1385 866 Philippi
1395 821 1535 866 patris&
1547 819 1722 855 Alexandri
1736 820 1850 856 fratris.

1092 866 1333 919 imponendum
1345 868 1499 902 diadema.
1526 872 1562 903 ln
1573 882 1649 904 eum
1663 869 1769 906 statim
1781 873 1849 906 mi-

1090 912 1187 948 litum
1198 916 1298 949 vertit
1307 915 1399 949 favor
1409 939 1420 955 ‚
1445 919 1601 969 Meleager
1611 921 1658 954 nil
1676 922 1739 955 tale
1752 922 1849 969 cogi-

1090 974 1216 998 tantem
1236 967 1390 1008 juvenem
1416 966 1545 1001 accersit
1566 991 1576 1006 ‚
1604 967 1689 1014 regia
1710 970 1794 1005 veste
1813 975 1849 1006 δε

1091 1012 1270 1053 diademate
1280 1015 1386 1049 induit
1397 1038 1406 1051 ‚
1415 1027 1452 1049 ac
1464 1016 1609 1050 collocat-
1618 1018 1653 1051 in
1663 1015 1759 1053 solio.
1778 1021 1854 1053 Pri-⁷

1091 1065 1199 1097 mariis
1218 1064 1356 1099 ducibus
1371 1063 1517 1111 displicet
1527 1066 1667 1106 electio,
1692 1067 1748 1102 etsi
1760 1058 1856 1106 enim:

1093 1113 1223 1152 Arideus
1236 1113 1373 1151 bonae&
1387 1114 1475 1149 celsae
1495 1112 1568 1149 satis
1579 1117 1700 1150 indolis
1720 1116 1761 1151 ab
1775 1128 1859 1152 ute-¹

1094 1174 1130 1196 ro
1143 1160 1249 1197 fuisset
1268 1187 1277 1203 ,
1307 1162 1486 1211 Olympiadis
1506 1171 1620 1200 'tanton
1648 1165 1849 1213 pharmacis,

1094 1211 1186 1259 quod
1196 1225 1273 1247 eum
1286 1225 1324 1246 ex
1337 1212 1442 1248 scorto
1455 1210 1570 1248 Phileni
1580 1213 1738 1262 ‘Philzppm
1749 1215 1852 1251 sustu-2

1094 1260 1176 1297 lisset
1185 1288 1194 1301 ,
1205 1263 1251 1296 ita
1262 1274 1373 1298 mente
1384 1275 1449 1297 erat
1460 1265 1676 1303 alienatus‚‘ut
1688 1265 1853 1311 stupidioss

1095 1314 1121 1347 ri
1131 1323 1204 1346 tum
1223 1312 1300 1346 esset
1316 1313 1452 1360 ingenio
1465 1338 1474 1352 ‚
1495 1312 1591 1360 quam
1604 1315 1693 1361 quod
1707 1314 1746 1348 ad
1768 1317 1853 1350 tanti

1096 1362 1224 1410 imperii
1255 1373 1341 1396 onus
1377 1360 1547 1397 ferendum
1583 1362 1657 1398 esset
1682 1364 1855 1400 idoneum.

1098 1413 1189 1446 Dum
1202 1410 1242 1445 de
1252 1423 1292 1445 eo
1306 1410 1402 1445 duces
1413 1424 1449 1446 ac
1462 1413 1581 1447 milites
1595 1412 1806 1454 altercantur,
1818 1418 1854 1450 &

1099 1459 1164 1508 ipse
1176 1461 1314 1508 insignia
1326 1461 1436 1508 Regni
1450 1474 1574 1507 pararet
1592 1463 1755 1510 deponere
1766 1489 1776 1504 ‚
1802 1467 1854 1498 in-

1097 1522 1144 1545 ter
1155 1521 1262 1557 partes
1279 1511 1387 1544 volare
1401 1511 1563 1557 incipiunt
1571 1512 1654 1551 tela;
1682 1511 1754 1559 post
1766 1515 1857 1547 mul-

1096 1571 1208 1594 torum
1229 1559 1359 1594 vulnera
1386 1557 1426 1593 fit
1451 1559 1628 1594 concordia
1653 1573 1689 1595 ut
1708 1562 1856 1597 «Arideus

1098 1608 1193 1644 simul
1211 1613 1242 1643 &
1257 1611 1394 1643 Roxanes
1404 1620 1510 1656 partus
1521 1635 1531 1650 ,
1548 1609 1575 1644 st
1584 1608 1668 1644 foret
1681 1609 1768 1645 filius
1780 1635 1790 1651 ,
1803 1624 1857 1646 re·—

1097 1670 1254 1708 gnarent;
1274 1657 1407 1706 ipsisque
1418 1671 1456 1693 ex
1465 1659 1603 1694 ducibus
1612 1658 1769 1695 darentur
1780 1673 1860 1708 pro-

1097 1710 1256 1748 ῖεέὶοῐεε,
1275 1710 1309 1743 in
1320 1708 1414 1752 hujus
1432 1707 1568 1743 infantia
1579 1713 1609 1743 &
1621 1709 1860 1745 illiusinfirmi-

1098 1770 1174 1793 tate.
1200 1758 1273 1792 Hac
1289 1757 1373 1792 nihil
1390 1756 1538 1793 obstante
1549 1772 1646 1806 pace,
1661 1759 1862 1810 Mleagri&

1101 1807 1238 1843 Perdicca
1264 1807 1439 1843 exaestuant
1464 1809 1516 1843 irae
1537 1822 1545 1842 :
1579 1807 1620 1842 ab
1646 1808 1711 1844 hoc
1735 1812 1858 1858 equites

1101 1859 1142 1893 ab
1172 1858 1231 1892 illo
1255 1858 1379 1904 pedites
1397 1856 1521 1892 stabant
1545 1869 1554 1890 t
1589 1858 1722 1892 eArideo
1748 1857 1861 1893 suadet

1101 1910 1257 1958 Meleager
1274 1919 1309 1942 ut
1329 1908 1473 1943 mitteret
1490 1907 1546 1954 qui
1565 1907 1731 1942 Perdiccam
1749 1920 1861 1942 accer-

1104 1957 1207 1993 serent
1219 1982 1227 1994 ‚
1241 1961 1274 1992 &
1293 1959 1480 1991 venientem
1494 1959 1527 1990 in
1545 1955 1594 1991 vizi
1604 1968 1766 1992 necarent.
1794 1960 1865 1990 Per-

1062 2008 1064 2011 ’
1104 2008 1193 2043 dictas
1204 2006 1351 2049 satellites
1363 2007 1400 2040 ad
1413 2004 1441 2040 se
1451 2005 1716 2053 prehendendum
1729 2007 1866 2041 venien·-

1107 2070 1156 2101 tes
1168 2055 1276 2093 vultus
1295 2056 1501 2101 majestate&
1518 2057 1676 2090 orationis
1695 2058 1725 2090 vi
1745 2067 1867 2102 perter-

1108 2120 1179 2143 rens
1190 2131 1200 2146 ,
1216 2107 1256 2140 ad
1267 2109 1431 2140 Leonatum
1451 2117 1534 2140 extra
1547 2107 1669 2139 moenia
1679 2117 1752 2138 curn
1763 2105 1866 2151 copiis

1109 2156 1312 2205 equestribus
1326 2153 1480 2202 perfugit,
1508 2153 1685 2187 Obsidetur
1696 2153 1867 2201 abequiti-

1111 2206 1171 2240 bus
1190 2205 1265 2238 urbs
1283 2208 1317 2237 &
1336 2203 1422 2236 farne
1432 2204 1609 2248 premitur,
1626 2202 1676 2237 sed
1690 2214 1767 2236 mox
1784 2203 1867 2237 coiit

1108 2266 1169 2301 pax
1182 2264 1217 2286 ut
1228 2264 1304 2286 cum
1317 2250 1450 2284 Perdiccas
1458 2255 1489 2284 ἃ
1503 2254 1633 2290 Leonato
1644 2251 1801 2303 Meleager
1811 2252 1866 2286 ad-

1105 2307 1295 2348 jungeretur
1304 2303 1417 2335 tertius
1429 2301 1568 2347 Reipub.
1579 2301 1788 2349 gubernator.
1816 2302 1866 2335 Ex

1110 2351 1246 2384 Perdicca
1260 2351 1371 2384 amicis
1384 2350 1516 2398 quidam
1534 2355 1599 2395 ejus
1616 2351 1768 2399 infligam
1786 2352 1867 2385 Me-

1109 2400 1238 2450 leagrum
1248 2399 1468 2446 indignantur.
1496 2400 1637 2434 Perdicca
1650 2411 1864 2448 exaequatum,

1111 2454 1143 2484 δε
1156 2448 1306 2498 Meleagri
1332 2451 1487 2496 imperata
1507 2448 1708 2485 recusaturos
1722 2450 1753 2484 se
1764 2448 1867 2495 profi-

1112 2511 1243 2534 tentur:
1269 2498 1374 2533 furere
1392 2501 1547 2549 Meleager
1561 2523 1570 2538 ‚
1592 2501 1729 2533 clamare
1751 2498 1868 2544 prodi-

1111 2551 1236 2584 tionem
1253 2547 1335 2582 hanc
1353 2547 1412 2582 effe
1424 2551 1518 2582 unius
1538 2559 1611 2582 ante
1628 2549 1708 2581 alios
1721 2547 1867 2582 ‘Perdicca

1111 2610 1225 2634 contra
1249 2599 1340 2643 paconi
1369 2608 1530 2632 conventa
1556 2596 1684 2644 perfidi.
1720 2597 1867 2633 Perdiccas

1111 2647 1173 2682 alte
1186 2645 1404 2686 dissimulare;
1426 2659 1598 2694 pernegare
1619 2659 1755 2681 omnem
1775 2646 1866 2681 suam

1111 2697 1344 2732 conscientiam
1359 2693 1521 2730 fastorum
1532 2697 1547 2730 ιὶ
1559 2696 1736 2731 rebellibus
1745 2720 1756 2736 ‚
1768 2693 1868 2729 offer-

1112 2759 1144 2781 re
1158 2746 1312 2781 sinceram
1335 2745 1422 2779 suam
1445 2758 1575 2793 operam
1598 2758 1631 2780 ut
1648 2747 1736 2780 luant
1750 2757 1866 2778 omnes

1112 2796 1273 2842 capitibus
1306 2795 1579 2841 perduellionem.
1614 2797 1756 2828 Placatur
1787 2797 1866 2828 Me-

1111 2845 1208 2896 leager
1217 2870 1225 2884 ‚
1244 2846 1268 2879 is
1282 2848 1312 2878 &
1323 2845 1474 2879 Perdiccas
1484 2842 1671 2877 amicissime
1682 2841 1710 2876 se
1722 2844 1863 2878 invicem

1112 2893 1365 2940 amplectuntur.
1410 2894 1457 2928 Ut
1477 2894 1509 2926 in
1530 2891 1721 2942 fldeleagrum
1742 2905 1862 2927 contu·
1883 2904 2008 2935 Perdiccas

1112 2943 1236 2978 meliofi
1270 2941 1621 2988 comprehenderentur
1653 2943 1689 2976 ad
1710 2955 1861 2989 poenam,
1879 2947 1962 2986 perdrt
2033 2973 2035 2979 ,

1112 2990 1279 3039 persuadet
1299 2990 1443 3023 Perdiccas
1459 2989 1614 3025 exercitiis
1628 2992 1862 3026 lustrationem.
1885 2990 1983 3016 Melea·
2034 3027 2035 3030 Ἰ

1111 3043 1187 3076 Hoc
1198 3038 1333 3075 Perdicca
1349 3041 1466 3086 laqueo
1485 3042 1607 3087 capitur
1621 3054 1694 3075 cum
1706 3041 1862 3075 omnibus

1111 3089 1172 3126 suis
1190 3090 1368 3139 Meleager:
1394 3089 1469 3122 dum
1490 3092 1575 3124 enim
1596 3102 1685 3125 totus
1705 3092 1863 3125 exercitus

1112 3141 1203 3175 staret
1218 3142 1250 3174 in
1275 3140 1388 3176 armis,
1414 3151 1452 3172 eo
1471 3140 1584 3174 ordine
1603 3145 1634 3175 ὃ(
1655 3142 1753 3180 loco,
1781 3140 1862 3173 utin

1111 3192 1258 3239 equitum
1277 3188 1567 3236 &elephantorum
1580 3190 1724 3237 potentia
1741 3188 1860 3236 pedites

1780 3249 1862 3271 con-

1884 3040 1958 3058 “Taln-
