2048 3343
140 606 230 642 Pracifi
236 612 290 634 Na-

139 648 196 674 talu
205 658 288 674 mime-

140 697 163 713 rt
186 687 290 713 waltter-

140 726 277 754 mmabiles.

149 1834 273 1861 Sententia

149 1871 247 1908 diffiden
252 1890 261 1894 -

150 1915 190 1939 tit?
198 1923 280 1939 recon-

151 1951 273 1980 ctlzabiles.

300 103 338 139 3²·
664 78 959 117 OPERIS

298 157 402 203 cipum,
417 151 660 189 anachronifinus
670 151 726 185 erit
740 162 890 184 annorum
904 149 986 184 mille
1000 150 1055 183 du-

298 217 460 240 centorum
477 228 485 243 ,
512 204 551 236 ita
571 212 603 235 ut
623 213 727 235 verum
746 198 837 233 fuerit
851 197 944 245 usque
958 198 994 232 ad
1007 211 1056 232 an-

300 268 373 291 num
382 252 498 287 Christi
510 250 702 285 millesimum
717 248 954 283 ducentefimurn
963 248 1057 282 Chri-

302 304 381 338 stum
395 301 469 335 nihil
483 299 540 334 esse
554 299 685 347 passum,
711 298 776 342 imo
792 310 849 331 nec
864 309 968 332 natum
982 295 1057 336 effe,

303 354 436 398 ideoque
452 348 556 384 falsum
573 348 616 382 est
631 359 733 382 totuin
742 348 868 381 Novum
876 347 1058 381 Testamen-

303 412 380 435 tum.
407 401 483 433 Haec
497 398 561 433 sunt
577 399 720 444 dogmata
734 409 800 443 quae
813 396 979 430 Pontifices
989 397 1058 429 Ro-

304 450 386 483 mani
398 449 493 495 palam
507 461 541 482 cx
557 446 699 481 cathedra
715 446 828 479 docent
841 470 850 484 ‚
878 446 989 493 quibus
1003 444 1058 476 do-

305 498 425 532 &issimi
439 494 614 531 Cardinales
629 495 871 542 patrocinantur,
886 507 952 540 qua:
960 490 1058 538 Jesui-

305 559 341 582 tae
354 545 503 585 excusant,
518 558 551 579 ut
566 546 646 592 parvi
660 544 811 578 momenti
825 541 998 580 πεξαωέριροέκ·

308 590 309 593 “
390 597 507 630 iaximo
525 594 587 628 hoc
606 595 757 627 Romanae
771 588 911 624 Ecclesia?
925 594 956 623 δέ
978 601 995 622 1.
1006 602 1058 622 xx.

306 649 508 692 Interpretum
522 646 559 677 de
572 654 653 676 anno
666 640 772 674 mundi
785 638 887 671 natalis
896 636 1058 686 sphalmate

308 693 446 730 desunffi
464 719 473 733 ,
496 689 636 740 proxime
651 689 838 735 inquiramus
853 686 891 720 de
909 700 983 722 vero
1004 687 1058 720 illo

307 757 389 778 anno
403 742 500 777 fausto
514 746 544 775 &
565 738 644 772 felici
664 762 672 774 ,
700 749 764 784 quo
780 736 817 771 de
832 737 907 770 caelo
920 737 952 770 in
966 747 1059 770 terras

307 791 458 828 descendit
471 790 642 824 clefborum
650 787 714 820 Dei
726 785 790 832 spes
801 790 830 819 δι
844 782 933 824 salus,
949 786 1012 818 Dei
1022 784 1059 817 fi-

306 844 362 876 lius
371 839 456 887 Jesus
471 838 622 872 Christus.
647 835 806 869 Hactenus
814 847 886 868 curn
897 837 1021 867 petavio
1030 846 1059 867 e-

305 890 409 937 jusque
422 888 471 922 hic
485 886 607 935 sequaci
619 884 792 933 Spanhemio
800 883 920 931 aliisque
932 881 1060 917 consen-

306 941 401 973 timus
415 948 430 975 ,’
444 950 507 971 non
521 934 578 970 effe
591 934 840 969 contendendum
856 934 893 967 de
906 932 1035 967 definito
1051 957 1060 971 ‚

307 988 511 1022 determinato
523 1010 532 1025 ‚
548 990 579 1019 &
593 981 716 1031 praeciso
731 994 873 1029 tempore
886 1006 894 1018 ‚
921 983 1060 1028 quando-

308 1038 433 1084 quidem
447 1038 528 1070 enim
542 1035 608 1068 Dei
622 1032 738 1080 spiritus
751 1034 781 1066 in
790 1031 888 1066 verbo
897 1030 1008 1078 scripto
1018 1031 1060 1065 rei

308 1086 363 1134 ipsi
377 1088 509 1119 intentus
522 1085 538 1118 a
551 1081 781 1118 circumstantiis
795 1082 834 1115 ita
847 1080 1008 1120 abstrahit,
1029 1091 1061 1114 ut

309 1133 517 1182 superstitiose
530 1134 566 1167 de
580 1131 722 1179 ipsissimo
737 1144 836 1170 anno,
856 1129 975 1170 mense,
994 1130 1059 1168 die,

312 1189 343 1219 &
357 1184 433 1218 liorfi
446 1183 530 1217 istius
551 1181 709 1216 felicissimi
724 1180 824 1227 partfis
838 1180 1062 1228 inquirentibus

312 1247 377 1269 non
398 1231 493 1268 faveat
510 1245 566 1266 nec
580 1231 652 1265 velit
671 1228 860 1270 ffitisfacere3
886 1228 1001 1264 neceffe
1021 1228 1064 1262 est

312 1280 489 1328 scrupulosae
509 1281 599 1314 nimis
612 1284 642 1314 δι
656 1280 748 1313 anxia:
762 1279 925 1317 bominum
939 1277 1064 1312 curiosi-

313 1333 366 1366 tati
385 1331 509 1365 fibulam
523 1327 716 1363 insolubilem
734 1329 914 1375 imponere:
938 1327 1008 1362 cum
1021 1337 1065 1360 ta-

313 1394 386 1415 men
398 1381 434 1414 ad
447 1381 574 1414 laxiores
589 1380 619 1412 in
632 1378 780 1423 temporis
789 1376 1011 1412 circumstantia
1018 1389 1065 1410 er-

315 1443 402 1464 rores
415 1430 577 1469 cavendos,
591 1428 713 1475 exprefli
727 1425 790 1461 satis
804 1427 992 1462 chara&eres
1004 1437 1065 1460 tam

314 1480 345 1513 in
370 1480 435 1513 Dei
462 1478 559 1513 verbo
585 1478 677 1524 quam
703 1475 903 1521 scriptoribus
927 1476 1064 1510 humanis

313 1535 491 1575 appareant,
512 1528 668 1562 utiliorem
681 1525 780 1559 multo
795 1529 826 1560 &
839 1525 926 1560 laude
941 1526 1064 1573 dignio-

313 1591 377 1611 rem
399 1587 536 1623 putamus
560 1571 668 1611 eorum
687 1587 812 1622 operam
827 1599 837 1614 ‚
870 1575 924 1623 qui
945 1576 1065 1609 labores

312 1627 381 1661 suos
395 1625 558 1660 conferunt
573 1625 609 1658 ad
622 1624 862 1672 indagnandam,
886 1624 979 1672 quim
992 1636 1064 1671 pro-

312 1675 394 1710 xime
406 1676 535 1711 inveniri
549 1673 668 1722 potest,
685 1675 861 1713 veritatem,
888 1674 979 1721 quam
993 1672 1066 1707 isto-

313 1739 380 1760 rum
394 1726 446 1772 qni
459 1736 532 1760 toto
546 1724 661 1773 ingenii
675 1722 739 1758 nisu
755 1723 923 1758 allaborant
934 1748 944 1764 ,
972 1733 1005 1758 ut
1018 1724 1064 1757 ni—

314 1775 357 1809 hil
370 1777 502 1810 omnino
515 1775 565 1809 hic
578 1775 654 1809 certi
666 1773 842 1822 reperiatur.

368 1825 561 1859 Conantium
576 1822 687 1859 fervori
703 1822 843 1871 frigidam
858 1822 924 1857 imo
937 1822 1066 1870 gelidam

317 1872 474 1913 suffundit,
489 1875 637 1907 maximus
651 1875 680 1906 in
694 1873 756 1907 hoc
769 1874 887 1920 punfto
900 1873 1069 1907 ἀοξὶοηιιῃ

317 1919 468 1957 diffensus.
481 1922 626 1956 Testatur
640 1923 781 1964 Calvistus
793 1921 934 1970 isagoges
949 1935 997 1967 27.
1011 1934 1069 1955 no-

317 1971 389 2006 tasse
402 1972 589 2005 fredericum
602 1972 814 2015 Husmanmtm
833 1984 897 2006 non
912 1972 1070 2018 pauciores

317 2021 513 2069 quadraginta
526 2019 650 2055 diversas
663 2019 840 2061 sententias,
859 2026 891 2057 δι
904 2020 973 2068 post
986 2019 1071 2064 Hufi

318 2075 423 2103 manna·
440 2071 502 2105 dies
518 2071 619 2104 mulrae
632 2083 717 2105 novae
730 2081 855 2118 repertae
869 2069 944 2105 sunt.
978 2072 1070 2104 Atta-

318 2132 390 2153 men
402 2119 466 2153 haec
479 2119 694 2153 discordiarum
702 2131 821 2166 vepreta
829 2121 966 2155 virorum
981 2120 1070 2153 indu-

319 2166 463 2200 striorum
477 2169 596 2201 animos
609 2169 646 2201 ab
659 2169 766 2202 itinere
780 2170 991 2204 continuando
1005 2181 1069 2202 non

319 2216 467 2249 divertent
482 2230 492 2256 3
524 2217 606 2250 certe
630 2228 899 2263 quantumcunque
924 2219 1000 2250 latus
1025 2216 1069 2249 est

320 2264 699 2311 Chronologorumhiciu
707 2263 884 2310 quibusdam
892 2274 1068 2309 temporum

318 2311 542 2347 characteribus
555 2311 709 2351 diffensus,
729 2324 831 2346 tamen
844 2314 922 2347 inter
933 2311 1068 2346 (1οᾶὶὶΗὶ-

318 2374 389 2395 mos
416 2363 447 2394 in
466 2361 623 2408 >aliquibus
649 2361 873 2395 charafieribus
903 2371 1001 2394 tantus
1025 2359 1068 2393 est

319 2408 495 2450 consensus,
517 2411 562 2445 vel
576 2421 655 2444 tanta
668 2409 822 2444 consensui
835 2410 1064 2458 propinquitaS‚

318 2471 351 2494 ut
366 2459 386 2492 Γι
399 2461 489 2507 periti
504 2458 587 2499 satis,
614 2458 740 2506 satisque
753 2461 915 2507 prudentes
928 2464 959 2494 &
972 2460 1066 2493 benc-

318 2509 381 2544 voli
395 2510 536 2543 darentur
549 2508 668 2548 arbitri,
684 2510 897 2544 reconciliatio
910 2507 1067 2555 desperan-

319 2559 354 2592 da
373 2570 438 2607 non
461 2559 608 2592 videatur.
655 2559 709 2592 De
728 2558 850 2605 longius
869 2558 1067 2593 delirantibus

319 2620 382 2641 non
397 2609 525 2655 loquor,
552 2608 605 2654 qui
617 2608 757 2642 Natalem
772 2608 845 2641 totis
859 2609 964 2655 viginti
977 2611 1008 2642 &
1021 2605 1067 2640 su-

320 2669 372 2702 pra
380 2659 463 2690 annis
476 2657 584 2704 figunt,
593 2656 625 2689 hi
638 2656 725 2690 citius
739 2657 781 2689 illi
795 2656 906 2690 tardius
920 2657 987 2695 aer5,
1003 2656 1067 2690 vul-

322 2707 383 2751 gari
394 2707 467 2740 :Sed
482 2705 643 2754 postquam
651 2705 783 2753 Josephus
796 2707 923 2754 Scaltger
935 2705 1068 2740 divinum

321 2753 403 2788 suum
417 2756 573 2802 ingenium
586 2755 621 2788 ad
634 2765 774 2800 tempora
782 2754 967 2788 emendanda
975 2766 1068 2800 appu-

321 2804 355 2837 lit
369 2828 378 2841 ,
404 2806 490 2849 pauci
507 2803 571 2838 sunt
585 2803 655 2838 vere
669 2803 836 2837 dotffmrum
849 2804 944 2838 velex
959 2806 1068 2837 Prote-

321 2852 465 2887 stantibus
478 2854 524 2887 vel
540 2852 708 2887 Pontificiis
722 2877 733 2892 ‚
759 2854 812 2899 qui
825 2854 855 2886 in
867 2853 953 2887 variis
966 2852 1067 2886 chara·

323 2903 455 2936 &teribus
468 2904 515 2937 vel
528 2903 660 2936 omnino
673 2914 738 2935 non
750 2901 949 2941 consentiant,
962 2902 1007 2937 vel
1020 2902 1066 2934 ul-

321 2961 365 2983 tra
384 2964 495 2984 annum
520 2962 570 2985 aut
594 2951 751 2984 biennium
771 2948 872 2985 saltem
892 2951 1066 2998 quinquen-

323 3000 406 3032 nium
421 2999 568 3034 differant.
611 3003 644 3033 In
658 2998 835 3047 quibusdam
855 3000 983 3048 quidem
997 2999 1067 3034 cha-

323 3048 498 3087 merei-ibus,
512 3049 649 3095 inprimis
663 3051 692 3082 in
706 3049 790 3082 annis
803 3049 1069 3095 mundi&Olym-

322 3095 446 3140 piadicis
460 3097 547 3130 latior
561 3098 603 3130 cst
617 3096 826 3144 discrepantia,
839 3099 888 3133 sed
902 3098 965 3133 haec
980 3099 1024 3132 ob
1039 3111 1068 3132 a-

323 3144 436 3178 liorum
449 3157 665 3191 computorum
679 3147 886 3184 dissonantiam
899 3148 1067 3196 contingit,

1030 75 1475 114 H13TOR1c1

1093 160 1158 195 quae
1171 147 1253 183 illam
1266 159 1326 194 prae
1338 147 1478 181 manibus
1491 159 1556 183 non
1570 148 1693 196 speetat.
1720 152 1815 187 Certe
1830 152 1850 185 fi

1093 197 1179 245 quod
1200 197 1314 244 incepit
1342 200 1372 231 δι
1395 197 1527 234 multum
1547 201 1704 244 promovit
1722 203 1851 249 Scaliger

1094 246 1214 293 periodi
1235 247 1363 294 Julianae
1392 245 1628 281 instrumentum
1655 249 1851 294 perficeretur

1096 296 1251 342 (inprimis
1267 308 1303 329 ex
1317 296 1434 329 calculo
1449 308 1592 330 motuum
1606 296 1787 338 coelestium,
1798 302 1852 346 qui

1095 346 1125 377 in
1141 343 1168 378 se
1181 356 1279 378 certus
1297 357 1329 378 ac
1345 342 1575 393 irrefragabilis,
1605 345 1790 392 istarumque
1805 360 1853 382 re-

1095 405 1162 425 rum
1173 395 1277 438 peritis
1293 395 1416 428 inventu
1425 407 1489 428 non
1497 394 1693 429 difficillimus
1709 399 1852 442 apparet)

1095 442 1235 487 adeoque
1243 454 1394 476 annorum
1402 443 1439 477 ab
1449 444 1538 477 initio
1546 446 1659 478 Mundi
1666 445 1701 478 acl
1711 443 1769 478 sera
1780 445 1852 492 post

1094 490 1159 523 haec
1181 491 1276 524 secula
1298 503 1461 539 computus
1475 494 1659 527 unanimitus
1676 493 1852 528 absolvere*

1095 549 1143 572 tur
1160 563 1169 577 ‚
1196 552 1385 588 quaecunque
1397 541 1446 574 hic
1459 543 1506 577 vel
1521 542 1591 576 alibi
1605 544 1787 590 plerumque
1805 544 1853 577 in-

1095 599 1140 622 ter
1154 588 1384 636 Chronologos
1404 588 1469 624 stint
1490 591 1556 624 lites
1569 616 1579 632 ‚
1606 593 1637 624 in
1652 593 1852 626 concordiam

1095 649 1159 671 non
1174 637 1337 673 difficulter
1350 637 1562 674 coalescerent.

1156 689 1256 734 Qod
1271 688 1331 722 dixi
1344 688 1382 722 de
1397 690 1526 735 partium
1541 701 1733 737 nequaquam
1746 689 1850 724 infini-
1867 699 1985 725 partium

1095 734 1125 768 tzi
1139 736 1286 771 discordia
1294 761 1303 777 ‚
1317 737 1503 785 singulorum
1516 737 1677 773 sententias
1690 737 1850 786 inspicien-
1861 738 1995 775 sementia.

1095 784 1118 817 ti
1132 785 1258 831 patebit.
1290 787 1337 820 Ex
1352 788 1454 821 multis
1468 788 1514 822 hae
1525 786 1591 822 sunt
1605 789 1762 836 primariae.
1780 791 1851 823 Sca·
1867 795 1990 832 Scaligeri.

1096 833 1183 880 liger,
1198 835 1340 878 Calvifius
1348 840 1378 870 &
1386 838 1531 870 Helvicus
1546 839 1674 872 natalem
1688 849 1807 884 ponunt
1820 840 1852 873 in

1096 895 1177 917 anno
1190 885 1297 918 mundi
1310 895 1356 917 ter
1364 884 1524 919 millesimo
1532 886 1766 934 nongentesimo
1778 901 1851 935 qua-

1097 932 1267 980 dragesimo
1288 931 1419 980 septimo
1434 959 1444 974 ‚
1470 935 1593 969 Periodi
1608 937 1734 983 Julianae
1747 948 1853 984 quater

1098 981 1260 1015 millesimo
1273 980 1540 1029 septingentesimo
1555 985 1721 1018 undecimo
1735 997 1744 1024 ;
1764 985 1849 1021 Coss.

1097 1034 1135 1065 L.
1147 1029 1274 1075 Cornelio
1287 1034 1410 1066 Lentulo
1423 1037 1454 1068 &
1467 1034 1553 1069 em.
1562 1035 1673 1067 Valerio
1687 1034 1852 1078 ὦζε-ψαί-

1097 1094 1149 1116 770,
1171 1082 1266 1115 Urbis
1281 1082 1411 1116 conditae
1424 1081 1692 1130 septingentesimo
1706 1084 1854 1131 quinqua-

1099 1129 1215 1177 gesimo
1229 1144 1238 1171 3
1268 1131 1469 1166 Nabonaffari
1491 1131 1759 1180 septingentesimo
1779 1145 1854 1180 qua-

1100 1179 1268 1226 dragesimo
1282 1182 1408 1227 quint03
1428 1183 1569 1229 JuHano,
1594 1181 1642 1216 seu
1655 1195 1736 1216 anno
1749 1194 1856 1217 emen-

1100 1228 1159 1262 dati
1176 1229 1191 1262 εἰ
1206 1229 1284 1275 Jnlz'o
1303 1231 1476 1265 Calendarii
1496 1231 1725 1279 quadragesimo
1738 1233 1830 1266 tertio
1843 1256 1854 1271 ,

1101 1277 1262 1326 Augustali
1274 1276 1322 1313 seu
1336 1278 1352 1313 a
1368 1281 1447 1314 caede
1459 1283 1530 1314 Iulii
1548 1280 1777 1328 quadragesimo
1790 1282 1855 1327 pri-

1102 1341 1167 1367 mo,
1182 1327 1197 1362 :i
1210 1341 1309 1376 pugna
1323 1330 1449 1363 Actiaca
1467 1329 1615 1377 vigesimo
1629 1342 1715 1364 nono
1728 1344 1738 1370 3
1758 1333 1855 1365 Hm-

1102 1377 1144 1410 dis
1157 1378 1263 1425 Regni
1279 1378 1431 1413 tricesimo
1445 1380 1538 1413 tertio
1552 1379 1744 1414 &tricesimo
1759 1378 1854 1419 sexto,

1102 1428 1170 1463 vitae
1184 1424 1412 1475 septuagesimo.

1148 1476 1354 1523 Lansbergius
1371 1478 1401 1511 in
1415 1477 1497 1510 annis
1505 1477 1602 1511 Urbis
1615 1477 1835 1523 etiamJulianis
1845 1501 1855 1516 ‚
1871 1487 1992 1516 Lamber-

1100 1525 1166 1559 imo
1180 1530 1211 1560 ὃς
1224 1526 1426 1560 Nabonaffari
1439 1523 1590 1560 consentit
1605 1550 1614 1566 ‚
1641 1525 1689 1560 sed
1703 1524 1856 1573 Augusta·
1868 1530 1912 1565 gs'i.

1101 1576 1160 1609 lem
1175 1575 1190 1608 εὶ
1207 1574 1282 1623 Julii
1294 1575 1382 1610 caecle
1394 1573 1465 1609 facit
1479 1575 1739 1623 quadragesimum
1752 1575 1858 1610 secun-

1101 1624 1191 1664 dum,
1218 1637 1312 1658 unum
1326 1625 1468 1659 addendo
1478 1649 1488 1664 ,
1510 1624 1584 1658 ficut
1596 1625 1758 1659 Aciiacum
1774 1625 1857 1658 vice-

1102 1674 1209 1708 simum
1223 1675 1386 1714 ootavum,
1405 1687 1500 1708 unum
1514 1674 1667 1709 demendo
1677 1698 1685 1710 ‚
1705 1678 1856 1708 &annum

1102 1724 1206 1758 mundi
1219 1735 1264 1758 ter
1277 1723 1469 1759 millesimum
1484 1722 1752 1772 nongentesimum
1766 1724 1858 1771 quin-

1103 1773 1310 1822 quagesimum
1322 1799 1332 1815 ‚
1357 1786 1418 1809 tres
1431 1773 1582 1808 addendo.

1147 1824 1297 1858 Baronius
1313 1824 1343 1858 in
1353 1821 1539 1859 Consulibus
1548 1827 1579 1857 &
1587 1824 1671 1857 annis
1679 1822 1773 1858 Urbis
1781 1833 1857 1869 prae-
1870 1831 1982 1858 Baronii.

1104 1874 1156 1908 bet
1175 1886 1280 1908 manus
1292 1897 1302 1914 ,
1329 1874 1468 1921 Julianus
1487 1885 1557 1907 cum
1575 1871 1755 1921 Lansbergio
1775 1871 1858 1905 addit

1107 1936 1211 1958 unum.

1153 1974 1285 2008 Salianus
1299 1973 1390 2007 etiam
1404 1985 1500 2006 unum
1513 1970 1631 2006 tantum
1644 1970 1741 2009 addit,
1762 1970 1858 2004 Nata·
1871 1973 1975 2002 Saliam'.

1107 2023 1168 2056 lem
1186 2035 1310 2070 ponens
1328 2023 1359 2056 in
1379 2035 1462 2056 anno
1476 2021 1572 2056 Urbis
1592 2018 1858 2067 septingentesimo

1107 2072 1362 2120 quinquagesimo
1375 2073 1476 2118 primo
1488 2095 1498 2110 ,
1525 2070 1649 2117 Juliano
1667 2066 1858 2115 quadragesi-

1106 2135 1161 2156 mo
1176 2134 1297 2167 quarto,
1317 2120 1403 2154 Coss.
1415 2121 1553 2167 Augusto
1566 2118 1718 2151 decimum
1732 2116 1856 2149 tertium

1106 2177 1137 2206 δέ
1151 2172 1236 2207 eseli.
1245 2172 1362 2204 Plautio
1375 2171 1509 2214 Sylvano,
1518 2164 1676 2212 AugustaH
1689 2164 1856 2212 quadrage-

1105 2219 1182 2250 fimo
1196 2218 1338 2251 secundo.
1356 2219 1390 2248 In
1402 2216 1465 2258 aliis
1479 2214 1603 2262 quidem
1616 2213 1856 2248 CharaCteribus

1104 2266 1227 2311 longius
1242 2265 1320 2303 abir,
1340 2264 1487 2310 ponendo
1501 2275 1613 2296 annum
1626 2262 1738 2297 Mundi
1750 2273 1858 2309 quater

1104 2313 1296 2347 millesimum
1309 2311 1593 2360 quinquagesimum
1607 2310 1786 2350 secundum,
1806 2311 1858 2345 O-

1103 2361 1261 2409 lympiadis
1279 2361 1446 2396 centefimae
1465 2359 1666 2408 nonagesimae
1679 2361 1773 2395 tertiae
1794 2370 1856 2394 ter-

1103 2414 1179 2446 tium
1191 2425 1200 2452 3
1222 2411 1347 2445 Herodis
1359 2412 1425 2446 vitae
1438 2409 1686 2458 septuagesimum
1699 2411 1831 2456 primum
1843 2433 1854 2448 ‚

1103 2462 1206 2508 Regni
1218 2460 1293 2496 vero
1306 2459 1490 2495 tricesimum
1497 2457 1623 2500 sextum,
1632 2457 1854 2494 &tricesimum

1102 2523 1232 2545 nonum.

1159 2560 1338 2594 Torniellus
1359 2560 1390 2593 in
1403 2559 1487 2593 annis
1504 2557 1711 2606 Qabonaffizri
1728 2555 1855 2591 consen-

1104 2609 1150 2648 tit,
1163 2610 1194 2643 in
1207 2609 1290 2642 annis
1302 2607 1398 2643 Urbis
1412 2610 1575 2643 &Herodis
1588 2620 1652 2641 uno
1664 2617 1781 2642 tantum
1795 2602 1854 2639 dif—

1102 2656 1172 2698 fert,
1187 2656 1328 2692 faciendo
1345 2657 1414 2690 illos
1428 2655 1635 2705 septingentos
1649 2655 1853 2705 quinquagin-

1102 2718 1131 2740 ta
1144 2719 1239 2740 unum
1254 2720 1263 2747 3
1276 2710 1307 2741 &
1319 2706 1378 2740 hos
1391 2707 1513 2752 triginta
1526 2717 1667 2753 quatuor,
1675 2706 1796 2752 triginta
1809 2700 1853 2735 se-

1102 2767 1204 2802 ptem,
1225 2760 1256 2791 &
1270 2755 1418 2802 sexaginta
1437 2768 1552 2790 novem
1568 2771 1575 2790 :
1600 2757 1631 2789 in
1644 2755 1727 2788 annis
1739 2750 1851 2786 Mundi

1102 2807 1219 2838 Salmno
1235 2803 1380 2839 subtrahit
1393 2817 1486 2838 unum
1501 2829 1511 2844 ‚
1536 2801 1730 2838 numerando
1743 2812 1851 2848 quater

1103 2855 1186 2889 mille
1198 2854 1417 2901 quinquaginta
1430 2866 1534 2888 unum.
1625 2854 1627 2856 “

1159 2904 1312 2936 Henricus
1325 2902 1456 2948 Philippi
1474 2903 1506 2935 in
1525 2900 1633 2935 tabulis
1648 2898 1704 2933 suis
1717 2898 1850 2947 expansis
1866 2906 1976 2944 thlippi.

1101 2963 1213 2984 annum
1232 2951 1327 2985 Urbis
1345 2948 1641 2996 septingentesimum
1659 2951 1850 2996 quinquage-

1101 3000 1209 3034 simum
1229 3010 1369 3046 quartum
1380 3022 1390 3038 ‚
1420 2999 1575 3044 Julianum
1590 2998 1850 3047 quadragesimum

1101 3048 1215 3084 sextum
1227 3048 1312 3089 facit,
1342 3053 1373 3084 &
1385 3047 1471 3082 Coff.
1493 3051 1643 3082 Gladium
1656 3046 1789 3094 &sarem
1801 3049 1853 3092 ju—

1101 3100 1234 3138 niorem,
1249 3111 1282 3132 ac
1295 3101 1332 3131 L.
1342 3099 1520 3132 eAEmilium
1528 3100 1656 3134 Paulum
1669 3111 1764 3133 annos
1778 3109 1850 3145 qua-

1101 3159 1172 3184 tuor
1185 3146 1275 3184 seritis
1290 3145 1396 3188 sociis,
1423 3147 1607 3196 Olympiade
1621 3150 1711 3186 etiam
1726 3144 1851 3203 centeii:

1798 3206 1849 3229 ma

1869 2558 1984 2586 Tornielh.
