2048 3343
474 136 551 161 ET

217 198 322 234 deliras
335 220 346 235 ‚
366 192 453 229 facile
466 194 636 240 comparari
649 190 799 240 potuisset.
826 189 927 223 Prima
941 189 972 221 in

215 251 330 282 Suevos
345 249 375 279 &
384 247 530 279 Sarmatas
544 244 716 289 expeditio,
732 241 805 274 dum
818 238 868 271 hic
879 248 968 270 occu-

215 308 309 344 patur.
341 294 558 329 Marcomanni
571 290 787 326 Lombardiam
799 284 969 322 vastabant,

214 359 255 379 eo
270 347 381 379 Romae
394 354 512 377 terrore
527 341 628 378 illato,
649 350 681 372 ut
695 335 772 371 male
787 335 831 368 ob
844 333 971 367 cunffilxi-

213 397 333 430 tionem
342 395 378 428 de
391 392 556 426 Aureliano
569 390 768 435 loquerentur
781 408 790 423 ,
811 383 865 417 ubi
876 382 970 420 venit,

214 449 457 480 Marcomannos
465 439 574 474 delevit
585 438 655 471 licet
666 433 828 469 difficulter
835 456 843 469 ‚
857 444 926 466 nam
935 431 971 465 ad

214 493 398 529 Placentiam
414 501 531 525 tantum
544 500 608 521 non
625 485 668 520 est
681 485 784 518 astum
798 483 835 516 de
849 483 971 516 Roma-

214 545 279 582 nis,
297 543 370 577 hinc
385 542 521 575 Romam
541 535 686 570 accedens
700 533 814 567 multos
828 531 872 565 ob
886 542 971 564 mur-

214 605 300 627 mura
312 591 438 625 necavit.
463 592 496 622 In
511 588 631 634 oeAfiam
646 593 766 621 movet,
780 594 845 615 non
857 591 981 626 magno,

214 643 347 690 negotio
362 640 389 674 se
402 639 522 673 tradunt
534 635 711 684 provinciae‚
731 631 779 666 sed
792 643 862 665 cum
875 632 972 663 Zeno-

215 692 266 727 bisi
280 690 477 737 asperrimum
490 698 560 722 toto
573 686 620 719 die
635 693 787 717 certamen
801 678 858 713 fuit
873 703 882 718 ‚
905 689 972 712 tan-

215 743 287 776 dem
295 741 375 775 vieta
383 739 502 785 Regina
510 734 589 783 fugit
596 734 762 778 Palmyram
771 754 780 769 ,
794 729 891 776 quiex
900 730 972 762 Per-

217 790 255 825 fis
273 795 304 825 &
318 789 471 823 Saracenis
484 793 632 819 venerunt
652 781 767 815 auxilio
785 778 895 822 dejecit
910 779 973 810 Im-

219 850 358 886 perator:
372 837 458 870 omni
472 834 519 882 spe
527 831 648 882 praecisfi
656 829 734 878 fugit
744 829 866 875 ‘Regina
879 839 914 860 ex
923 837 974 858 iir-

219 890 260 923 be
273 885 371 923 versus
385 885 514 920 Persium
528 908 538 923 ‚
564 882 612 916 sed
625 881 663 914 ab
677 878 832 925 equitibus
847 876 974 910 retraeta

219 939 393 972 humaniter
405 935 443 969 ab
456 937 644 980 Imperatore
662 928 765 962 habita
778 925 822 961 est
835 940 842 960 :
869 923 974 972 postea

220 988 406 1022 rebellarunt
421 982 618 1030 Palmyraeni,
635 979 682 1012 sed
697 987 854 1012 accurrens
868 974 974 1007 Roma

220 1040 391 1083 Imperator
410 1031 497 1067 facilc*
515 1028 702 1077 compescuit
714 1051 724 1067 ,
757 1030 787 1061 δι
806 1024 974 1070 Palmyram

223 1084 359 1120 funditus
373 1084 490 1118 evertit.

269 1134 416 1169 Restabat
436 1133 568 1164 Tetricus
582 1128 678 1162 Gallia
692 1129 723 1160 &
741 1126 883 1172 Hispania
902 1122 975 1154 Do-

222 1186 322 1219 minus
334 1209 343 1223 ,
370 1183 443 1216 dum
462 1182 492 1213 iii
506 1179 587 1212 hunc
601 1175 783 1212 Aurelianus
797 1175 855 1205 iter
868 1179 951 1216 parat
964 1193 973 1208 ,

222 1232 397 1268 advenere&
417 1231 484 1264 viro
503 1226 645 1275 prudenti
663 1225 757 1258 literae
776 1218 976 1268 significantes

221 1294 357 1330 paratum
366 1280 392 1314 se
405 1278 531 1313 reddere
544 1274 713 1323 provincias
722 1296 732 1311 ,
744 1281 852 1316 utpote
865 1268 976 1302 milita-

221 1333 261 1365 ris
276 1329 440 1365 insolentiae
454 1325 624 1374 pertaesuim
641 1319 905 1369 splendidissimum
915 1317 978 1364 egit

221 1381 405 1415 Aurelianus
418 1375 607 1422 triumphum
620 1372 720 1406 durstis
735 1367 868 1402 Zenobia*
881 1371 911 1402 &
922 1369 977 1399 Te-

221 1433 306 1465 trico.
321 1430 435 1462 Tetrico
460 1424 567 1474 postea
587 1420 741 1458 commisit
761 1420 847 1452 Italiae
861 1417 978 1463 aliquot

221 1479 393 1527 provincias
405 1502 414 1517 ‚
439 1481 470 1511 &
485 1473 616 1510 Zenobia
627 1468 838 1506 honorificum
851 1479 887 1501 ex
900 1466 978 1513 agris

223 1530 339 1565 vkstum
353 1525 508 1561 concessit.

271 1581 306 1611 In
320 1577 447 1621 Pefflam
459 1575 495 1609 ad
508 1563 978 1610 vindicandamValerianicapti-

615 121 1241 160 Cnnouotoeici

1298 113 1329 150 L
1359 124 1372 150 1
1403 125 1434 150 is.
1467 109 1518 149 II.
1726 119 1774 154 27

1013 187 1137 221 mittunt
1154 183 1350 232 Imperatoris
1366 182 1493 216 arbitrio
1506 205 1517 221 ,
1538 178 1717 227 proximum
1738 177 1772 210 iri

1013 234 1112 269 Persas
1126 236 1183 268 iter
1193 258 1201 273 ,
1215 234 1247 266 in
1259 233 1308 266 via
1316 232 1534 277 perdomantur
1542 227 1630 263 Isauri
1639 251 1646 263 ‚
1661 226 1715 260 situ
1723 227 1770 259 lo-

1012 296 1120 318 corum
1130 282 1248 329 superbi
1258 295 1267 321 ;
1279 280 1391 315 Bleinii
1399 281 1489 313 etiam
1497 277 1660 324 AEthiopes
1668 274 1768 321 Syriai,

1012 344 1103 378 quam
1118 331 1215 378 prope
1228 341 1327 365 totam
1340 339 1572 373 occupaverant,
1593 325 1767 371 ejiciuntur,

1012 379 1096 413 Persa
1108 381 1144 414 ad
1156 379 1261 413 manus
1268 379 1372 413 venire
1379 375 1579 410 reformidans
1588 401 1596 415 ‚
1611 387 1683 422 quas
1692 386 1769 420 prae-

1010 427 1121 475 scripsit
1134 428 1254 462 Probus
1268 427 1348 474 pacis
1356 425 1550 460 conditiones
1559 448 1568 463 ‚
1582 424 1713 471 accepit,
1728 421 1768 456 sic

1010 478 1099 526 plena
1113 478 1249 524 Imperio
1262 477 1349 522 quies
1362 485 1443 522 parta
1452 473 1506 507 est.

1058 528 1133 561 Erat
1146 527 1177 560 in
1188 523 1275 574 Syriai
1280 527 1458 557 Saturniam
1465 523 1510 557 vir
1517 531 1631 568 magnae
1638 519 1768 559 virtutis,

1011 577 1062 611 hic
1076 576 1290 610 Alexandriam
1303 574 1428 609 veniens
1441 572 1457 606 a
1470 571 1588 619 populo
1600 572 1770 614 Imperator

1012 624 1150 660 salutatus
1163 624 1207 659 est
1213 649 1223 664 ‚
1237 636 1307 658 cum
1320 622 1426 670 populi
1441 622 1590 668 impetum
1602 615 1765 665 effugisset,

1013 674 1098 710 asnis
1113 674 1263 709 militibus
1275 671 1400 707 Caesaris
1409 682 1524 704 nomen
1532 668 1667 714 accipere
1675 690 1683 703 ‚
1698 667 1770 700 lieet

1014 737 1085 759 cum
1101 722 1348 768 miilt'islacrymis
1361 722 1486 756 coa&us
1499 718 1542 753 est
1551 742 1559 755 ‚
1575 729 1646 751 cum
1659 728 1699 749 eo
1712 712 1772 749 dif-

1014 773 1094 808 ficile
1108 773 1215 808 Probo
1223 772 1336 806 bellum
1344 795 1354 810 ‚
1369 771 1470 805 νὶᾶοτ
1479 767 1598 804 Probus
1606 765 1705 800 doluit
1713 776 1773 798 cae-

1014 822 1078 857 sum
1089 825 1304 860 Saturninum,
1318 821 1366 858 cui
1378 820 1498 856 veniam
1507 817 1577 852 dare
1591 814 1709 854 statuit,
1722 823 1773 848 ut-

1014 883 1087 920 pote
1101 883 1225 918 peccare
1238 871 1361 904 coacto.

1061 921 1125 955 Sub
1144 920 1226 954 idem
1246 930 1367 965 tempus
1386 916 1520 961 ‘Banofiu
1533 916 1564 950 in
1583 912 1746 948 Britannia*
1759 937 1771 953 ‚

1013 971 1132 1003 Proclus
1145 970 1176 1002 in
1192 967 1356 1002 Germanici
1369 965 1570 1005 rebellzirunu
1585 963 1712 1008 Banosus
1724 962 1772 997 vi·-

1015 1020 1082 1053 &us
1096 1019 1196 1067 gulam
1212 1017 1268 1051 sibi
1289 1015 1401 1064 fregit:
1420 1014 1536 1049 valebat
1554 1013 1605 1047 hic
1623 1023 1773 1059 quantum

1015 1069 1122 1103 decem
1136 1067 1316 1102 bibaciffimi
1329 1076 1436 1113 potare
1450 1063 1510 1097 sine
1523 1062 1684 1098 ebrietate,
1700 1073 1773 1095 nam

1015 1119 1051 1152 ad
1060 1117 1193 1151 lubitum
1201 1116 1237 1150 ad
1245 1116 1383 1150 ultimam
1392 1124 1509 1162 guttam
1516 1111 1682 1156 emejebat,
1699 1113 1773 1144 Pro-

1015 1169 1076 1200 clm
1088 1167 1104 1200 a
1117 1166 1283 1200 Germanis
1296 1175 1417 1198 necatus
1431 1161 1486 1196 est.

1076 1213 1275 1250 concesserat
1293 1213 1413 1248 Probus
1431 1210 1559 1258 peffimo
1579 1207 1710 1243 consilio
1722 1219 1774 1254 pe-

1016 1265 1151 1300 tentibus
1164 1263 1305 1298 Barbaris
1318 1261 1501 1297 devastatam
1516 1259 1679 1292 voracium
1692 1258 1723 1291 iri
1731 1256 1775 1290 se-

1016 1316 1087 1350 dem
1104 1329 1112 1349 :
1134 1313 1167 1348 hi
1180 1314 1292 1361 quietis
1311 1312 1503 1358 impatientes
1516 1310 1547 1342 iii
1560 1319 1680 1343 caeteras
1700 1319 1776 1353 pro-

1016 1365 1125 1401 vincias
1133 1363 1324 1397 exundarunt
1331 1386 1340 1401 ‚
1359 1359 1406 1395 sed
1414 1359 1555 1394 horribili
1564 1357 1775 1392 Vandalorum

1016 1427 1087 1449 cum
1100 1414 1182 1448 caede
1195 1414 1226 1446 in
1238 1422 1372 1447 veterem
1386 1411 1502 1444 alveum
1509 1407 1645 1441 Barbaro
1653 1405 1775 1440 Probus

1016 1461 1182 1498 conclusit:
1196 1462 1268 1496 hinc
1275 1459 1512 1508 augustissimum
1520 1455 1711 1502 triumphum
1718 1454 1777 1488 du-

1016 1514 1067 1547 xit.
1081 1515 1115 1547 In
1128 1523 1199 1546 toto
1211 1523 1277 1546 tum
1291 1510 1424 1557 Imperio
1436 1520 1543 1542 nemus
1556 1505 1684 1553 quidem
1697 1507 1776 1537 Pro-

1018 1564 1050 1598 bi
1063 1573 1147 1596 metu
1160 1561 1306 1598 rodebat,
1320 1558 1445 1593 tandem
1460 1558 1577 1591 animus
1590 1555 1619 1588 ei
1631 1551 1688 1587 fuit
1701 1555 1776 1586 Per-

1789 1208 1816 1232 A
1828 1203 1881 1241 sm's
1895 1213 1937 1230 ca-

1789 1245 1865 1272 ditur.
1897 1251 1900 1254 ”

59 1600 88 1627 A
95 1606 138 1624 con
145 1598 211 1624 'ura-

59 1639 91 1664 tis
100 1608 191 1664 ochidi-
225 1627 352 1661 vitatem
372 1625 500 1660 tendens
515 1647 522 1660 ‚
542 1622 578 1656 ad
590 1618 817 1668 persequendos
830 1613 978 1649 Christia-
1018 1613 1114 1647 sarum
1127 1611 1227 1646 delere
1238 1609 1423 1657 Imperium,
1442 1605 1492 1641 sed
1505 1607 1536 1640 in
1548 1605 1596 1640 via
1610 1603 1721 1637 milites
1729 1602 1775 1635 in-

57 1685 110 1705 tur.
226 1689 284 1711 nos
298 1688 378 1724 quos
391 1675 473 1722 prius
492 1672 685 1709 toleraverat,
708 1668 807 1703 editSta
819 1663 957 1699 condidit
968 1686 978 1702 ‚
1018 1663 1155 1698 videntes
1168 1660 1274 1694 omnia
1289 1668 1408 1706 pacata,
1429 1653 1669 1702 &Imperatoris
1681 1651 1777 1686 virtu-

226 1727 301 1762 dum
320 1725 449 1773 signaret
461 1749 471 1764 ‚
495 1721 625 1757 fulmine
638 1718 736 1767 prope
753 1717 832 1750 ic‘tus
845 1713 889 1748 est
903 1738 913 1754 ‚
931 1710 980 1746 sed
1018 1723 1084 1747 turn
1097 1711 1306 1758 impatientes,
1324 1708 1421 1744 virum
1434 1704 1607 1740 mirabilem
1620 1700 1777 1740 cecidere,

225 1774 414 1823 perseverans
433 1774 495 1808 vita
512 1772 645 1818 privatus
661 1768 704 1802 est
718 1792 728 1807 ‚
748 1763 885 1809 Mnestm
898 1762 980 1798 enim
1018 1775 1100 1797 anno
1112 1760 1236 1808 Imperii
1254 1757 1357 1798 sexto,
1382 1754 1500 1791 Christi
1512 1750 1724 1789 ducentesimo
1737 1761 1778 1784 0-

226 1827 264 1860 ab
277 1824 413 1874 epistolis
426 1823 470 1857 ob
486 1820 643 1856 Aureliani
655 1819 751 1852 minas
763 1816 831 1851 vitae
846 1812 901 1847 suae
914 1825 980 1846 me·
1019 1810 1192 1860 &ogefimo
1204 1809 1325 1856 quinto.

225 1874 498 1920 tuens-„catalogum
512 1868 661 1916 descripsit
674 1866 754 1915 quasi
762 1862 980 1900 necandorum,
1066 1863 1165 1896 Carus
1176 1856 1347 1894 Praefetfihis
1360 1855 1499 1891 Praetorii
1511 1850 1726 1888 Slavoeleehis
1733 1847 1777 1883 est
1792 1853 1938 1894 Carufnex-

226 1927 289 1961 hoc
301 1921 434 1962 ostenso,
449 1919 535 1955 facile
543 1920 854 1964 coiitconjuratorum
863 1924 980 1950 manuS,
1019 1911 1057 1946 ab
1070 1909 1203 1946 exercitu
1216 1911 1387 1954 Imperator
1394 1902 1637 1952 quadragesimus
1645 1901 1760 1948 primus
1770 1912 1780 1939 3
1790 1886 1942 1926 tingunficl-

227 1977 281 2023 qui
295 1977 517 2020 Imperatorem
535 1982 566 2004 in
592 1965 726 2002 Thraca}
743 1965 889 2000 necarunt
900 1974 981 1996 anno
1019 1960 1069 1996 hic
1081 1960 1182 1995 statim
1194 1958 1231 1993 de
1244 1955 1343 1990 ‘Proba‘
1357 1953 1513 2002 parricidis
1527 1950 1649 1998 sumpsit
1662 1948 1777 1996 suppli·
1790 1939 1854 1958 mm*

227 2024 351 2071 Imperii
365 2022 458 2056 sexto.
1021 2012 1102 2045 cium
1117 2034 1127 2050 ,
1145 2018 1253 2044 contra
1267 2009 1415 2040 Sarmatas
1434 2003 1521 2036 Italiae
1534 2000 1588 2048 ipsi
1601 1999 1777 2033 minitantes

61 2089 178 2115 Tacitum
275 2072 353 2109 Post
368 2072 585 2108 Aurelianum,
600 2066 685 2115 quod
698 2067 827 2103 mirere,
841 2060 887 2097 sex
894 2073 981 2096 meri-
1021 2060 1137 2096 movit,
1153 2057 1303 2104 &magna
1311 2053 1390 2088 caede
1398 2050 1492 2090 fudit,
1505 2050 1577 2083 hinc
1590 2059 1696 2083 contra
1703 2050 1778 2081 Per-

55 2128 134 2165 febris
149 2138 190 2155 ne-
228 2121 309 2156 sibus
323 2122 436 2155 vacavit
450 2120 632 2166 imperium,
645 2130 715 2151 nam
730 2114 781 2149 sub
798 2114 926 2148 Gallieno
938 2123 982 2156 ty·
1022 2109 1063 2144 sas
1076 2110 1107 2143 in
1119 2107 1207 2144 variis
1220 2105 1328 2154 praeliis
1340 2103 1456 2141 vitfftor,
1471 2100 1545 2135 dum
1557 2097 1704 2133 Persicam
1718 2108 1778 2143 po-

59 2175 109 2197 “³²·
228 2171 393 2206 rannicidia
406 2182 514 2203 omnes
530 2168 567 2201 ab
581 2166 784 2213 occupatione
797 2161 982 2210 Imperiide-
1019 2158 1158 2194 testatem
1170 2154 1306 2190 funditus
1321 2165 1426 2187 eruere
1439 2159 1538 2198 parat,
1552 2148 1649 2196 gravis
1661 2158 1732 2180 eum
1745 2144 1778 2178 in

228 2221 398 2260 terrebant,
414 2218 562 2253 exercitus
571 2214 698 2253 senatui,
714 2213 829 2248 senatus
837 2210 982 2246 exercitui
1019 2208 1158 2256 Tigridis
1171 2206 1237 2253 ripa
1252 2202 1379 2238 morbus
1395 2200 1511 2234 invadit
1524 2223 1534 2238 ‚
1550 2203 1582 2233 &
1595 2198 1626 2230 in
1638 2194 1778 2230 tentorio

229 2270 364 2317 repetitis
377 2268 493 2304 vicibus
509 2265 757 2300 nominationem
771 2257 895 2298 detulit,
915 2270 982 2292 tan—
1019 2256 1258 2292 decumbentem
1272 2251 1388 2293 fulmen
1401 2249 1560 2296 extinguit.

230 2320 302 2353 dem
316 2322 442 2352 Senatus
453 2316 601 2349 Tacitum
619 2315 718 2347 virum
731 2312 867 2358 probum
881 2311 981 2353 Impe-
1066 2305 1209 2351 Reliquit
1226 2301 1325 2335 filium
1346 2302 1497 2343 majorem
1522 2294 1667 2341 Carinum
1691 2295 1778 2337 juve·
1793 2302 1930 2328 Numeria-

231 2378 364 2401 ratorem
377 2364 561 2400 tricesimum
575 2362 718 2395 οᾶανυηι
731 2358 919 2392 nominavit:
931 2356 983 2389 hic
1019 2368 1090 2389 nem
1103 2352 1317 2388 diffolutumin
1332 2347 1430 2398 (jallicZ
1443 2344 1610 2384 Caesarem3
1623 2342 1777 2388 juniorem
1792 2351 1854 2367 num
1869 2348 1942 2369 necat

231 2418 305 2451 dum
318 2425 425 2449 contra
436 2410 537 2447 Persas
549 2420 688 2445 moveret
699 2433 706 2445 ‚
728 2406 817 2442 Tarsi
831 2405 916 2440 febre
930 2418 982 2440 ex-
1018 2403 1247 2437 Numerianum
1260 2397 1485 2433 adolescentem
1499 2394 1645 2430 doctum,
1659 2395 1690 2425 &
1703 2401 1778 2436 pro·
1792 2384 1866 2418 Aper.

231 2466 380 2512 tinguitur
393 2462 475 2497 sexto
490 2461 612 2507 Imperii
625 2456 737 2493 mense.
1021 2453 1096 2486 bum
1110 2450 1210 2485 secum
1218 2448 1326 2482 habuit
1339 2447 1371 2479 in
1383 2442 1494 2489 Perfid:
1508 2442 1558 2476 hic
1566 2440 1665 2474 statim
1673 2437 1778 2472 saluta-

66 2528 195 2555 Floriamaes
277 2515 435 2548 Florianus
445 2513 542 2545 Taciti
549 2508 638 2544 frater
646 2505 810 2554 Imperium
818 2501 983 2550 posteaoc-
1021 2514 1069 2537 tur
1081 2504 1251 2548 Imperator
1264 2522 1272 2534 ‚
1297 2495 1348 2530 sed
1361 2494 1540 2528 redeuntem
1558 2492 1589 2524 in
1607 2490 1727 2522 ltaliam
1746 2488 1778 2522 in

65 2575 137 2612 (mat
149 2567 187 2603 fi*-
232 2564 364 2611 cupavit‚
379 2561 427 2596 sed
441 2562 578 2608 legiones
592 2552 914 2593 OrientalesProbum
927 2564 985 2585 no·
1022 2552 1121 2586 clausa
1141 2549 1185 2583 ob
1206 2547 1370 2581 oculorum
1389 2543 1532 2577 dolorem
1552 2539 1662 2573 lefficfi
1684 2537 1777 2571 Arius

67 2607 150 2645 'Pfi‘m'
233 2614 386 2648 minarum
400 2637 410 2653 ,
440 2623 505 2658 quo
527 2610 631 2644 audito
650 2606 808 2641 Florianus
826 2613 934 2638 venam
953 2613 984 2634 a-
1023 2603 1108 2646 Aper
1129 2596 1214 2632 socer
1232 2592 1477 2629 confodiendum
1491 2593 1595 2628 curat,
1616 2587 1709 2622 tertio
1728 2586 1778 2621 die

233 2665 342 2713 petuit.
1022 2650 1103 2684 odor
1115 2647 1231 2681 lecticae
1244 2643 1336 2679 scelus
1350 2640 1530 2689 propalavit,
1556 2648 1718 2684 antequam
1731 2637 1778 2669 A-

69 2733 162 2761 Probus
169 2735 218 2761 mi·
281 2712 402 2747 Probus
416 2710 527 2756 Syrmii
539 2709 570 2743 in
583 2704 721 2742 inferiori
733 2700 887 2737 Pannonias
901 2709 986 2734 natus
1023 2699 1069 2747 pri
1081 2695 1286 2744 prensationes
1298 2689 1497 2727 obtinuissent
1508 2687 1685 2734 Imperium.

1070 2745 1284 2782 Dioclesianus
1301 2742 1445 2777 Dalmata
1461 2741 1631 2785 Imperator
1649 2733 1776 2783 quadra-
1790 2735 1925 2773 Dioclesta-

1613 2783 1777 2831 sedmagna
1790 2786 1838 2803 '¹⁵¹⁵
1860 2780 1901 2804 A·

1787 2824 1869 2854 prum.

69 2784 97 2800 ra
109 2774 217 2811 fortitu-
232 2766 403 2810 Imperator
416 2757 669 2806 quadragesimus,
683 2754 703 2788 si
716 2752 769 2788 suo
782 2762 924 2798 tempore
931 2751 986 2783 Li-

70 2815 133 2841 d¹⁷²½
144 2818 217 2852 (mpe—
234 2816 298 2846 vios
310 2811 354 2845 vel
367 2808 493 2849 Polybius
507 2804 697 2854 repperisset,
715 2800 900 2838 Hannibale,
919 2797 986 2832 imo

70 2862 146 2881 ''m'‘
184 2892 187 2894 .
236 2862 338 2905 Caefizre
348 2857 449 2893 fuiffet
467 2857 603 2904 superior
616 2853 791 2900 praedicatus
804 2873 812 2885 ‚
833 2847 987 2881 Germani

235 2909 305 2957 post
324 2909 502 2942 &aureliani
520 2915 654 2941 mortem
669 2903 798 2937 Galliam
817 2895 987 2943 occupave-

237 2972 268 2992 re
276 2972 285 2997 ;
305 2958 362 2991 hos
375 2957 493 2991 Probus
506 2956 605 2992 tribus
620 2952 727 2986 diebus
740 2947 919 2984 continuata
931 2958 987 2992 pu-

238 3007 310 3054 gni,
325 3005 379 3039 nisi
393 3017 538 3051 quantum
552 3003 654 3040 nostis
667 3002 891 3046 interruperunt
902 3005 988 3030 tene-

238 3058 316 3105 br5e‚
334 3053 488 3101 confregit
500 3078 509 3094 ‚
532 3053 644 3089 necatis
664 3049 748 3096 supra
767 3047 987 3096 quadringenta

238 3106 498 3140 millia.Sarmatas
512 3104 603 3137 etiam
616 3097 776 3134 Sclavom'd
790 3094 988 3141 ejecitliorri-

240 3156 296 3189 bili
309 3153 390 3187 caede
403 3167 411 3187 ι
431 3150 515 3199 supra
529 3151 693 3184 Thraciam
707 3150 780 3184 dum
793 3146 870 3182 vadit
884 3144 920 3178 ad
933 3144 987 3178 de-

241 3204 349 3240 lendos
361 3203 392 3238 in
404 3199 460 3237 suis
472 3200 591 3236 sedibus
605 3198 734 3235 Gothos
743 3223 754 3241 ,
767 3196 873 3246 sponte
886 3191 988 3241 seper-

1023 2796 1153 2846 gefimus
1165 2793 1310 2829 secundus
1325 2804 1360 2825 ex
1373 2789 1482 2824 infima
1495 2787 1597 2835 plebe,

1022 2849 1132 2882 virtute
1145 2845 1191 2878 vir
1204 2846 1275 2876 Cari
1287 2837 1485 2887 dispensator,
1501 2835 1557 2870 suis
1571 2833 1710 2869 manibus
1721 2845 1777 2867 co-

1024 2908 1087 2930 ram
1095 2893 1237 2928 tribunali
1245 2894 1362 2938 Aprum
1371 2893 1450 2935 juxta
1459 2885 1578 2920 Drmdae
1586 2883 1777 2932 praedistum‚

1024 2945 1067 2979 ob
1075 2943 1238 2982 truncavit,
1252 2944 1398 2974 Carinum
1406 2939 1496 2974 etiam
1504 2933 1572 2969 fusis
1580 2936 1610 2969 in
1619 2931 1716 2983 (jallid
1723 2944 1779 2967 co-

1023 2995 1079 3042 piis
1092 2993 1218 3027 necavit.

1071 3042 1275 3086 Dioclefianus
1288 3037 1413 3084 Imperii
1430 3035 1547 3070 molem
1563 3032 1692 3068 sentiens
1706 3031 1777 3066 Ma·
1792 3028 1919 3072 Maximi-

1022 3092 1221 3126 ximinianum
1234 3088 1407 3135 Augustum
1420 3095 1516 3124 creat,
1537 3087 1568 3119 &
1582 3084 1660 3118 duos
1673 3079 1772 3116 Caesa-
1790 3069 1941 3141 Z‘J'ugu‘

1024 3154 1085 3176 res,
1099 3141 1226 3174 alterum
1241 3138 1404 3172 Galerium
1417 3133 1630 3169 armentarium
1645 3131 1700 3166 sibi
1713 3129 1778 3164 suc·
1788 3116 1882 3177 232⁵:
1907 3117 1942 3178 ἐξ

1025 3191 1176 3227 cess'iirum
1194 3187 1419 3225 Maximiniano
1438 3182 1657 3219 Constantium
1676 3180 1778 3215 Chlo·
1793 3188 1916 3215 confian-

1382 3238 1414 3271 D
1427 3233 1449 3267 d
1471 3246 1489 3268 2
1693 3240 1779 3267 rum,
