2048 3343
0 2468 1 2471 ’
30 2462 61 2488 In
71 2460 161 2488 numn-

23 2502 142 2540 gerrsm-

29 2540 107 2570 ιοιιιιᾶ
121 2541 161 2570 de-

19 2582 111 2621 lfidm·

19 2623 21 2660 l

18 2662 21 2714 l

468 118 542 150 ετ
595 109 1199 151 Cnitoxozocxct

177 180 389 232 interpretari,
401 182 499 231 quam
508 186 648 233 generali
658 185 697 220 de
706 183 927 220 abbreviatio·

171 248 214 271 ne
224 235 323 269 crucis
334 232 483 268 doctrina
495 236 552 281 piis
564 234 719 269 omnibus
729 233 855 280 semper
865 244 927 266 no-

171 283 214 324 ta‘i,
225 284 259 317 in
271 281 332 330 quii
343 284 470 318 nullum
484 285 563 318 latet
573 283 774 328 mysterium.

222 332 377 367 Praeterea
389 333 449 368 suae
460 331 621 367 sententiae
637 331 702 365 duo
712 327 928 365 fundamenta

172 379 345 417 substernit
355 382 498 417 Calvinus
513 404 523 417 ‚
546 392 688 428 quorum
707 390 863 414 neutrum
882 377 928 413 est

173 429 308 466 firmum
323 444 331 464 :
356 432 442 477 prius
462 430 694 463 desolationem
708 430 819 476 templi
832 427 848 463 a
861 431 929 463 Da·

173 480 250 515 niele
259 479 309 515 hic
320 491 466 514 notatam
478 477 567 514 fuisse
577 479 725 519 ultimam
739 503 749 518 ,
762 491 832 526 quae
843 491 929 512 nun—

175 541 275 578 quam
288 527 359 576 post
371 536 509 576 reparata
518 528 562 563 est
576 544 588 572 3
613 527 749 563 alterum
759 528 930 565 abomina-

175 581 301 613 tionem
321 578 532 613 desolationis
549 590 619 626 cap,
634 589 687 612 12.
714 577 848 612 eandem
869 575 929 612 effe

178 640 253 663 cum
268 628 304 662 ea
319 640 416 677 quam
437 641 506 676 cap.
518 640 552 672 9.
569 633 601 662 ὃ(
623 622 743 662 Mattli.
757 640 817 670 24.
829 639 859 661 v.
875 636 910 671 15
921 651 930 660 .

176 678 334 725 legimus.
368 679 531 713 Neutrum
549 677 613 711 hoc
635 678 708 711 licet
727 676 929 711 concedere:

178 727 262 762 Non
273 728 358 776 prius
370 751 379 767 ,
396 740 471 762 nam
482 738 628 774 apertum
639 726 683 760 est
691 724 823 760 finalem
835 724 930 760 vasti-

177 777 485 823 tatemtemplicap.
501 787 553 810 12.
568 789 598 811 v.
616 788 628 809 1
641 787 672 809 1.
689 778 722 809 δέ
738 788 786 809 12.
805 787 871 809 non
883 776 932 808 in-

176 826 275 861 dicari
287 850 297 863 ‚
319 826 371 861 sed
382 827 479 860 talem
492 837 561 871 quae
573 838 650 860 mox
661 837 724 859 crat
736 823 908 870 reparanda
920 848 931 862 ,

177 879 214 911 &
229 890 266 912 ex
285 878 373 920 cujus
386 877 588 922 reparatione
600 874 700 923 Judaei
714 886 836 921 magno
853 886 932 921 gau-

176 926 233 961 dio
250 937 339 961 erant
357 924 529 960 exultaturi
549 937 558 958 τ
584 924 674 958 uberi
699 924 832 972 quidem
861 922 932 968 post

177 975 248 1010 dies
260 977 351 1010 mille
363 975 519 1009 ducentos
531 974 710 1021 nonaginta
722 998 729 1011 ,
745 972 797 1007 scd
810 972 930 1006 uberri-

176 1038 236 1061 mo
269 1023 342 1072 post>
373 1024 464 1059 mille
500 1034 663 1057 trecentos
697 1022 934 1069 quinquaginta

180 1076 339 1124 quinque.
906 1119 912 1125 ι

229 1123 334 1172 Qod
345 1123 383 1157 ad
394 1119 568 1156 secundum
585 1143 594 1157 ,
613 1130 772 1166 negamus
793 1118 931 1152 undeci-

178 1185 271 1208 mum
294 1171 416 1207 versum
437 1171 548 1217 capitis
576 1180 630 1202 12.
666 1169 849 1214 parallelum
869 1164 929 1201 effi:

178 1235 256 1257 cum
268 1220 424 1268 vigesimo
443 1218 583 1265 septimo
596 1219 700 1257 noni,
717 1229 791 1251 nam
804 1229 928 1250 nonum

176 1272 324 1318 loquitur
342 1269 380 1303 de
400 1267 576 1303 vastatione
596 1268 827 1302 Rornanorum
844 1292 854 1306 ‚
878 1265 930 1300 scd

175 1320 406 1354 duodecimum
429 1317 467 1352 de
480 1317 568 1352 clade
581 1330 635 1365 per
650 1315 850 1351 eAntiochum
863 1330 871 1349 :
897 1318 928 1349 &

174 1366 305 1403 chunus
320 1367 437 1401 Mattli.
451 1380 467 1400 2
477 1379 558 1409 4.v.i
569 1377 598 1411 5.
613 1367 652 1401 de
664 1364 816 1400 Romana
826 1365 927 1399 vasta-

175 1421 266 1452 tione
277 1419 413 1464 loqucns
424 1414 520 1451 refert
535 1416 572 1450 ad
590 1427 714 1450 nonum
724 1428 791 1449 non
803 1414 928 1449 duode-

174 1469 298 1502 cimum
314 1482 325 1511 0,
341 1478 374 1500 ut
388 1466 469 1511 apud
481 1469 608 1499 Par-sum
620 1490 630 1505 ,
643 1465 823 1500 Deoda'tum,
836 1468 928 1498 eAn-

173 1528 317 1550 notaeores
337 1514 534 1564 Mnglicanos
555 1515 678 1561 primos
698 1518 730 1548 δε
748 1512 929 1552 secundos,

173 1565 316 1611 aliosque
341 1566 532 1610 interpretes
553 1564 660 1598 videre
679 1563 734 1598 est.
766 1563 931 1612 Anglicam'

176 1615 310 1663 quidem
336 1615 444 1647 ultimi
458 1615 574 1647 volunt
594 1610 717 1648 Matth.
745 1614 929 1647 vicesimum

175 1675 328 1713 quartum
349 1663 385 1697 ad
418 1663 546 1697 nostros
573 1675 632 1709 pra:
663 1662 813 1697 manibus
839 1663 931 1696 locos

175 1718 261 1750 Dan.
280 1725 290 1745 1
301 1725 329 1747 2.
344 1711 451 1746 referri
465 1737 473 1752 ,
491 1711 542 1745 sed
554 1723 666 1746 contra
679 1711 838 1746 Calvinum
849 1711 930 1745 abo-

174 1764 390 1799 minationem
411 1760 608 1795 dcsolantem
623 1762 661 1795 ad
676 1761 825 1796 Mdriam‘
843 1771 929 1794 tem—

174 1825 252 1859 pora
266 1812 346 1846 ultra
365 1813 561 1857 Veffiafianum
573 1811 775 1845 extendunt:
802 1811 881 1858 quin
894 1812 928 1844 &

177 1859 380 1906 sibimetipsis
395 1872 429 1894 ut
441 1859 516 1893 alias
531 1860 606 1906 saepe
617 1861 728 1907 putide
740 1858 790 1894 hic
802 1870 928 1894 contra-

175 1911 299 1946 dicunt,
310 1922 382 1944 nam
396 1910 434 1943 ad
447 1908 586 1943 Martha
597 1910 740 1958 vigesimi
754 1910 859 1957 quarti
871 1909 930 1943 de-

176 1961 301 1994 cimum
320 1962 472 2007 quintum
484 1986 492 1999 ‚
510 1960 629 1993 docent
641 1959 874 1995 desolationem
887 1958 930 1993 ibi

176 2021 324 2044 notatam
335 2006 393 2043 css'e
406 2010 648 2049 Romanorum,
667 2014 698 2044 &
710 2010 844 2044 eandem
857 2021 931 2043 cum

178 2058 212 2093 efi
230 2072 327 2106 quam
348 2058 462 2092 Daniel
478 2058 595 2092 indicat
612 2070 677 2093 tarn
698 2072 766 2106 cap.
780 2072 814 2102 9,
834 2057 932 2106 quam

181 2119 195 2142 1
207 2119 234 2140 2.
257 2108 485 2142 Nihilominus
497 2119 607 2141 tamen
620 2109 656 2142 acl
678 2111 762 2143 Dan.
772 2108 929 2142 duodeci-

179 2158 224 2190 mi
243 2156 452 2191 undecimum
463 2156 579 2191 diserte
592 2157 779 2197 observant,
798 2161 831 2191 &
846 2156 931 2191 reete

179 2207 273 2248 (licet
283 2204 335 2240 sua
348 2207 450 2240 vineta
462 2207 636 2248 caedentes)
650 2207 930 2241 abominationem

181 2266 251 2301 cap.
275 2267 287 2288 1
299 2267 330 2288 2.
372 2254 544 2303 cxprcffam
595 2255 751 2290 diversam
787 2253 847 2289 effe
892 2255 932 2289 ab

183 2316 293 2348 cap.9.
310 2303 392 2338 hanc
410 2307 496 2338 enim
516 2304 605 2339 fuiffe
628 2317 682 2352 per
703 2307 876 2339 Romanos
897 2307 930 2338 δε

184 2350 285 2431 ’Τινιὶηι
304 2376 314 2390 ,
348 2356 436 2387 illam
458 2352 538 2388 vero
560 2366 615 2399 per
645 2354 782 2388 Graecos
803 2357 835 2386 &
859 2356 934 2388 An-

186 2411 241 2435 ttoc
264 2414 322 2432 um.

232 2451 347 2482 Tertia
363 2446 520 2482 sententia
535 2448 577 2483 est
591 2448 749 2499 Bullingeri
760 2475 769 2491 ,
795 2450 934 2496 quicum

189 2497 315 2532 Calvino
327 2498 459 2545 quidem
475 2497 603 2532 Danielis
618 2511 744 2533 nonum
765 2503 796 2532 δι
811 2499 935 2533 duode-

189 2549 311 2582 cimum
325 2560 360 2581 ac
381 2544 501 2581 Matth.
521 2546 706 2581 vicesimum
719 2559 866 2595 quartum
884 2546 937 2581 ex*-

189 2598 282 2645 ponit
290 2599 328 2632 de
339 2596 401 2630 unii
413 2601 442 2631 &
457 2596 564 2630 cadem
576 2596 763 2643 Judaeorum
779 2597 938 2643 perTitum

187 2647 379 2684 vastatione,
401 2645 452 2680 sed
470 2646 556 2680 addit
579 2646 715 2681 Danielis
727 2659 880 2680 numeros
900 2645 938 2680 de

186 2696 298 2730 diebus
312 2696 546 2729 Astronomicis
560 2697 769 2743 accipiendos
782 2721 792 2735 ,
822 2697 935 2742 primi-

187 2759 250 2793 que
261 2747 387 2779 numeri
405 2745 527 2778 dierum
547 2757 649 2787 1290.
663 2747 857 2792 principium
877 2757 937 2792 po-

187 2797 236 2829 nit
249 2797 279 2829 in
297 2795 424 2828 decimo
447 2793 583 2840 septimo
602 2795 682 2839 Maji
707 2794 833 2828 Neronis
850 2794 938 2827 deci-

187 2847 342 2878 motertio
357 2868 364 2879 ‚
388 2857 461 2886 cum
483 2844 662 2891 Vespafianus
682 2843 805 2877 bellum
828 2853 938 2876 contra

187 2891 316 2938 Judaeos
336 2896 511 2938 inciperet3
537 2897 567 2927 ὃ(
581 2891 723 2927 finemin
743 2893 866 2926 οᾶονο
885 2893 938 2926 Sc-

188 2942 323 2975 tembris
344 2944 501 2989 Vespafiam
521 2942 662 2977 secundo
683 2955 692 2976 τ
719 2942 937 2976 numeransin

189 3001 266 3024 toto
288 2993 456 3025 intervallo
476 2991 644 3039 aliquanto
665 2993 734 3039 plus
759 2990 859 3040 qua‘m
879 3001 939 3025 tres

191 3051 296 3073 annos
314 3043 346 3073 ὅ(
372 3040 542 3074 dimidium
562 3068 572 3081 ,
599 3041 803 3077 additionem
829 3052 936 3074 autem

191 3089 318 3122 dierum
345 3090 554 3136 quadraginta
577 3094 720 3140 quinque
744 3094 778 3125 in
801 3101 938 3124 numero

193 3137 360 3185 posteriori
371 3140 485 3183 accipit
493 3139 530 3172 de
541 3140 666 3182 diebus,
677 3141 796 3189 quibus
807 3140 876 3187 post
888 3152 936 3173 ca-

193 3198 283 3234 ptam
297 3184 410 3223 urbem
423 3187 508 3224 Tuus
522 3188 649 3234 Judaeos
668 3190 706 3228 de
728 3189 791 3228 suis
811 3189 941 3228 latebris

1252 109 1377 152 Lin.
1408 108 1438 153 1.
1646 96 1727 163 237

974 181 1182 218 extrahebat.-
1210 182 1290 216 alios
1307 182 1345 217 ad
1354 184 1492 224 caedcm,
1514 185 1596 222 alios
1610 186 1649 222 ad
1659 187 1726 224 ser·

974 233 1112 266 vitutem
1123 258 1133 272 ,
1153 233 1235 266 alios
1247 230 1286 265 ad
1297 232 1512 278 triumphum.

1023 283 1057 314 In
1069 280 1128 315 lizic
1147 278 1305 316 sententia
1324 282 1525 326 peculiariter
1543 282 1726 331 displicent.

975 327 1093 363 Primo.
1124 331 1227 371 Quod
1246 328 1302 364 etsi
1320 327 1415 362 doec&
1437 334 1471 362 &
1493 333 1640 369 accurate
1659 335 1727 371 dies

975 377 1111 414 Danielis
1145 391 1220 413 cum
1256 377 1386 412 historia
1411 378 1562 414 Romana
1589 395 1727 420 conetur

960 439 1197 475 =componere;
1222 438 1329 462 tamen
1349 428 1382 461 in
1405 429 1501 474 primi
1519 435 1647 466 numeri
1661 434 1728 469 cal-

975 477 1070 514 culo,
1090 476 1145 511 ubi
1164 477 1235 524 plus
1250 488 1348 524 quam
1369 486 1430 510 tres
1446 490 1550 513 annos
1572 482 1606 512 ὅ(
1627 481 1729 517 dimi-

977 526 1073 560 'dium
1082 539 1251 561 numerare
1261 524 1446 573 profitetur,
1458 528 1491 561 in
1501 526 1557 562 suo
1570 540 1731 577 computo

978 586 1040 610 tres
1059 588 1164 610 annos
1186 579 1220 610 ὅ(
1243 585 1385 624 quatuor
1404 574 1528 610 menses
1549 589 1617 613 non
1637 590 1735 614 com-

981 626 1086 671 pleat,
1108 625 1265 673 quodque
1287 626 1411 660 numeri
1440 625 1626 672 posterioris
1652 641 1732 676 qua-

978 675 1126 721 draginta
1141 677 1286 722 quinque
1300 674 1368 709 dies
1379 698 1388 714 ‚
1410 674 1477 708 Ttii
1491 675 1732 723 Hierosolymis

979 723 1050 770 post
1067 722 1277 766 vastationem
1303 727 1559 760 commorationi
1575 726 1732 769 ascribat,

980 772 1046 807 sine
1057 771 1246 819 cujusquam
1261 774 1397 817 ειυᾶφτίε
1407 773 1607 810 testimonio.

1026 823 1193 859 Secundo.
1215 824 1294 856 Dies
1311 823 1384 856 suos
1405 824 1521 870 incipit
1531 822 1646 859 Daniel
1659 824 1731 873 post

980 869 1138 904 sublatum
1147 875 1228 917 juge
1239 869 1447 912 sacrificium,
1459 885 1526 908 non
1535 884 1641 908 autem
1651 875 1734 911 illud

979 918 1166 954 sacrificium
1178 919 1238 953 fuit
1250 920 1410 955 sublatum
1422 922 1523 956 tribus
1539 925 1631 958 annis
1642 927 1673 958 δι
1684 925 1736 959 di-

981 969 1082 1002 midio
1091 979 1164 1003 ante
1176 970 1290 1016 templi
1301 970 1501 1010 incendium,
1518 985 1592 1006 nam
1605 973 1646 1007 ad
1658 974 1735 1008 ulti-

979 1030 1069 1051 mum
1086 1017 1193 1052 stantis
1213 1020 1329 1066 templi
1347 1020 1430 1054 diem
1447 1022 1526 1066 juge
1540 1020 1733 1059 sacrificium

962 1069 964 1083 ³
980 1065 1199 1113 perseveravit.

1027 1115 1149 1150 Tertio.
1177 1120 1212 1150 In
1232 1113 1298 1150 fine
1315 1115 1450 1152 istorum
1470 1116 1596 1153 dierum
1612 1130 1734 1166 magna

979 1162 1038 1198 fuit
1047 1166 1232 1212 Judaeorum
1246 1164 1396 1200 laetitia&
1413 1166 1570 1202 felicitas:
1598 1169 1687 1215 atqui
1698 1169 1734 1205 in

977 1212 1040 1248 fine
1058 1214 1241 1262 posterioris
1252 1217 1380 1249 numeri
1398 1213 1516 1250 fatetur
1532 1215 1734 1267 [iumagaus.

977 1263 1155 1298 secundum
1176 1264 1264 1298 suam
1288 1261 1500 1306 sententiam,
1528 1262 1734 1313 perseverfiffe

978 1314 1212 1348 Romanorum
1226 1315 1257 1348 in
1271 1313 1401 1360 Judaeos
1420 1315 1643 1350 crudelitatem
1661 1340 1670 1353 ‚
1695 1319 1733 1350 &

958 1405 961 1410 γ
977 1365 1009 1396 in
1023 1361 1088 1397 fine
1109 1364 1223 1410 prioris
1235 1365 1361 1398 numeri
1373 1365 1494 1399 nullam
1511 1366 1604 1399 aliam
1614 1365 1734 1411 Judaeis

959 1416 960 1419 ’
977 1423 1120 1447 exortam
1133 1413 1276 1448 laetitiam
1290 1416 1323 1448 δε
1336 1412 1539 1453 felicitatem,
1552 1427 1651 1462 quam
1663 1426 1735 1461 quae

977 1461 1136 1497 horrenda
1146 1463 1234 1497 urbis
1249 1489 1258 1503 ,
1272 1473 1336 1498 tem
1343 1463 1389 1510 pli
1399 1488 1407 1504 ‚
1419 1468 1450 1498 δι
1464 1465 1566 1498 totius
1580 1464 1735 1499 terrae'va-

978 1511 1110 1546 statione
1130 1511 1311 1547 miserrimo
1329 1514 1459 1558 populo
1472 1516 1582 1558 potuit
1601 1514 1735 1547 contin-

976 1573 1058 1608 gere.
1088 1561 1194 1603 Quod
1212 1560 1293 1596 verti>¹
1307 1561 1345 1595 ad
1372 1562 1545 1596 Ecclesiam
1575 1561 1736 1597 Christia-

960 1654 961 1657 ,
977 1623 1051 1644 nam
1067 1634 1076 1647 ,
1093 1611 1147 1646 etii
1170 1611 1210 1645 ab
1229 1612 1269 1645 iis
1286 1610 1418 1646 adorata
1430 1611 1503 1646 sunt
1519 1610 1598 1655 justa
1618 1613 1682 1646 Dei
1699 1613 1734 1647 in

977 1659 1160 1695 obstinatos
1172 1661 1296 1709 Judaeos
1306 1661 1426 1705 judicia
1440 1687 1448 1700 ,
1473 1671 1584 1695 tamen
1597 1673 1664 1695 non
1676 1673 1737 1708 po-

976 1711 1037 1745 tuit
1048 1711 1085 1743 iis
1097 1723 1231 1759 magnus
1242 1711 1348 1744 luc‘tus
1358 1723 1425 1745 non
1437 1709 1563 1744 oboriri
1579 1735 1589 1751 ‚
1612 1723 1652 1745 ex
1662 1722 1744 1745 tan-1

976 1758 1004 1794 tsi
1016 1760 1076 1793 Dei
1089 1762 1202 1809 populi
1224 1764 1255 1794 δι
1265 1759 1397 1794 suorum
1410 1760 1733 1808 consanguineorum

975 1809 1075 1856 strage
1091 1834 1101 1847 ‚
1132 1812 1165 1844 in
1191 1808 1254 1857 quei
1274 1822 1347 1844 cum
1380 1809 1573 1855 corporibus
1590 1820 1641 1843 tot
1659 1809 1734 1843 ani-

975 1871 1102 1894 marum
1120 1859 1278 1907 myriades
1307 1860 1341 1894 in
1369 1858 1496 1895 inferna
1531 1859 1734 1907 ptaecipitatae

975 1909 1061 1944 sunt.

1024 1958 1149 1997 Quarta
1160 1955 1319 1992 sententia
1329 1955 1373 1991 est
1384 1955 1638 1992 Pontificiorum
1651 1954 1732 2004 pen&
1749 1965 1779 1993 In
1787 1965 1877 1994 Ponte·-

977 2008 1142 2046 omnium,
1151 2009 1207 2053 qui
1220 2009 1329 2041 locum
1341 2007 1428 2040 hunc
1438 2017 1611 2053 exponunt
1622 2006 1661 2040 de
1673 2005 1730 2040 suo
1743 2006 1854 2041 fitiorum

979 2052 1185 2090 eAntichriflo
1201 2080 1212 2095 ‚
1245 2067 1399 2104 regnante
1425 2056 1497 2102 post
1515 2055 1672 2090 sublatam
1693 2048 1869 2128 deZZGZ'Jc‘Z‘

1796 2140 1820 2159 ιι

978 2104 1116 2139 Εεεὶείῐῖι
1128 2103 1247 2139 miffam
1265 2130 1274 2146 ‚
1302 2104 1374 2151 ipsis
1384 2103 1517 2140 solenne
1528 2103 1732 2142 sacrificium,

978 2155 1046 2189 dies
1056 2156 1146 2188 mille
1161 2154 1322 2189 ducentos
1334 2156 1514 2202 nonaginta
1525 2178 1534 2193 ‚
1547 2154 1618 2202 post
1627 2166 1709 2201 quos
1722 2177 1733 2191 ‚

981 2201 1183 2238 eAntichriss‘o
1201 2203 1375 2238 interfecto
1394 2204 1462 2237 dies
1477 2202 1581 2237 fluunt
1598 2203 1735 2250 quadra-

977 2254 1070 2300 ginta
1090 2255 1255 2301 quinque‚
1281 2255 1314 2286 in
1337 2253 1454 2299 quibus
1480 2252 1560 2286 Elias
1583 2253 1736 2299 praedicat

979 2301 1190 2349 Euangelium
1204 2327 1213 2341 ‚
1234 2302 1356 2348 utlapsl
1375 2303 1414 2337 ab
1434 2301 1622 2336 Antichristo
1642 2315 1736 2336 revo-

979 2363 1092 2385 centur
1103 2352 1139 2385 ad
1152 2351 1408 2397 resipiscentiam.
1431 2352 1524 2385 Hanc
1535 2351 1734 2396 Papistarum

980 2398 1121 2434 fabulam
1135 2398 1228 2447 supra
1244 2399 1468 2435 refutavimus.
1497 2398 1655 2432 Addimus
1667 2398 1735 2431 hoc

980 2450 1183 2494 locojaffikare
1203 2448 1393 2484 Pontificios
1412 2460 1471 2495 pro
1490 2448 1656 2494 principali
1674 2445 1736 2481 suae

980 2498 1140 2533 sententiae
1173 2498 1392 2533 fundamento
1418 2498 1640 2531 austoritatem
1675 2496 1736 2529 Pa-

981 2558 1075 2580 trum.
1115 2550 1150 2580 In
1169 2548 1279 2593 primis
1300 2546 1472 2591 liceronymi
1502 2550 1533 2579 δέ
1560 2543 1735 2579 Theodoreti

982 2597 1238 2629 commentarios
1256 2596 1288 2628 in
1307 2597 1388 2629 Dan·
1404 2607 1455 2628 12.
1479 2592 1577 2628 Certe
1595 2593 1735 2629 Pontifi-

983 2647 1039 2679 ciis
1051 2645 1223 2679 auftoritas
1239 2648 1365 2679 Patrum
1387 2644 1474 2691 parvi
1493 2643 1670 2678 admodum
1687 2644 1733 2679 est

983 2693 1151 2740 ponderis,
1171 2706 1244 2728 cum
1265 2693 1406 2740 ipsorum
1420 2693 1584 2740 dogmatis
1601 2698 1734 2728 contra*

983 2744 1072 2779 dicit.
1116 2743 1390 2791 Inpraesentiarum
1411 2739 1605 2776 Theodoram
1633 2742 1733 2778 Elium

983 2794 1051 2827 vult
1063 2792 1174 2826 diebus
1192 2793 1404 2840 quadraginta
1422 2795 1567 2839 quinque
1579 2789 1676 2840 usque
1693 2792 1736 2828 ad

981 2843 1121 2876 Domini
1134 2841 1309 2876 adventum
1323 2842 1487 2890 praedicare
1507 2843 1735 2889 Euangelium.

984 2890 1114 2923 Pererius
1124 2914 1133 2929 ,
1155 2893 1191 2925 A
1205 2891 1327 2937 Lapide‚
1339 2895 1372 2925 δέ
1385 2902 1451 2925 tota
1463 2890 1653 2937 jesuitarum
1665 2902 1737 2926 tur-

983 2940 1022 2974 ba
1033 2936 1242 2985 Theodoretum
1257 2940 1305 2975 hic
1316 2941 1413 2975 flocci
1424 2939 1546 2974 faciunt
1558 2965 1568 2980 ‚
1591 2943 1624 2974 δε
1637 2940 1735 2974 Eliam

981 2990 1021 3024 ab
1045 2986 1246 3024 <Antichristo
1282 2990 1488 3025 interfe&um
1513 2992 1633 3025 nolunt
1659 3001 1735 3025 ante

983 3039 1069 3074 diem
1082 3040 1220 3073 Domini
1233 3039 1403 3088 resurgere.

1030 3087 1181 3122 Praeterea
1207 3091 1239 3123 in
1264 3089 1328 3123 hoc
1355 3088 1420 3129 ipso
1446 3099 1638 3136 argumento
1664 3098 1732 3123 tam

986 3139 1193 3182 Hieronymum
1212 3137 1309 3184 quam
1332 3136 1540 3172 ‘Theodoretum
1558 3151 1736 3172 numeran-

987 3201 1034 3224 tes
1046 3187 1087 3225 ab
1098 3185 1271 3225 interfecto
1280 3185 1461 3231 Antichristo
1476 3188 1514 3224 ad
1527 3189 1665 3224 Domini
1679 3188 1735 3221 ad,

1366 3237 1429 3275 Kk
1655 3247 1737 3272 vcn-

1793 3103 1821 3124 3)
