2048 3343
112 833 190 857 Locus

112 873 261 907 quartmla-

111 909 164 937 cohi
175 921 194 936 r..
205 920 227 945 5.
243 919 264 936 et

113 951 191 976 ctiam
207 960 244 976 re-

108 996 210 1027 pugnat.

280 110 343 142 126

281 173 414 211 Ecclesia
430 173 574 207 Romana
588 171 687 206 socios
699 183 764 205 non
776 171 807 204 in
819 168 1034 204 sanetificatio-

281 236 320 259 ne
330 248 338 260 ,
354 222 402 257 sed
415 223 445 255 in
459 221 733 256 sanctificationem
747 219 875 266 spiritfis.

331 276 492 316 Qantum
509 282 610 305 autem
623 269 698 303 abfit
712 272 826 302 ‘Petrus
840 280 871 302 ut
887 267 976 302 faciat
997 267 1033 301 fi-

281 322 352 356 dem
366 332 415 354 aut
429 322 548 354 bonum
567 332 645 367 opus
666 319 877 366 quodcunque
898 318 929 350 in
942 317 1034 351 nobis

281 373 384 417 priora
402 370 572 409 eleffione,
591 368 692 403 videre
707 367 751 401 est
762 366 888 414 epistola
899 369 963 410 ejus
976 379 1032 414 po-

281 420 407 454 steriore
421 431 486 466 cap.
501 419 673 453 1.0mniain
681 416 772 451 nobis
783 417 830 450 vel
843 417 878 450 ad
890 417 1032 462 pietatem

281 469 329 502 vel
342 468 464 502 salutem
478 466 639 515 speetantia
653 476 741 501 vocat
758 466 839 500 dona
859 466 923 499 Dei
940 489 950 504 ,
974 464 1034 499 &a

282 519 383 552 divina
396 520 460 562 ejus
476 518 614 564 potentia
637 516 698 551 vult
716 515 809 549 fluere
822 525 855 548 ut
868 515 883 548 :i
896 512 978 547 causa
988 512 1033 546 ef-

283 567 405 601 ficiente
422 592 431 606 ‚
455 565 583 612 gratiosa
600 577 701 599 autem
717 565 779 597 Dei
794 564 874 596 dona
892 566 923 596 ὅ(
941 573 1035 607 opera

280 618 418 663 potentia
434 619 497 660 ejus
512 615 638 661 Spiritus
650 626 714 647 non
729 612 793 645 sunt
805 611 916 657 absque
930 610 1036 644 decre-

279 678 331 704 to,
351 670 382 700 &
395 667 551 698 decretum
564 665 627 697 Dei
641 661 730 696 dandi
742 660 868 707 gratiam
876 672 909 693 ac
923 670 1034 705 poten-

278 727 324 748 ter
336 715 417 748 illam
432 713 637 761 operandiper
652 709 801 757 spiritum,
815 721 880 743 non
888 707 989 743 differt
996 708 1034 742 ab

277 764 445 798 electione.

323 816 426 847 Locus
439 819 561 858 quartus
575 807 618 842 est
628 807 741 855 Jacobi
753 820 780 841 2.
797 819 819 853 5.
833 808 940 839 Nonne
949 809 1032 840 Deus

276 864 357 910 elegzt
366 871 507 909 pauperes
527 862 616 905 hujus
628 857 733 890 munda
746 857 855 890 dtvztes
857 855 919 902 fide
930 860 946 888 ἓ
961 855 1030 890 Ob-

276 913 392 957 jestum
406 909 456 942 hic
469 908 630 942 eledffionis
643 904 708 940 sunt
720 918 865 953 pauperes
873 906 980 940 divites
994 904 1029 938 fi-

277 961 322 994 de.
338 958 430 1005 Resp.
446 957 602 1004 Perpende
615 956 706 990 verba
718 954 872 1003 sequentia
881 978 890 991 ‚
903 959 935 990 &
946 954 1030 989 vide-

278 1010 324 1043 bis
344 1009 437 1056 quam
455 1007 612 1041 evidenter
626 1006 712 1039 locus
724 1005 775 1039 hic
788 1017 870 1038 tuam
884 1003 982 1038 thesin
996 1016 1028 1038 e-
1041 1028 1045 1032 -

277 1070 371 1094 vertat
385 1083 394 1098 ‚
420 1070 490 1092 cum
509 1055 651 1091 divitibus
670 1054 731 1089 fide
743 1055 845 1101 jungit
856 1052 1029 1100 Apostolus

277 1107 412 1142 liceredcs
426 1106 539 1145 salutis,
561 1105 596 1138 ad
612 1104 756 1150 utrosque
771 1105 880 1150 pariter
897 1103 1029 1137 61εᾶἰο-

275 1170 348 1191 nem
362 1155 453 1191 refert
472 1169 479 1189 :
504 1154 523 1188 li
543 1155 629 1201 prior
641 1155 766 1201 qualitas
779 1154 932 1186 eleetione
945 1153 1030 1199 prior

275 1206 327 1246 sit,
341 1207 431 1240 etiam
446 1203 599 1249 posterior
610 1204 667 1237 erit
680 1227 690 1242 ‚
714 1201 864 1236 sinautem
875 1201 1029 1250 posterior

276 1256 422 1290 omnibus
435 1252 618 1292 fatentibus,
634 1253 788 1286 cleetione
801 1251 836 1285 sit
847 1250 1001 1298 posterior
1016 1274 1026 1289 ,

275 1317 341 1339 tum
355 1305 445 1338 etiam
459 1304 544 1350 prior
559 1315 593 1336 ca
606 1301 664 1334 erit
677 1300 832 1347 posterior
842 1324 852 1339 ,
873 1302 934 1344 jam
954 1299 1027 1333 vero

278 1355 378 1389 nullus
392 1363 526 1400 unquam
538 1362 599 1385 tam
615 1348 672 1383 fuit
685 1348 836 1388 absonus,
853 1360 884 1382 ut
897 1347 1027 1382 affirma-

558 98 650 138 DE
709 96 1528 141 PRAEDEST1NA110NE,³

1073 171 1173 206 refilio
1181 180 1393 207 mortuorum:
1407 170 1555 218 quicquid
1563 171 1713 218 Scriptura
1720 172 1827 207 dehoc

1072 221 1202 255 articulo
1215 219 1347 253 habebat
1362 244 1371 259 ‚
1395 219 1458 253 hoc
1471 219 1525 266 ipsi
1540 220 1724 255 verbotenus
1749 220 1827 256 fate-

1073 270 1199 308 bantur,
1214 267 1262 303 sed
1279 269 1424 303 reverss&
1438 281 1492 315 per
1506 269 1621 303 bonam
1636 270 1826 317 consequen-

1071 320 1144 353 tiam
1158 318 1351 353 evertebant:
1375 319 1499 365 antiqua
1512 317 1646 366 ipsorum
1660 320 1691 352 in
1703 319 1828 355 ecclesie

1071 369 1235 403 auetoritas
1243 368 1311 414 ipsis
1321 370 1514 414 quorundam
1523 381 1608 402 aures
1616 369 1828 414 aperuit,qu0-

1071 430 1139 451 rum
1147 416 1241 450 fidem
1249 415 1326 450 falfis
1334 416 1390 450 suis
1398 417 1551 463 dogmatis
1559 429 1745 457 everterunt,
1754 417 1826 451 hinc

1074 465 1243 499 scandalum
1256 465 1358 499 multis
1371 466 1546 509 objectum,
1559 467 1645 514 quod
1657 466 1828 513 Apostolus

1072 514 1169 553 tollit,
1184 517 1215 548 δε
1229 526 1264 546 ex
1277 515 1499 561 populianimis
1506 527 1634 549 omnem
1646 517 1828 550 anxietatem

1072 573 1211 598 removet
1221 562 1259 596 ab
1273 575 1327 602 eo,
1336 563 1422 610 quod
1434 564 1570 598 viderent
1580 564 1787 600 seducentium
1795 569 1827 600 &

1072 610 1269 646 sedwstorum
1281 611 1497 647 haereticorum
1509 613 1701 660 apostasiam,
1715 614 1771 649 hac
1778 627 1825 648 ra-

1071 662 1167 701 tione,
1174 660 1261 709 quod
1272 662 1370 695 nullus
1384 662 1556 696 eleffiwrum
1566 664 1629 698 Dei
1637 664 1677 697 ita
1689 665 1778 711 poffit
1785 662 1829 698 se-

1071 710 1159 749 duci,
1172 711 1242 758 quia
1254 708 1489 745 fundamentum
1502 713 1568 747 Dei
1581 711 1671 747 staret
1680 713 1829 747 immobi-

1069 761 1098 793 le
1108 784 1118 799 ,
1132 759 1286 794 firmatum
1293 759 1382 806 ipsius
1390 759 1561 808 signaculo:
1575 764 1640 806 ejus
1648 763 1738 796 eleffi
1747 776 1826 809 quos

1069 807 1168 855 probe
1176 807 1319 844 noscebat
1332 811 1443 844 nonita
1451 809 1685 852 seducebantur,
1700 813 1771 846 licet
1778 824 1827 846 re-

1068 858 1160 905 probi
1173 858 1316 892 caderent
1330 859 1368 892 ab
1382 860 1418 893 ea
1430 860 1555 895 veritate
1562 873 1654 907 quam
1661 862 1827 908 aliquando

1070 906 1138 942 sunt
1153 905 1294 954 professi,
1316 911 1348 942 &
1364 908 1524 943 evaderent
1534 908 1669 956 pestiferi
1682 909 1826 945 (εάιιᾶο-

1068 970 1132 996 res,
1150 969 1216 990 non
1229 957 1392 1004 propterea
1404 968 1506 992 tamen
1520 959 1670 1005 populum
1684 960 1798 995 turbari
1813 985 1824 1001 ‚

1068 1010 1099 1041 &
1112 1007 1218 1040 animo
1235 1006 1403 1054 liquescere
1418 1008 1635 1043 conveniebat.
1663 1009 1758 1043 Vides
1775 1009 1826 1044 hic

1068 1056 1256 1090 elefflonem
1264 1080 1274 1095 ,
1294 1056 1422 1104 Deique
1435 1069 1574 1091 amorem
1586 1082 1596 1097 ‚
1623 1070 1656 1091 ac
1668 1059 1827 1105 cognitio-

1068 1118 1137 1139 nem
1157 1103 1282 1139 suorum
1305 1106 1413 1140 adduci
1433 1119 1491 1153 pro
1503 1105 1597 1141 firmo
1617 1111 1649 1142 δι
1661 1107 1827 1155 obsignato

1068 1153 1286 1194 fundamento,
1300 1155 1386 1202 quod
1395 1156 1463 1202 pios
1474 1153 1568 1191 servat
1582 1169 1620 1191 ne
1634 1168 1758 1204 pereant
1771 1170 1826 1204 per

1066 1203 1191 1238 haerefin
1204 1209 1233 1238 ὃ(
1250 1203 1445 1250 apostasiam,
1459 1204 1548 1239 sedin
1562 1205 1624 1240 fide
1637 1204 1826 1253 perseverent

1067 1254 1098 1286 in
1110 1252 1222 1292 finem,
1238 1252 1291 1287 ista
1306 1266 1462 1300 nunquam
1476 1256 1589 1289 elefflo
1603 1255 1740 1302 praestare
1755 1254 1827 1303 pos-

1067 1301 1109 1336 set
1122 1326 1132 1341 ,
1157 1301 1179 1336 si
1193 1301 1349 1348 posterior
1363 1302 1436 1338 esset
1450 1305 1553 1338 divina
1565 1303 1749 1352 praescientia
1767 1305 1826 1340 hu-

1067 1363 1161 1385 manae
1178 1351 1267 1399 fidei,
1290 1363 1422 1399 operum
1435 1356 1465 1386 δι
1481 1352 1715 1400 perseverantiae.

1115 1401 1319 1449 Qantopere
1336 1401 1450 1435 elcetio
1470 1415 1506 1436 ex
1519 1404 1666 1450 operibus
1682 1401 1823 1451 opposita
1839 1408 1919 1432 Locus
1934 1407 1993 1443 sex-
2024 1434 2029 1437 »

1066 1447 1099 1483 fit
1111 1449 1182 1484 huic
1196 1449 1353 1497 epistolae,
1373 1450 1475 1484 videre
1489 1451 1532 1484 est
1548 1465 1583 1486 ex
1598 1465 1663 1499 cap.
1677 1452 1824 1499 superiori
1838 1453 1880 1471 ΗΜ
1888 1446 1996 1475 mhzlad

1064 1512 1096 1541 9.
1109 1500 1163 1534 ubi
1175 1500 1324 1533 docemur
1333 1511 1397 1532 non
1411 1499 1528 1533 tantum
1537 1511 1680 1535 aeternam
1693 1503 1823 1537 61εᾶἰο-

279 1415 324 1438 ret
336 1403 543 1437 haereditatem
556 1399 803 1448 reguielefiione
811 1399 962 1446 priorem,
977 1410 1028 1432 ne-

278 1466 334 1487 mo
354 1465 430 1499 ergo
448 1451 568 1485 divitias
587 1449 660 1483 fidei
677 1449 823 1482 eleffioni
842 1447 935 1482 debet
953 1459 1028 1495 prae-

278 1515 394 1552 ponere
410 1515 417 1535 :
448 1512 575 1546 utraque
592 1499 675 1533 enim
693 1498 820 1545 qualitas
843 1497 881 1531 ad
898 1498 1028 1531 elefflo-
1837 1485 1984 1522 spala‘wffi

1837 1525 1948 1561 cauſsaem.

110 2514 158 2551 §Qu
164 2512 196 2540 'm
201 2522 228 2538 m

106 2566 120 2581 ’.ι
129 2558 187 2581 Τιη).
194 2563 214 2579 2.
221 2563 261 2579 ω.

111 2603 147 2620 21.
166 2595 187 2619 εἰ
202 2603 262 2631 quo-

111 2644 159 2670 que
166 2641 263 2660 contra-

112 2673 182 2700 dicit,

279 1565 350 1586 nem
370 1548 499 1584 refertur
520 1551 550 1582 in
572 1548 678 1595 aequali
698 1547 791 1595 gradu
804 1571 813 1586 ,
841 1557 968 1594 utraque
985 1545 1028 1581 est

276 1602 323 1637 vel
337 1603 438 1648 prior,
465 1598 510 1634 vel
529 1609 655 1645 utraque
673 1597 717 1630 est
729 1595 885 1643 posterior
898 1597 1027 1630 eleffio-

277 1664 318 1685 ne
328 1674 336 1687 ,
357 1655 388 1686 &
403 1648 527 1697 quando
539 1660 595 1681 una
603 1647 710 1694 procul
722 1646 820 1680 dubio
828 1647 980 1680 eleffione
994 1645 1028 1679 fit

276 1699 446 1747 posterior,
464 1699 586 1732 alteram
600 1697 691 1731 etiam
704 1696 740 1730 cai
751 1695 956 1743 posteriorem
970 1696 1028 1730 elle

276 1748 392 1784 necesse
405 1747 458 1782 est.
484 1747 610 1781 Deinde
622 1746 684 1782 vult
697 1744 869 1792 Apostolus
882 1758 1028 1793 pauperes

277 1799 348 1846 eligi
361 1811 424 1832 non
438 1798 489 1846 qui
503 1799 562 1841 jam
579 1795 645 1830 sunt
657 1795 766 1831 divites
780 1796 811 1829 in
825 1795 1027 1830 fide&haere-

276 1848 329 1882 des
342 1850 445 1896 regni,
458 1846 506 1880 se'd
521 1857 553 1880 ut
566 1845 621 1879 sint
634 1846 742 1880 divites
755 1844 816 1879 fide
828 1850 859 1880 &
872 1845 1026 1893 regnihae-

275 1898 380 1936 redes,
395 1908 431 1931 ut.
443 1895 535 1929 habet
549 1894 645 1929 verfio
661 1896 829 1942 Anglicana
839 1920 849 1935 ‚
862 1897 953 1929 velut
967 1897 1027 1929 La-

275 1948 353 1986 tina,
365 1945 433 1980 fieri
451 1945 562 1979 divites
576 1948 606 1979 &
619 1944 770 1984 haeredes,
784 1955 817 1979 ut
830 1945 914 1979 redte
927 1946 1023 1979 inter-

275 2006 409 2043 pretatur
423 1993 622 2042 Augustinus:
640 1995 732 2041 elegit
741 1995 829 2028 Deus
843 1993 963 2034 fideles,
979 1992 1029 2028 sed

276 2056 309 2080 ut
322 2044 388 2081 sint,
402 2057 465 2078 non
480 2045 622 2090 quiajam
635 2054 730 2078 erant.
766 2043 937 2091 Apostolus
949 2047 1030 2077 laco-

278 2094 330 2127 bus
349 2095 438 2133 dicit,
459 2096 579 2141 Nonne
591 2095 680 2126 ‘Deus
692 2094 773 2142 ‘’lssssgit
782 2105 921 2142 pauperes
932 2097 964 2127 in
977 2094 1030 2127 hoc

277 2144 384 2177 mundo
398 2143 503 2176 divites
506 2142 570 2187 fide
583 2146 620 2181 ὠ·
633 2142 748 2177 haeredes
762 2156 842 2192 regni
851 2148 867 2176 ?
884 2145 1028 2192 eligendo

278 2192 349 2226 facit
362 2193 467 2226 divites
489 2193 518 2224 in
537 2190 597 2224 fide
611 2206 620 2231 ;
646 2191 720 2225 licut
734 2197 763 2227 &
778 2193 912 2227 liaeredes
933 2195 1032 2240 regni.

278 2242 377 2290 Qod
390 2251 489 2273 autem
504 2239 580 2273 fides
593 2240 747 2273 electione
759 2241 913 2286 posterior
927 2242 961 2276 lit
970 2243 1027 2276 do-

276 2302 325 2324 cet
354 2288 473 2322 lacobus
502 2291 580 2333 Cap.
596 2300 619 2321 1.
634 2300 677 2333 ¹7·
692 2291 737 2321 18.
759 2289 812 2320 ubi
833 2290 936 2321 omnis
953 2290 1028 2321 doni

275 2341 384 2373 Deum
398 2336 468 2371 facit
483 2337 662 2374 auetorem,
679 2341 708 2369 &
723 2336 948 2370 immutabilem
964 2338 1028 2379 ejus

274 2389 464 2422 voluntatem
474 2384 589 2419 causam
596 2385 833 2433 regenerationis
840 2397 893 2432 per
901 2385 1028 2421 verbum

273 2437 477 2485 praedicatum.

324 2488 461 2534 Qintus
474 2484 519 2519 est
533 2498 558 2519 2.
572 2485 658 2519 Tim.
669 2498 695 2519 2.
711 2496 806 2519 20.21.
817 2485 1026 2533 Siquisſspur-

270 2547 392 2585 gavera
402 2535 440 2569 ab
453 2534 519 2578 stis,
530 2547 586 2568 vas
593 2539 648 2567 erit
659 2549 691 2567 m
698 2534 845 2568 honorem.
861 2537 928 2581 Qi
941 2547 1029 2583 ergo,

277 2586 389 2633 inquis,
404 2584 430 2619 se
442 2595 550 2632 purgat
563 2583 787 2631 praedcstinatus
796 2582 887 2623 est‚ut
897 2583 929 2617 lit
938 2585 1026 2618 vasin

277 2635 442 2669 honorem.
468 2631 558 2680 Resp.
573 2636 677 2667 Locus
691 2632 742 2667 hic
757 2633 868 2680 probat
882 2658 891 2672 ,
911 2632 1027 2667 necesse

277 2683 333 2718 effe
343 2696 374 2718 ut
387 2686 562 2731 quicunque
574 2684 690 2716 elafius
702 2681 745 2716 est
758 2693 867 2729 purget
880 2681 908 2716 se
921 2683 1024 2716 crimi-

276 2734 365 2767 nibus
375 2758 383 2772 ‚
398 2732 445 2767 sed
460 2744 491 2766 ut
504 2732 643 2779 purgatio
656 2730 721 2765 haec
733 2731 888 2765 antecedat
896 2731 1025 2765 61εᾶἰο-

276 2795 347 2816 nem
360 2783 434 2816 nihil
447 2782 496 2815 hic
510 2780 554 2815 est
566 2781 651 2828 quod
673 2780 768 2813 ullum
785 2781 916 2814 veritatis
934 2780 1025 2814 colo-

276 2844 340 2865 rem
353 2832 424 2865 huic
437 2831 589 2865 assertioni
602 2831 732 2876 praebeat
748 2854 757 2868 ,
783 2827 833 2863 sed
851 2830 944 2863 multa
957 2842 1024 2877 quae

278 2893 344 2914 cam
357 2882 540 2915 convincant
554 2877 629 2912 falsi:
645 2891 716 2912 nam
727 2876 787 2925 ipse
798 2876 974 2926 scopusloci
984 2877 1028 2912 est

278 2929 437 2963 ostendere
456 2928 672 2963 certitudinem
698 2925 922 2974 perseverantiae
933 2926 1028 2961 fluere

277 2979 314 3011 ab
322 2979 509 3013 antecedenti
517 2978 678 3011 eleftionis
688 2977 944 3010 immutabilitate.
956 2979 1026 3010 Per-

278 3028 376 3073 pende
389 3028 551 3061 verborum
559 3037 749 3061 contextum.
774 3026 929 3072 Loquitur
941 3028 1030 3072 Apo—

279 3075 374 3109 stolus
389 3077 425 3110 de
439 3077 585 3110 haereticis
599 3075 813 3123 apostatis,qui
828 3073 991 3120 aliquando
999 3076 1029 3107 in
1045 3093 1046 3102 κ

278 3124 400 3158 ecclesi&
413 3125 546 3158 celebres
558 3136 657 3164 erant,
672 3123 719 3159 sed
733 3122 839 3172 postea
852 3124 1032 3158 aberrarunt
1045 3120 1046 3129 ¹

277 3173 293 3207 a
307 3174 446 3208 veritate:
460 3172 592 3220 ipsorum
605 3175 716 3208 erroris
726 3174 851 3208 materia
864 3171 921 3207 fuit
933 3171 1029 3208 resur·
1045 3190 1046 3203 ι

1064 1561 1154 1585 nem,
1184 1547 1233 1583 sed
1250 1560 1353 1596 neque
1367 1546 1459 1595 ipsam
1474 1548 1505 1582 in
1523 1560 1664 1597 tempore
1683 1553 1826 1586 vocatio-

1064 1610 1150 1634 nem,
1165 1597 1232 1632 imo
1245 1610 1346 1644 neque
1358 1595 1451 1645 ipsam
1463 1596 1586 1633 salutem
1601 1598 1659 1634 esse
1669 1613 1705 1635 ex
1718 1603 1824 1649 operi-

1065 1649 1138 1687 bus,
1155 1658 1205 1681 aut
1218 1646 1382 1681 secundum
1396 1660 1506 1694 opera,
1523 1646 1571 1683 sed
1584 1648 1824 1686 secundumDei

1065 1696 1258 1745 propositum
1273 1700 1303 1732 ἃς
1318 1697 1444 1745 gratiam
1458 1698 1490 1731 in
1503 1697 1634 1734 Christo
1651 1711 1721 1735 ante
1733 1713 1826 1736 mun-

1066 1749 1148 1783 dum.

1113 1797 1231 1832 Ultima
1243 1808 1293 1832 tua
1306 1796 1449 1845 scriptura
1461 1798 1505 1833 est
1520 1799 1604 1834 Gen.
1617 1802 1720 1842 18.19.
1735 1802 1825 1849 „Quia
1843 1819 1848 1824 -

1065 1859 1132 1880 enm
1145 1851 1278 1896 cognovi,
1296 1846 1377 1895 qubd
1385 1848 1544 1898 imperabit
1550 1849 1614 1893 suis
1624 1851 1698 1895 filiis
1711 1874 1721 1889 ,
1748 1862 1824 1898 ergo

1067 1900 1156 1932 Deus
1170 1898 1264 1946 elegit
1277 1896 1493 1931 Abrahamum
1506 1909 1539 1932 ut
1553 1897 1587 1932 lit
1600 1910 1683 1946 pater
1695 1900 1825 1933 creden-

1066 1948 1156 1987 tium,
1173 1949 1244 1995 quia
1255 1945 1374 1982 futurus
1387 1958 1449 1982 erat
1461 1948 1507 1983 vir
1518 1947 1624 1992 justus.
1652 1945 1746 1994 Resp.
1764 1949 1825 1982 Ni-

1066 1996 1173 2030 hilhic
1192 1998 1277 2031 locus
1300 1997 1337 2032 de
1357 1996 1551 2032 eAbrahamz·
1570 1997 1725 2031 elerstione
1738 2022 1747 2037 ,
1774 1994 1825 2032 sed

1067 2046 1186 2080 tantum
1198 2046 1236 2080 de
1249 2047 1433 2081 revelatione
1447 2045 1667 2082 destrufflonis
1679 2046 1819 2086 Sodoma,

1069 2096 1160 2130 etiam
1173 2095 1224 2130 hic
1245 2097 1309 2131 Dei
1323 2096 1409 2131 aetus
1422 2100 1453 2131 &
1467 2095 1655 2131 beneficium
1668 2108 1734 2142 quae
1746 2094 1821 2128 nihil

1068 2146 1104 2180 ad
1116 2144 1414 2193 praedestinationem
1422 2170 1431 2186 ‚
1445 2143 1646 2180 fundanturin
1660 2141 1821 2178 Deifavo-

1068 2208 1101 2229 re
1115 2219 1125 2235 ‚
1148 2196 1202 2242 qui
1216 2195 1411 2230 eAbrahamo
1427 2195 1581 2228 benedixit
1594 2204 1626 2227 ut
1639 2193 1776 2227 evaderet
1789 2194 1821 2227 in

1067 2255 1191 2290 gentem
1203 2257 1345 2289 magnam
1366 2248 1397 2278 &
1416 2253 1531 2288 patrem
1547 2243 1686 2285 eylsi-effla
1698 2267 1708 2282 ,
1733 2242 1820 2289 quod

1067 2301 1169 2324 autem
1182 2293 1306 2337 angelus
1319 2292 1392 2324 dixit
1399 2290 1575 2337 cognovisse
1585 2289 1613 2323 se
1625 2291 1663 2324 de
1675 2291 1821 2324 Abraha-

1066 2351 1130 2378 mo‚
1142 2351 1208 2371 non
1220 2350 1283 2372 erat
1293 2342 1356 2383 ejus
1365 2338 1494 2383 justitia,
1506 2337 1649 2386 sedipfius
1658 2340 1821 2374 instruffio

1067 2388 1198 2421 aliorum
1212 2388 1244 2421 in
1257 2388 1439 2432 viajustitiae.
1456 2388 1605 2435 Denique
1617 2389 1703 2436 quod
1717 2389 1821 2424 Abra·

1065 2437 1149 2470 hami
1160 2438 1275 2472 eleffio
1291 2450 1356 2471 non
1369 2436 1461 2472 fuerit
1473 2451 1509 2472 ex
1523 2438 1670 2485 operibus
1682 2464 1693 2479 ,
1718 2440 1819 2474 videre

1066 2486 1109 2521 est
1123 2488 1155 2520 in
1169 2488 1351 2521 executione
1365 2495 1428 2533 ejus
1445 2511 1453 2524 ‚
1479 2486 1592 2522 scilicet
1606 2489 1772 2522 vocatione
1786 2493 1818 2523 &

1064 2538 1073 2581 j
1078 2535 1364 2572 ustificationexum
1374 2549 1445 2571 eum
1453 2538 1542 2571 Deus
1551 2537 1741 2578 vocavit‚fuit
1750 2537 1819 2572 ido-

1065 2586 1186 2625 lolatra,
1196 2584 1298 2633 J0suae
1311 2598 1366 2632 24.
1380 2599 1429 2632 ¹4·
1450 2589 1551 2620 Patres
1562 2584 1758 2621 Israelitarum
1771 2589 1819 2621 in-

1065 2633 1228 2670 servierunt
1245 2635 1302 2669 diis
1317 2636 1421 2669 alienis
1435 2635 1511 2669 ultra
1521 2635 1715 2684 Euphratem.
1735 2638 1818 2671 Eze-

1062 2684 1121 2718 kel.
1135 2696 1262 2731 quoque
1274 2689 1319 2718 16».
1332 2696 1356 2729 3.
1377 2683 1548 2731 significans
1560 2685 1635 2733 quid
1647 2696 1715 2719 ante
1728 2699 1820 2721 voca-

1063 2734 1183 2767 tionem
1204 2732 1365 2766 Abraham
1386 2737 1417 2768 &
1432 2736 1508 2766 Sara
1527 2734 1558 2768 in
1570 2735 1738 2782 conspeEEu
1755 2735 1819 2770 Dei

1062 2780 1183 2816 fuissent
1194 2806 1202 2821 ,
1221 2785 1310 2816 Pater
1324 2793 1393 2816 tuus
1412 2784 1550 2830 (inquit)
1557 2784 1626 2829 fuit
1639 2787 1819 2822 Amorraeus,

1064 2835 1101 2871 &⁴
1113 2841 1212 2865 mater
1223 2842 1277 2865 tua
1289 2835 1414 2865 Hz'ttita.
1445 2834 1546 2880 Qod
1558 2834 1648 2866 etiam
1661 2831 1821 2866 Abraham

1065 2893 1131 2914 non
1145 2880 1238 2916 fuerit
1249 2880 1430 2924 justificatus
1444 2895 1479 2916 ex
1493 2881 1639 2928 operibus
1655 2904 1666 2919 ‚
1689 2893 1747 2915 nec
1760 2880 1821 2916 fide

1065 2940 1098 2963 ut
1110 2941 1223 2975 opere,
1238 2928 1287 2963 sed
1300 2928 1363 2964 sola
1375 2932 1472 2977 gratia
1483 2935 1513 2965 &
1527 2929 1587 2963 fide
1596 2928 1820 2964 utinstrumen-

1065 2989 1100 3011 to
1115 2978 1284 3024 applicante
1298 2980 1422 3024 gratiam
1432 3003 1440 3016 ‚
1457 2982 1487 3012 δε
1501 2976 1740 3013 misericordiam
1755 2980 1821 3013 Dei

1067 3037 1192 3073 propter
1207 3026 1366 3061 Christum
1380 3027 1560 3061 remittentis
1571 3039 1692 3074 peccata
1706 3029 1821 3075 impio-

1066 3088 1152 3115 rum,
1175 3075 1345 3123 Apostolus
1360 3076 1460 3110 Rom.
1476 3089 1524 3112 11.
1550 3074 1622 3111 facit
1642 3075 1820 3112 manifestis-

1068 3124 1187 3159 fimum.

1114 3174 1241 3209 Claudis
1256 3172 1412 3222 scripturas
1430 3175 1492 3210 hoc
1507 3174 1745 3222 epiphonemate
1757 3176 1816 3210 val-

1688 3224 1726 3257 dc·
1740 3236 1815 3272 pro-
