2048 3343
0 1781 1 1801 3
39 1769 157 1803 Spartam

0 1819 1 1831 l
39 1815 123 1833 (vnlra

440 77 1465 118 ETCHR0N0100101L12.L
1664 86 1738 120 129

194 155 308 191 firmos
324 155 467 198 conjecit
478 155 509 188 in
521 153 678 189 sinistrum
692 177 701 193 ‚
711 151 775 199 ipse
787 164 862 186 cum
873 161 937 184 tur·
985 151 1119 185 Graeciae
1130 147 1349 198 graffibantur
1361 150 1528 187 seditiones
1541 150 1740 199 gravissimae,

187 203 240 240 mai
250 203 445 238 seleetorum
464 215 549 238 extra
561 205 661 237 aciem
680 204 713 236 in
723 213 838 235 omnes
850 198 940 234 casus
986 202 1131 245 inprimis
1147 200 1261 247 Argis,
1281 197 1337 232 ubi
1349 202 1487 244 populus
1498 214 1552 247 per
1567 202 1741 247 Demago-

186 264 310 301 paratus
322 251 423 287 stabat
437 268 445 286 .·
459 264 618 287 cornuum
629 249 759 285 suorum
773 250 862 296 quod
872 260 940 283 erat
985 260 1038 295 gas
1050 250 1231 283 concitatus
1244 249 1445 292 optimatum
1466 251 1504 283 ad
1516 251 1602 285 mille
1618 250 1740 284 ducen-

184 300 447 347 infirmumjussit
459 301 611 348 paulatim
632 299 832 334 retrocedere
845 325 854 336 ,
884 310 940 332 nec
986 309 1037 332 tos
1048 297 1244 331 occumbere
1256 295 1335 331 fecit
1350 297 1462 330 morti.

185 364 261 386 cum
273 351 362 385 hoste
373 350 501 384 miscere
510 361 622 383 manus
632 373 640 385 ,
656 349 762 383 donec
774 360 873 383 cornu
886 360 942 381 va·
1032 345 1246 393 Epaminondas
1263 357 1447 380 convocato
1459 344 1584 379 Thebis
1595 348 1740 383 concilio
1758 348 1869 377 Thebani

184 401 282 434 lidius
308 397 540 447 aliquantisper
562 400 594 432 in
608 411 702 445 opere
720 395 828 432 fuisset
839 395 940 432 versa·
986 395 1129 443 persuasit
1146 395 1275 429 civibus
1299 396 1398 428 ctiam
1421 395 1662 429 maritimorum
1681 410 1736 431 cu·
1754 397 1882 437 1⁷0f1'm‘u'

184 448 336 488 tum,hac
349 460 415 482 arte
427 449 598 483 vistoriam
620 448 815 495 adipiscitur.
841 450 939 482 Lace·
985 457 1050 479 ram
1062 456 1193 492 gererc;
1218 443 1286 491 quo
1307 440 1349 477 fic'
1367 456 1435 478 non
1448 455 1574 478 tantum
1589 445 1739 479 Lacedae·
1757 439 1833 499 :pam
1843 440 1895 458 ma-

185 498 344 533 daemonii
364 499 455 532 enim
470 500 520 532 vix
533 497 685 532 sustinent
699 510 770 532 eam
781 498 941 531 exercitus
986 496 1107 528 moniis
1125 495 1297 540 imperium
1317 503 1405 526 terrae
1419 517 1428 530 ‚
1456 492 1510 528 sed
1526 495 1621 527 etiam
1636 493 1742 527 Athe—
1783 492 1789 499 ⁴

186 547 342 582 Thebani
363 558 484 593 partem
509 560 577 594 quae
596 549 698 594 prima
717 548 807 581 venit
825 547 942 580 adma-
987 542 1150 577 niensibus
1185 545 1279 577 maris
1315 542 1480 588 ,eriperent
1523 542 1741 577 dominatum.

185 610 244 632 nus
261 621 272 638 ,
298 595 451 631 imovero
472 608 507 630 ut
521 598 663 643 primum
682 609 755 630 cum
775 593 828 629 sufi
838 593 943 628 turma
986 594 1119 626 Struunt
1139 601 1271 626 centum
1288 592 1453 629 triremes,
1481 591 1673 639 quibuscum
1686 605 1743 626 ex-

183 649 248 691 jam
262 645 363 693 prope
378 643 459 680 fcffis
471 646 681 692 Epaminonda
693 644 876 692 supervenit
888 668 897 680 ,
908 648 941 677 ὃς
957 675 961 679 ,
984 642 1052 675 iens
1064 640 1331 688 Epaminondas-ita
1340 638 1396 674 suo
1409 643 1546 675 nomine
1559 642 1744 675 Athenien-

186 693 382 730 cleombrotus
416 694 546 729 heroice
582 695 739 728 dimicans
766 692 942 732 cecidisset,
964 710 966 723 i
987 690 1066 725 sium
1087 690 1269 724 Navarchas
1287 692 1464 724 conterruit
1482 715 1493 730 ‚
1529 702 1564 724 ut
1585 690 1743 739 congredi

188 757 257 780 non
285 745 422 790 amplius
458 757 564 791 pugna
590 742 643 778 sed
671 744 770 779 caedes
800 748 831 778 &
866 742 943 791 fuga
988 753 1056 773 non
1077 738 1137 772 sint
1158 739 1247 773 ausi:
1287 737 1341 773 sed
1360 751 1433 773 cum
1453 740 1652 787 Epaminonda
1677 739 1743 774 vita

185 793 263 828 fuit.
287 794 490 828 Leuctricum
504 794 718 840 hocpraelium
733 793 794 826 toti
807 793 942 827 Graeciae
965 811 966 817 κ
987 801 1103 823 omnes
1118 788 1188 822 hice
1205 787 1438 824 Thebanorum
1453 800 1590 824 conatus
1603 802 1743 825 evanue-

186 842 420 878 demonstravit
441 870 449 881 ,
473 843 653 876 Thebanos
670 843 703 875 in
722 840 827 889 pugnfi
846 843 941 888 Spar·
990 839 1110 872 runtin
1124 849 1225 870 auras.
1844 880 1847 884 .

189 895 295 932 tanis,
322 893 468 939 adeoque
497 892 620 925 cunetis
645 891 836 925 mortalibus
859 901 942 936 prae-
1035 887 1166 921 Ultima
1201 886 1261 920 viri
1290 887 1452 932 expeditio
1478 888 1637 932 ejusmodi
1659 885 1740 922 fuit:
1762 883 1861 946 '‘PT“

189 942 279 977 stne,
989 933 1123 969 Arcadia
1136 935 1225 968 civili
1238 934 1328 968 bello
1342 934 1516 982 flagrabat,
1545 938 1741 971 Aiantineen-
1761 931 1867 989 ”2202

240 990 509 1037 PosthaecSpartae
521 1002 593 1023 cum
605 986 788 1022 Arcadibus
800 998 846 1021 res
858 984 920 1020 fuit
932 1011 942 1025 ,
965 982 1026 1033 [ἐς
1039 995 1152 1019 contra
1166 984 1308 1035 Tegeam
1318 984 1523 1018 adduxerunt
1537 986 1743 1019 Lacedaemo-
1761 974 1795 1031 :si
1803 1004 1884 1029 Man-

191 1040 332 1076 Arcades
346 1040 505 1074 advocant
516 1038 715 1077 Thebanos,
739 1037 772 1070 hi
792 1037 824 1069 in
851 1036 943 1069 Pelo·
965 1041 966 1048 ¹
990 1047 1030 1069 ne
1050 1035 1160 1080 copias
1178 1046 1186 1067 ε
1222 1036 1354 1084 Tegeam
1374 1034 1540 1068 accersunt
1561 1036 1742 1081 Epaminon·
1766 1046 1866 1072 umam.

192 1087 371 1138 ponnesum
392 1089 526 1122 veniunt
550 1085 668 1120 alacres
682 1110 691 1125 ‚
711 1086 859 1119 comitati
877 1097 945 1118 non
966 1109 967 1129 ἢ
990 1085 1066 1117 dam.
1095 1085 1123 1115 1s
1144 1080 1218 1116 cum
1238 1085 1271 1117 in
1292 1085 1471 1118 Laconiam
1493 1082 1644 1122 venisset,
1660 1085 1749 1117 acci-

192 1136 404 1186 paucioribus
431 1134 559 1169 suorum
587 1139 620 1168 δε
644 1134 809 1169 sociorum
845 1132 943 1180 quam
992 1134 1083 1180 piens
1098 1135 1310 1177 juventutem
1328 1134 1516 1179 Spartanam
1527 1131 1675 1166 sederein
1687 1132 1750 1166 ho-

191 1185 338 1221 millibus
351 1186 684 1232 quinquaginta.1ion
695 1184 816 1218 audent
826 1196 944 1218 occur-
991 1183 1070 1217 stico
1083 1179 1265 1216 obfidentes
1283 1182 1409 1232 Tegeam
1421 1206 1431 1222 ‚
1451 1181 1561 1216 statuit
1576 1180 1751 1216 confestim

190 1247 257 1269 tere
277 1235 419 1281 Spartani
435 1249 447 1277 3
471 1235 649 1268 Laconiam
674 1246 754 1281 ergo
773 1246 827 1279 per
848 1234 946 1280 quin-
968 1246 970 1278 ς
990 1243 1148 1278 occupare
1159 1243 1293 1266 vacuam
1305 1233 1452 1278 Spartam
1467 1230 1540 1277 :pscd
1552 1232 1669 1278 Spartae
1680 1232 1751 1265 Rex

190 1295 309 1331 gentos
325 1295 427 1317 annos
448 1284 601 1317 intafiam
622 1283 662 1317 ab
688 1282 797 1317 hostili
824 1294 945 1322 manu,
992 1284 1086 1331 eAgis
1105 1291 1142 1315 ut
1163 1283 1304 1327 primum
1325 1282 1359 1314 in
1381 1280 1446 1316 suis
1472 1280 1576 1315 castris
1593 1279 1752 1315 didicisset

189 1333 400 1380 depopulatur
427 1332 640 1379 Epaminondas
660 1356 669 1372 ,
696 1334 775 1380 quiri
796 1335 827 1366 δε
848 1330 945 1378 ipsam
969 1331 971 1347 ³
992 1330 1223 1378 Epaminondam
1235 1330 1431 1370 adventare,
1456 1330 1563 1364 statim
1577 1327 1753 1377 suspicatus

191 1384 337 1428 Spartam
352 1393 440 1428 parat
463 1394 664 1429 oppugnare.
691 1383 792 1416 Nulla
805 1393 946 1429 unquam
970 1392 972 1405 ¹
994 1378 1183 1428 sagacissimi
1197 1379 1464 1425 viriconsilium,
1490 1380 1592 1414 mittit
1606 1381 1754 1426 Spartam

192 1431 270 1466 huic
286 1430 358 1466 urbi
369 1430 456 1466 fuere
469 1434 590 1465 moenia
602 1458 611 1471 ‚
627 1443 702 1465 nam
715 1430 835 1465 nullius
846 1429 948 1464 hostis
971 1455 973 1463 ,
993 1432 1048 1477 qui
1060 1441 1108 1464 res
1126 1428 1281 1467 viserent,
1300 1434 1331 1464 δι
1345 1430 1504 1476 populum
1519 1426 1754 1464 confirmarent

194 1480 361 1514 metuebat
382 1481 556 1515 adventum
575 1494 583 1514 ε
609 1494 649 1515 eae
667 1491 776 1515 tamen
799 1481 948 1514 locorum
992 1479 1033 1514 ad
1045 1491 1187 1526 pugnam
1201 1503 1210 1518 ,
1239 1478 1261 1513 si
1284 1478 1364 1526 quid
1387 1480 1550 1527 ingrueret
1572 1480 1758 1526 inopinati,

194 1527 394 1563 difficultates
405 1554 415 1570 ,
441 1543 478 1564 ea
488 1532 608 1564 civium
622 1542 691 1564 tum
706 1542 863 1564 numerus
879 1540 948 1563 tum
996 1527 1165 1564 certissima
1184 1528 1233 1576 spe
1253 1528 1297 1562 sui
1318 1540 1391 1562 cum
1409 1530 1488 1562 totis
1501 1528 1601 1574 copiis
1613 1539 1687 1561 ante
1699 1528 1758 1561 ali-

195 1581 297 1613 virtus
312 1577 422 1614 suere,
441 1590 476 1612 ut
489 1579 528 1613 ab
546 1581 795 1627 oppugnatione
812 1576 951 1614 necessa·
997 1589 1078 1627 quot
1104 1577 1198 1611 horas
1228 1574 1394 1613 adventsis.
1433 1576 1561 1619 Interezi
1589 1575 1617 1610 sc
1641 1577 1694 1611 dat
1721 1579 1757 1611 in

197 1630 281 1663 rium
295 1627 449 1662 Thebani
462 1629 609 1663 duxerint
618 1628 785 1663 abstinere.
999 1630 1083 1664 viam
1097 1652 1106 1668 ‚
1124 1638 1274 1662 caeterum
1295 1638 1370 1661 ante
1386 1625 1564 1661 adventum
1589 1627 1622 1660 in
1637 1626 1757 1672 Epami-

0 1704 1 1713 i
39 1683 165 1716 „Atlani-
246 1681 281 1711 In
301 1676 348 1710 his
370 1677 522 1724 angustiis
541 1680 598 1719 (ut
616 1690 720 1712 rerum
739 1678 952 1711 humanarum
1000 1676 1097 1712 nondae
1110 1689 1223 1711 manus
1237 1676 1311 1711 urbs
1324 1687 1451 1710 tantum
1464 1689 1532 1710 non
1546 1674 1589 1709 est
1601 1674 1684 1710 data.

0 1725 1 1728 '
39 1726 105 1760 enses
199 1724 353 1775 agnoscas
366 1728 473 1767 vices)
502 1729 646 1773 Spartani
662 1727 797 1761 mittunt
811 1725 955 1760 Athenas
1048 1729 1189 1761 Venerat
1202 1739 1275 1760 cum
1287 1726 1391 1777 Agide
1409 1728 1555 1772 Spartam
1567 1725 1651 1759 inter
1663 1735 1758 1760 caete-

201 1778 258 1822 qui
278 1773 463 1822 suppliciter
482 1777 658 1823 implorent
674 1777 807 1810 illorum
835 1787 954 1822 opem,
1001 1789 1049 1811 ras
1063 1778 1172 1822 copias
1190 1776 1409 1816 Mantineensis
1428 1774 1591 1822 populus3
1617 1772 1679 1808 hoc
1694 1772 1760 1809 ob.

39 1845 160 1875 nehaenos
201 1836 345 1871 quorum
357 1836 428 1859 ante
441 1837 560 1872 paucos
578 1838 679 1860 annos
693 1827 817 1860 moenia
829 1849 838 1861 ‚
852 1826 956 1859 Rem-
978 1850 979 1869 3
1002 1825 1124 1860 servato
1137 1849 1146 1865 ‚
1172 1824 1383 1870 Epaminondas
1400 1822 1516 1858 desertzi
1525 1822 1761 1858 Lacedaemone

0 1880 1 1899 ³
41 1895 148 1919 mmm..
202 1874 364 1922 publicam
393 1899 403 1914 ,
439 1880 469 1909 ὃ(
495 1873 595 1909 robur
619 1887 727 1909 totum
756 1873 954 1917 subruissent.
979 1892 981 1894 ·
1003 1875 1109 1909 statim
1121 1873 1250 1908 advolat
1262 1872 1584 1920 Mantineam‚quam
1596 1873 1689 1908 nullo
1702 1886 1761 1908 ne-

201 1922 417 1958 Athenienses
443 1936 607 1959 memores
634 1926 738 1973 magis
758 1924 958 1959 liberationis
980 1919 981 1942 1
1003 1926 1098 1971 gotio
1109 1921 1234 1970 cepisset
1246 1936 1379 1958 vacuam
1391 1947 1400 1959 ‚
1416 1924 1447 1957 ni
1462 1921 1546 1957 forte
1560 1921 1692 1956 fortuna
1704 1923 1762 1956 ali-

202 1972 594 2008 GraecorumaThebano
608 1977 700 2022 jugo,
713 1972 808 2022 quam
822 1974 958 2019 injuria·
981 1970 982 1977 ¹
1005 1984 1089 2021 quot
1110 1971 1323 2007 Athenienses
1346 1972 1553 2017 conjuntfhiri
1569 1971 1596 2005 se
1614 1983 1688 2004 cum
1702 1984 1764 2006 cae-

201 2035 274 2056 rum
285 2035 387 2069 nuper
399 2024 430 2056 in
444 2023 471 2056 se
483 2023 858 2063 commiflhrum,exeunt
870 2037 958 2056 ποιν-
1005 2023 1078 2057 teris
1092 2023 1196 2069 copiis
1209 2020 1363 2057 venissent
1375 2023 1408 2055 in
1421 2021 1533 2055 urbem
1552 2033 1560 2053 z
1585 2018 1658 2054 satis
1670 2020 1701 2054 hi
1714 2018 1764 2054 fa-

201 2070 292 2113 ἅημεὲ
305 2071 389 2105 duce
399 2070 567 2106 Chabn'din
579 2074 735 2120 suppetias
745 2075 884 2119 Spartae:
910 2070 961 2106 sed
983 2083 984 2089 ¹
1007 2071 1127 2107 <essunt
1139 2073 1265 2119 negotii
1278 2070 1462 2109 Thebanis,
1475 2070 1576 2104 donec
1588 2067 1763 2104 advenisset

203 2132 277 2155 ante
288 2133 402 2155 eorum
414 2120 589 2156 adventum
602 2119 816 2156 retrocesserat
828 2121 870 2155 ab
881 2122 960 2156 urbe
982 2126 984 2145 l
1007 2135 1083 2156 cum
1096 2125 1236 2155 exercitu
1247 2122 1337 2170 Agis.
1367 2119 1449 2153 Non
1462 2119 1603 2166 amplior
1615 2130 1717 2155 mora,
1729 2120 1764 2153 in

203 2182 278 2204 cum
292 2171 396 2218 copiis
412 2171 622 2217 Epaminondas
634 2195 641 2206 ,
656 2170 731 2205 cum
745 2172 893 2217 Spartani
911 2183 960 2204 re-
982 2162 984 2191 ἶ
1005 2171 1182 2205 Mantinea:
1195 2172 1317 2216 campis
1327 2168 1508 2215 disponitur
1518 2179 1656 2214 utraque
1667 2169 1764 2208 acies;

204 2217 356 2254 culfiss‘ent
382 2220 538 2269 congredi
567 2219 677 2269 praelio
712 2222 809 2255 etiam
836 2232 958 2267 provo-
1006 2219 1147 2254 habebat
1159 2219 1353 2269 «Agissupra
1370 2219 1467 2252 vicies
1481 2218 1591 2256 mille,
1605 2217 1642 2251 ad
1652 2219 1763 2252 tricies

205 2270 278 2302 cati.
1007 2268 1220 2317 Epaminondas
1232 2283 1239 2308 ς
1250 2270 1284 2302 in
1294 2267 1418 2303 sinistro
1427 2267 1537 2317 Agidis
1547 2279 1646 2301 cornu
1659 2266 1765 2300 Athe-

256 2319 358 2350 Anno
377 2317 521 2366 sequenti
544 2318 652 2354 iisdem
676 2320 871 2354 vocantibus
896 2322 960 2353 Ar·
1007 2318 1130 2353 nienses
1152 2315 1234 2364 pulli
1256 2319 1416 2363 recipiunt
1435 2316 1463 2350 se
1479 2321 1510 2350 in
1531 2318 1673 2350 vicinum
1693 2314 1765 2348 col-

209 2363 430 2399 cadibuscum
450 2369 482 2400 in
499 2369 763 2415 Peloponnesum
775 2380 900 2416 pararet
910 2381 962 2402 re·
984 2394 985 2397 η
1007 2369 1092 2402 lem:
1114 2368 1188 2401 inde
1200 2379 1275 2401 cum
1288 2364 1472 2411 dejecissent
1483 2364 1622 2398 hostium
1636 2366 1765 2411 aliquot

119 2429 144 2448 n
207 2413 326 2447 ducere
348 2416 524 2449 exercitum
545 2418 756 2463 Epaminondas
770 2443 780 2458 ,
806 2418 964 2453 acsialtet·
1009 2429 1150 2457 turmas,
1169 2429 1228 2463 pto
1243 2415 1421 2451 vicloribus
1441 2413 1685 2448 schabuerunt:
1712 2410 1765 2446 sed

207 2464 374 2509 ingrueret
396 2465 509 2498 Xerxes
525 2489 535 2505 ,
553 2477 719 2513 quotquot
740 2469 784 2500 rei
806 2470 964 2513 Spartanae
986 2489 987 2494 ,
1009 2468 1042 2500 in
1062 2467 1176 2500 dextro
1186 2477 1288 2498 cornu
1300 2464 1356 2497 ubi
1367 2463 1491 2497 stabant
1511 2463 1637 2495 hincA
1658 2463 1677 2493 is
1692 2484 1701 2499 ‚
1726 2462 1767 2495 il-

207 2509 380 2552 favebant,
397 2525 593 2548 concurrunt
611 2515 814 2549 adlsthmum
828 2528 837 2545 ι
861 2527 964 2562 angu-
986 2509 988 2520 ⁴
1009 2515 1074 2548 linc
1098 2512 1332 2560 Epaminondam
1366 2522 1439 2544 cum
1459 2508 1603 2543 abiissent
1623 2511 1764 2545 vidtotes

209 2560 280 2595 ssias
290 2573 383 2595 muto
395 2561 522 2597 &fossis
534 2565 704 2602 muniunt,
732 2563 882 2610 pei-fectis
892 2576 965 2597 mu·
988 2566 989 2571 ’
1011 2559 1164 2597 Thebani
1180 2562 1301 2608 equites
1314 2583 1324 2598 ‚
1351 2560 1435 2593 inter
1451 2559 1574 2605 pedites
1589 2558 1764 2593 diutissime

211 2610 394 2644 nitionibus
412 2613 589 2659 imponunt
602 2613 738 2660 praesidia
756 2628 765 2646 .·
789 2612 839 2646 sed
851 2614 964 2646 omnia
988 2610 990 2653 ᾖ
1012 2622 1180 2646 cruentum
1195 2634 1205 2649 ,
1233 2608 1356 2656 fiquod
1377 2609 1465 2642 aliud
1478 2633 1487 2648 ‚
1512 2609 1654 2655 praelium
1671 2621 1765 2643 com-

211 2661 393 2706 perrumpit
417 2662 617 2707 Epaminonda
638 2665 755 2698 virtus,
776 2662 882 2696 nullus
895 2675 965 2696 ma—
988 2663 990 2694 i
1011 2659 1138 2694 missurn
1149 2656 1523 2699 cst,ncutroinclinante
1534 2658 1684 2697 viftoria3
1704 2658 1765 2692 do-

211 2711 385 2756 gnanimus
408 2712 456 2743 vir
474 2712 613 2757 angulos
631 2713 742 2757 quaerit
759 2736 768 2751 ,
801 2710 909 2758 aperte
930 2713 964 2745 in
988 2735 990 2747 .
1011 2723 1070 2744 nec
1090 2708 1304 2756 Epaminonda
1330 2709 1363 2741 in
1390 2710 1513 2741 medios
1534 2708 1634 2741 semet
1657 2706 1763 2741 hostes

212 2770 281 2792 eam
298 2759 381 2791 muri
397 2771 517 2804 partem
531 2760 627 2794 insilit
640 2763 672 2794 in
688 2759 750 2805 quii
768 2759 965 2794 stabantLa-
988 2750 990 2780 !
1013 2756 1205 2806 projecisset.
1231 2759 1312 2791 Non
1324 2757 1461 2804 amplius
1473 2756 1618 2790 sustinere
1637 2758 1764 2802 Sparta-

215 2806 421 2841 cedaemonii:
449 2808 612 2855 propulsat
624 2808 778 2856 praefidia:
806 2810 965 2842 munitio·
989 2781 990 2831 l
1013 2809 1045 2841 ni
1063 2809 1203 2841 valentes
1221 2806 1297 2840 dant
1314 2805 1341 2840 se
1359 2808 1391 2840 in
1410 2805 1539 2853 sugam;
1565 2804 1616 2839 sed
1628 2805 1763 2840 amele—

216 2865 292 2888 num
308 2855 344 2890 fit
354 2857 596 2905 dominustpcr
613 2857 870 2904 Peloponnesum
883 2870 965 2905 qua-
989 2892 990 2895 ,
1013 2857 1091 2890 thali
1115 2854 1294 2903 perculsum
1317 2854 1408 2903 plag&
1432 2854 1664 2901 Epaminondam
1686 2856 1763 2889 reli-

216 2904 276 2949 qui
288 2904 412 2940 luberet
423 2906 567 2942 discurrit
580 2908 698 2942 armatii
710 2919 806 2941 manu
817 2908 829 2947 ',
852 2919 964 2954 oppu-
989 2906 991 2939 ἐ
1014 2918 1119 2953 quere.
1144 2907 1208 2939 Hic
1220 2918 1293 2939 cum
1306 2904 1368 2938 suis
1381 2903 1532 2938 manibus
1552 2903 1683 2939 heroice
1695 2917 1764 2952 pei·-

214 2962 290 2998 gnat
305 2953 503 2991 Corinthum
515 2957 726 2994 ‚transcendit
738 2957 826 2990 urbis
837 2970 948 2991 muros
959 2979 968 2992 ,
989 2960 991 2995 l
1011 2954 1167 3001 fringeret
1177 2953 1369 2989 densissimas
1381 2954 1523 2987 hostium
1537 2955 1618 2988 acies
1633 2978 1641 2993 ‚
1669 2954 1764 2988 undi-

214 3001 396 3046 proripiunt
406 3004 436 3039 se
447 3007 529 3040 cives
549 3009 629 3041 intra
645 3008 744 3047 aedes,
772 3004 823 3040 sed
835 3003 965 3040 Chabriae
989 3006 991 3015 '
1013 3006 1118 3051 quein
1131 3004 1238 3050 ipsum
1251 3002 1335 3051 quali
1349 3004 1663 3049 compluittelorum
1676 3005 1765 3037 nim-

214 3053 241 3083 δι
260 3050 503 3088 Atheniensium
514 3058 614 3090 virtus
632 3070 670 3090 ex
683 3056 759 3090 urbe
770 3054 858 3104 captfi
872 3055 963 3090 The-
989 3065 990 3087 l
1013 3054 1072 3087 bus
1091 3066 1099 3085 :
1125 3066 1163 3086 ex
1182 3053 1230 3087 his
1248 3065 1348 3086 unum
1368 3064 1519 3099 perrupto
1538 3053 1652 3100 clypeo
1672 3051 1765 3086 simul

213 3097 316 3133 banos
330 3102 436 3143 ejecit.
989 3094 990 3148 l
1013 3107 1042 3137 ἃ
1054 3100 1172 3141 lorica,
1189 3103 1367 3148 penetravit
1387 3098 1448 3135 alte
1468 3104 1499 3136 in
1512 3103 1621 3149 pedtus
1634 3127 1644 3141 ‚
1666 3106 1694 3135 {Se
1709 3116 1765 3135 ex—

259 3148 310 3182 Ad
322 3147 387 3184 haec
403 3161 548 3199 tempora
558 3153 589 3187 in
603 3153 762 3202 plerisque
777 3152 962 3191 civitatibus
989 3163 991 3182 '1
1012 3150 1133 3187 torsum
1144 3152 1214 3200 post
1225 3151 1251 3187 se
1262 3152 1395 3200 reliquit
1407 3152 1440 3185 in
1450 3153 1581 3187 vulnere
1592 3150 1766 3200 spiculum:

1693 3212 1764 3235 110ss
