2048 3343
110 218 197 242 Mariti
214 222 261 238 που

104 255 159 291 fust
174 254 202 280 dc
216 254 261 279 m‘-

111 297 144 322 bu
154 295 240 321 levin-

111 334 148 361 ni.

118 883 193 906 Errvr
209 885 268 913 qno-

117 918 226 945 rumdam

118 962 226 986 Patrum

118 996 184 1025 mal}
193 994 271 1031 iisset:-

119 1038 187 1064 ditur
194 1036 212 1062 iz
221 1039 269 1061 Ba-

119 1087 194 1104 roma.

124 1414 212 1447 Neque
223 1418 274 1434 me-

124 1450 170 1477 ltias
180 1448 197 1475 a}
212 1453 275 1475 Stu—

125 1499 198 1532 reim.

136 2865 205 2892 Rem
212 2873 290 2892 taxat

136 2905 244 2932 Ambro-

130 2944 197 2980 fium
214 2948 263 2970 Ba<

136 2994 218 3009 ramus
229 3004 235 3015 ,
256 2985 278 3009 i-

134 3022 172 3059 pse
188 3031 271 3049 tamen

138 3064 224 3088 rec'tms
240 3071 279 3088 ta-

138 3103 242 3128 xandzss.

270 146 317 177 65
361 134 371 141 “
987 126 1029 165 H

332 209 408 244 Satis
421 207 474 241 ista
487 204 552 239 sunt
575 204 611 238 ad
627 202 803 251 quaestionis
816 200 1023 235 solutionem:

274 271 435 306 antequam
448 268 549 290 tamen
562 254 634 288 hinc
647 253 753 287 abiero
765 253 884 298 aliquot
897 248 1026 284 cavenda

275 306 486 356 praemonebo.
516 303 642 342 Primo,
663 302 778 349 nequis
793 300 944 334 existimet
956 300 1027 332 Ma-

276 360 351 392 riam
370 356 517 403 virginem
531 366 565 388 ex
579 353 662 387 tribu
682 351 836 389 Levitica,
868 349 930 382 hoc
944 348 1027 381 enim

277 406 373 453 ipsum
388 416 464 444 erat,
482 403 568 451 quod
582 400 729 435 Gnostici
742 405 773 436 &
785 398 907 443 Faustus
917 399 1028 431 Mant-

277 457 366 489 chaeus
389 465 497 488 contra
520 452 614 486 fidem
640 448 846 484 Christianam
870 447 1029 495 urgebant.

630 131 923 169 OPERis

277 505 501 540 Concedimus,
515 499 753 548 eAugustinnm,
774 501 1030 546 Qazianzemtm
1048 527 1049 530 Ἰ

279 560 310 590 δι
323 555 398 588 alios
411 553 526 586 multos
541 553 643 585 Patres
651 547 801 583 affirmare
809 544 970 580 Christum
978 542 1030 575 de-

279 601 420 638 scendisse
433 614 497 635 non
514 610 632 634 tantum
651 611 686 631 ex
705 596 811 642 Regio
829 604 941 641 genere
954 593 1029 624 ‘Da-

280 653 375 691 vidis,
401 650 451 685 sed
464 652 554 685 etiam
568 662 602 683 ex
616 645 792 680 fixeerdotali
806 654 918 691 genere
930 643 1010 675 Lem·
1022 663 1032 679 ,

280 706 459 746 Lucamque
472 711 566 747 genus
580 700 642 739 ejus
656 693 838 727 sacerdotale
852 690 1034 728 describere,

280 752 353 786 sicut
372 749 566 787 ffl'fflztthaeus
585 744 712 791 Regale.
743 741 869 776 Sedista
882 752 953 775 cum
966 751 1034 787 gra-

282 814 325 834 no
343 799 403 833 salis
418 794 620 843 intelligenda.

330 848 479 883 Baronius
493 845 577 879 τεξὶὲ
590 841 728 877 taxatura
738 839 903 884 Can-stabam
921 862 930 875 ‚
948 835 1035 885 quod

285 897 458 932 testimonia
474 898 596 929 Patrum
610 892 647 926 de
658 889 835 925 sacerdotali
849 887 969 924 Christi
982 898 1036 934 ge-

285 960 356 982 nere
367 947 492 984 recitet,
518 949 549 979 &
568 942 630 976 fine
642 941 703 976 ulla
716 938 912 975 distinetione
925 949 1037 985 appro-

286 998 352 1031 bet:
379 1006 459 1030 certe
473 1006 537 1027 non
556 991 612 1025 stat
626 1003 697 1025 cum
708 987 882 1024 Christiana
894 986 975 1026 fide,
1005 997 1038 1019 ut

287 1045 427 1082 Christus
440 1044 474 1078 sit
487 1041 624 1077 sacerdos
635 1040 810 1074 Leviticus:
835 1050 905 1071 nam
913 1062 924 1077 ‚
939 1047 972 1070 ut
983 1035 1037 1069 ha-

287 1098 339 1130 bet
359 1092 529 1141 Apostolus
548 1090 646 1125 Hebr.
660 1102 693 1136 7.
708 1091 745 1129 ier.
759 1100 863 1134 13.14.
894 1084 1036 1122 Christus

286 1144 343 1179 fuit
356 1145 393 1178 de
406 1143 488 1177 tribu
501 1140 573 1175 luda
583 1165 593 1180 ,
617 1152 653 1173 ex
666 1141 728 1185 qua
735 1138 831 1171 nullus
839 1132 1039 1183 potuitinser-

286 1196 350 1229 vire
363 1193 445 1228 altari
460 1191 630 1225 Aaronico.
665 1185 797 1221 Fortasse
817 1190 935 1225 Patres,
960 1197 1040 1232 quos

288 1255 320 1278 ut
333 1241 427 1278 crasse
442 1251 574 1275 errantes
590 1238 634 1272 ibi
654 1247 742 1271 notat
768 1234 952 1280 Caufhbonus
966 1239 996 1269 &
1010 1246 1042 1267 a-

288 1294 338 1332 lii,
363 1289 493 1326 excusari
517 1287 638 1336 possunt
657 1286 695 1319 ab
709 1298 814 1319 errore
828 1284 998 1318 commoda
1011 1295 1042 1315 a-

289 1344 374 1390 liqua
386 1339 600 1376 distinctione,
626 1335 714 1382 quod
728 1334 854 1380 quidem
867 1330 972 1366 sedulo
987 1343 1043 1365 co-

290 1399 377 1426 natur
389 1391 552 1423 Snareu‘us
564 1386 617 1420 ubi
631 1384 716 1431 supra
731 1384 858 1431 gemino
879 1381 943 1416 hoc
955 1393 1044 1416 com-

291 1451 409 1476 mento.
440 1439 527 1472 Prius
540 1435 583 1470 est
601 1435 733 1469 Mariam
747 1433 868 1466 beatam
880 1431 1045 1479 virginem,

292 1491 337 1525 vel
352 1502 404 1536 per
417 1486 514 1526 suam,
535 1487 580 1520 vel
594 1496 647 1531 per
662 1483 786 1526 alicujus
800 1494 836 1515 ex
850 1480 907 1515 suis
920 1480 1048 1525 majori-

291 1541 349 1574 bus
362 1548 491 1571 matrem
509 1560 518 1575 ,
544 1534 683 1580 adeoque
704 1543 757 1578 per
770 1531 881 1565 lineam
895 1543 960 1564 non
972 1527 1047 1564 mas-

290 1589 421 1623 culinam
436 1584 485 1620 sed
498 1583 694 1619 foemininam
709 1594 744 1615 ex
756 1578 874 1614 familia
886 1577 971 1614 fuisse
983 1582 1048 1613 Aa·

290 1640 377 1672 rom's.
391 1636 544 1673 Alterum,
558 1632 682 1667 asserere
691 1629 1049 1670 Patres‚Christilineam

290 1687 369 1734 apud
382 1688 498 1720 Lucam
513 1682 571 1719 esse
583 1680 817 1720 sacerdotalem,
846 1680 877 1712 in
891 1677 974 1712 sensu
987 1690 1052 1713 tan-

292 1737 360 1772 tum
375 1735 505 1782 mystico
519 1745 583 1767 non
597 1732 721 1766 literali:
743 1730 814 1778 quia
826 1727 936 1763 scilicet
948 1731 1053 1764 Davi-

294 1787 336 1820 dis
346 1785 424 1819 filius
435 1785 470 1819 ad
478 1796 570 1832 quern
583 1784 680 1816 Lucas
688 1778 806 1815 Christi
813 1778 941 1820 stemma
948 1776 1053 1818 refert,

296 1833 428 1880 ejusdem
443 1833 579 1868 nominis
593 1829 650 1866 fuit
658 1843 729 1865 cum
742 1827 897 1876 Propheta?
913 1829 1053 1877 chan

297 1886 352 1932 qui
364 1885 568 1930 expiationem
582 1882 714 1927 peccati,
728 1892 794 1926 quae
807 1879 890 1912 affixio
898 1875 956 1912 fuit
963 1876 1055 1912 sacer-

298 1934 427 1971 dotalis,
454 1930 573 1966 Davidz'
594 1930 774 1977 praedicavit.
810 1928 871 1962 Sed
893 1940 1002 1963 vereor
1014 1940 1053 1961 ne

299 1985 367 2023 πφιὶ
384 1983 444 2014 haec
463 1983 589 2021 ᾳωέξμφκθο
608 1982 709 2014 Patres
727 1977 743 2011 a
757 1990 843 2012 naevo
856 1990 921 2011 non
934 1976 1055 2024 poffunt

298 2028 416 2064 salvare.
441 2030 523 2063 Nam
538 2029 618 2074 prius
631 2028 668 2062 de
681 2039 793 2075 genere
806 2027 990 2061 Sacerdotali
1002 2039 1056 2074 per

300 2080 410 2113 lineam
425 2090 590 2112 maternam
605 2076 738 2111 omnino
747 2075 791 2110 est
798 2077 979 2122 precarium,
987 2077 1055 2110 nul-

299 2129 328 2162 lst
340 2141 396 2162 nec
410 2128 543 2165 ratione,
557 2140 613 2161 nec
627 2127 810 2160 auctoritate
822 2126 931 2160 nitens.
944 2125 1054 2160 Poste-

300 2178 361 2210 rius
375 2176 418 2210 est
431 2178 587 2209 inventum
602 2175 720 2208 Thomae
728 2175 883 2221 Angelicae
892 2174 979 2222 plane
986 2174 1056 2209 sub-

301 2226 432 2263 tilitatiS,
458 2224 544 2270 quod
568 2225 638 2257 licet
657 2224 694 2256 ab
710 2221 838 2268 Hispani
850 2224 970 2269 Jesuitae
985 2236 1056 2257 acu-

302 2275 384 2308 mine
399 2273 492 2307 valeat
505 2271 651 2318 perspici,
670 2270 773 2304 nostra
780 2282 882 2303 tamen
897 2270 1056 2302 hebetudo

302 2324 414 2356 nullam
432 2322 462 2354 in
483 2334 523 2354 eo
541 2321 668 2354 rationis
685 2320 817 2357 micam,
843 2318 956 2352 nullam
969 2330 1056 2365 argu-

302 2371 398 2405 menti
413 2370 552 2404 umbram
566 2366 727 2415 dignoscit.

349 2423 451 2454 Patres
477 2419 602 2465 quidem
616 2430 673 2464 pro
695 2416 743 2450 sufi
767 2414 913 2451 sententiz'i
928 2412 1058 2449 afferunt

301 2473 436 2514 Luc.1.5.
448 2472 478 2502 δε
492 2473 538 2514 36.
552 2466 633 2501 unde
646 2465 685 2500 fic
696 2465 922 2501 ratiocinantur.
946 2465 1056 2498 Eliza-

303 2519 388 2553 hetha
413 2517 566 2551 Zacharia
585 2528 663 2550 uxor
674 2525 736 2549 erat
748 2527 784 2548 ex
798 2514 919 2549 filiabus
931 2516 1056 2548 Aaron:

304 2569 402 2615 Atqui
426 2568 526 2601 Maria
540 2565 657 2600 Christi
681 2575 777 2599 mater
795 2562 853 2598 fuit
878 2562 1056 2598 Elizabethae

303 2615 535 2665 consanguinea.
547 2613 723 2662 Responsio
735 2612 829 2647 facilis
837 2612 898 2652 est,
913 2613 1055 2648 Elimbe-

302 2667 352 2700 thae
365 2678 493 2700 matrem
506 2675 555 2699 aut
568 2665 666 2698 aviam
688 2660 746 2697 esse
771 2661 900 2709 potuisse
917 2662 955 2696 de
973 2663 1055 2696 tribu

304 2716 375 2749 luda
383 2740 392 2755 ,
407 2716 546 2762 adeoque
558 2713 665 2747 Mariae
680 2711 755 2758 patri
769 2723 818 2745 aut
831 2723 887 2745 avo
894 2721 1056 2758 quantum-

305 2766 349 2798 vis
370 2766 574 2811 propinquam
586 2787 596 2802 ‚
627 2761 703 2795 nihil
719 2761 801 2795 enim
819 2760 939 2795 vetabat
954 2762 1054 2794 Sacer-

305 2815 392 2848 dotes
403 2827 513 2848 uxores
526 2814 636 2848 ducere
644 2810 770 2845 detribu
779 2809 871 2857 Judae,
886 2821 919 2844 ut
926 2808 1055 2844 dietum.

352 2863 454 2897 Reffle
478 2863 528 2897 hic
552 2872 631 2896 taxat
655 2858 856 2893 Ambrofium
880 2860 1032 2893 Batonius
1045 2884 1055 2900 ,

306 2913 391 2958 quod
402 2911 614 2947 Elizabetham
628 2909 732 2943 statuat
746 2910 777 2942 in
788 2910 870 2943 tribu
883 2908 972 2947 luda,
986 2909 1056 2942 licet

306 2962 403 2995 Lucas
421 2960 557 3008 expresse
570 2973 637 2994 eam
657 2957 787 2992 affirmet
800 2971 835 2992 ex
848 2957 968 2991 filiabus
986 2960 1054 2989 Aa·

306 3021 366 3042 ron.
386 3012 445 3044 Sed
456 3023 520 3044 uon
534 3009 634 3044 minus
647 3007 861 3055 vituperandus
869 3005 912 3041 est
922 3003 982 3053 ipse
995 3007 1053 3040 Ba-

307 3059 409 3091 tonius
419 3083 427 3097 ,
441 3059 525 3106 quod
538 3061 568 3092 in
581 3059 637 3092 hac
651 3058 804 3091 literarum
812 3058 879 3091 luce
888 3056 989 3090 multis
997 3068 1054 3103 pu-

305 3106 451 3139 tidiffimis
465 3109 501 3141 de
510 3108 607 3141 Marici
620 3106 728 3141 fabulis
736 3108 959 3155 patrocinetur,
973 3104 1055 3153 quasi

304 3153 363 3202 ipsa
388 3155 465 3188 inter
484 3154 651 3190 sacerdotes
669 3167 752 3195 nata,
779 3154 986 3190 sacerdotibus
999 3155 1054 3189 tti-

303 3204 385 3240 mula
397 3204 411 3238 a
425 3204 599 3251 parentibus
612 3206 717 3240 tradita
731 3205 781 3245 fit,
797 3210 828 3241 &
841 3205 880 3240 ab
893 3205 928 3240 iis
936 3206 967 3240 in
980 3206 1054 3239 San-

1059 138 1431 166 ISTORICI

1062 202 1116 235 ἂο
1130 199 1315 234 &melorum
1327 196 1479 245 depofita‚
1493 197 1547 231 ubi
1559 210 1612 245 per
1625 211 1721 235 annos
1735 210 1821 234 totos

1063 250 1205 285 undecim
1219 246 1378 287 remansit,
1392 259 1548 294 nunquam
1561 248 1631 281 inde
1647 250 1750 284 exiens
1763 251 1823 284 do-

1063 313 1120 334 nec
1131 311 1213 333 anno
1224 297 1278 332 suo
1292 297 1418 331 decimo
1431 297 1527 331 tertio
1540 296 1578 331 ab
1598 296 1633 330 iis
1651 298 1825 332 Sacerdoti-

1065 350 1122 383 bus
1136 348 1246 396 lofhpho
1260 348 1291 380 in
1303 347 1538 380 matrimonium
1552 346 1651 380 locata
1664 344 1746 380 esset.
1770 348 1827 380 Fa-

1066 409 1145 432 tetur
1159 397 1231 430 alibi
1243 396 1411 435 Batonius,
1434 395 1637 444 Nicephorum
1656 395 1765 429 harum
1784 393 1828 429 fa-

1067 447 1206 480 bularum
1219 455 1469 491 propagatorem,
1479 444 1500 478 fi
1513 457 1578 478 non
1586 445 1758 483 au&orem,
1767 444 1830 478 ho-

1067 496 1186 529 minem
1204 491 1262 527 effe
1274 493 1523 540 nugacissimum,
1548 498 1579 528 &
1593 496 1735 529 auctores
1750 493 1800 528 hic
1814 493 1831 527 a

1067 543 1234 592 Nicepharo
1255 543 1365 576 citatos
1391 542 1605 591 Hippolytum
1625 541 1826 578 Portuensem

1070 598 1101 629 &
1115 592 1270 628 Evodium
1284 590 1518 625 Antiochenum
1533 591 1590 626 esse
1603 593 1690 640 plane
1699 591 1832 640 supposi-

1069 644 1166 678 titios.
1191 643 1339 675 Attamen
1353 641 1424 688 quia
1436 653 1495 675 nos
1514 640 1650 688 ipsorum
1663 655 1758 690 nugas
1773 653 1834 675 no-

1070 693 1170 727 lumus
1185 690 1329 738 amplee‘ti
1343 700 1451 724 contra
1465 690 1637 725 clarissimas
1650 693 1835 739 Scripturas,

1071 755 1138 789 quae
1160 741 1278 774 nullum
1301 740 1479 774 mortalium
1496 740 1574 774 intra
1592 741 1739 775 Sanffitum
1760 742 1836 774 San-

1072 792 1197 825 &orum
1215 788 1378 823 admittunt
1390 799 1498 836 praeter
1510 802 1607 824 unum
1629 790 1834 829 Pontificem,

1073 841 1165 887 idque
1178 837 1270 872 semel
1281 837 1400 873 tantum
1412 839 1588 885 quotannis,
1604 851 1790 875 novatorum
1804 843 1836 874 &

1072 888 1288 923 haereticorum
1301 886 1411 934 elogiis
1429 888 1532 921 ornari
1542 887 1692 923 habemus
1705 887 1833 924 necesse.

1074 988 1128 1022 lib.
1143 992 1174 1021 6.
1191 987 1229 1021 de
1243 984 1367 1032 Repub.
1381 996 1481 1033 capa.
1494 997 1610 1033 paragr.
1620 1000 1651 1033 7.
1679 986 1836 1022 Pontificii

1074 1099 1133 1135 pro
1154 1084 1333 1119 stabilienda
1350 1087 1438 1131 Papae
1460 1085 1640 1120 monarchia
1652 1086 1815 1132 temporali
1827 1110 1839 1125 ‚

1077 1139 1155 1170 inter
1171 1135 1226 1168 alia
1249 1133 1312 1168 hoc
1330 1134 1423 1167 etiam
1442 1135 1644 1182 arripuerunt.
1695 1133 1840 1171 Christus

1080 1185 1256 1232 (inquiunt)
1272 1195 1305 1217 ut
1319 1182 1459 1217 ‘Davidis
1473 1183 1619 1219 succeffor
1629 1188 1676 1230 jus
1683 1184 1792 1218 habuit
1803 1184 1841 1219 ad

1079 1237 1226 1282 Regnum
1243 1233 1414 1278 temporale
1427 1231 1540 1268 Israelis
1551 1258 1560 1271 ‚
1583 1236 1672 1282 Ergo
1686 1236 1750 1279 ejus
1763 1234 1842 1270 vica·
1892 1268 1895 1271 ,

1080 1285 1142 1318 rius
1155 1285 1233 1330 Papa
1248 1284 1296 1327 jus
1305 1281 1397 1316 habet
1405 1282 1441 1316 ad
1455 1284 1626 1330 temporale
1634 1286 1783 1331 Regnum
1791 1293 1845 1318 to-

1080 1334 1139 1367 tius
1148 1330 1290 1366 Ecclefiae
1304 1330 1487 1367 universalis.
1507 1333 1685 1379 spalatensis
1693 1345 1760 1367 non
1768 1344 1846 1367 con-

1081 1393 1183 1418 tentus
1197 1379 1329 1426 rejecisse
1343 1379 1611 1427 consequentiam,
1637 1383 1729 1416 nimis
1743 1392 1847 1416 teme-

1082 1433 1116 1468 re
1131 1431 1248 1466 involat
1267 1431 1360 1464 etiam
1373 1430 1406 1462 in
1425 1430 1617 1465 antecedens.
1644 1432 1743 1467 Cert‘e
1757 1430 1847 1464 multi

1083 1495 1119 1516 ex
1131 1479 1311 1515 doetiffimis
1323 1489 1386 1512 tam
1399 1478 1639 1512 Protestantium
1654 1479 1748 1527 quam
1761 1482 1847 1513 Pon·
1877 1491 1885 1499 ·

1083 1530 1252 1566 tificiorum
1271 1526 1350 1562 stant
1371 1538 1429 1574 pro
1448 1529 1514 1571 jure
1527 1527 1646 1562 Christi
1664 1538 1698 1562 ut
1711 1526 1768 1562 filii
1780 1529 1850 1563 Da-

1084 1579 1164 1614 vidis
1183 1579 1220 1614 ad
1239 1578 1386 1625 Regnum
1405 1577 1577 1624 temporale
1594 1577 1792 1625 Judaeorum,
1817 1580 1851 1612 δι

1087 1641 1153 1678 quae
1167 1641 1202 1663 ex
1215 1625 1338 1663 adverso
1358 1623 1456 1661 adfert
1479 1626 1658 1675 Spalatenfis
1671 1636 1850 1676 argumenta

1087 1691 1153 1714 non
1162 1677 1229 1712 sunt
1239 1675 1373 1712 difficilia
1386 1674 1496 1711 solutu.
1514 1677 1574 1711 Sed
1587 1678 1673 1726 quod
1681 1678 1712 1711 in
1719 1677 1777 1711 hac
1784 1687 1852 1711 non

1088 1727 1250 1764 necessaria
1270 1725 1440 1775 quaestione
1464 1724 1526 1774 ipse
1539 1728 1656 1774 primus
1668 1725 1739 1775 post
1753 1726 1852 1760 Gno-

1089 1779 1182 1813 sticos
1201 1781 1233 1813 δε
1251 1776 1443 1811 Manichaeos
1455 1787 1563 1811 contra
1576 1790 1688 1813 omnes
1700 1774 1853 1812 Christia-

1090 1842 1148 1863 nos
1162 1825 1304 1876 profert,
1330 1825 1525 1861 tolerandum
1538 1839 1603 1861 non
1616 1826 1674 1863 est,
1704 1826 1852 1860 nimirum

1091 1889 1123 1914 ut
1135 1876 1305 1925 temporale
1317 1876 1350 1909 in
1362 1877 1466 1909 ludaeos
1478 1877 1626 1923 Regnum
1639 1876 1676 1910 ad
1689 1873 1852 1910 Christum

1092 1939 1284 1976 nequaquam
1292 1924 1424 1973 spectare
1434 1925 1635 1966 demonstret,
1644 1923 1773 1959 affirmat
1780 1935 1853 1970 pro-

1092 1978 1157 2013 bari
1170 1989 1235 2011 non
1248 1974 1333 2023 posse
1352 1975 1473 2009 beatam
1494 1975 1646 2022 virginem
1657 1974 1704 2010 vel
1717 1974 1754 2008 ad
1767 1971 1855 2007 fami-

1093 2029 1165 2063 liam
1179 2025 1313 2061 Davz'dis
1336 2024 1383 2060 vel
1397 2025 1434 2058 ad
1459 2024 1574 2058 tribum
1594 2024 1669 2058 luda
1693 2020 1851 2070 spefflfiffe:

1093 2075 1254 2114 Christum
1267 2086 1369 2109 tamen
1377 2074 1414 2108 ad
1426 2073 1533 2107 ludam
1545 2078 1577 2109 &
1589 2072 1746 2108 Davidem
1755 2068 1853 2104 refer-

1093 2128 1119 2161 ri
1129 2139 1184 2174 per
1197 2125 1347 2173 Iofi’phum
1359 2126 1445 2168 cujus
1459 2122 1538 2157 filius
1553 2123 1656 2169 legalis
1669 2130 1732 2154 erat
1746 2132 1755 2153 ε
1786 2131 1852 2166 quo

1094 2189 1158 2210 uno
1169 2177 1236 2220 jure
1247 2174 1284 2208 acl
1304 2172 1441 2208 Davidis
1457 2169 1603 2205 familiam
1616 2167 1789 2216 speftaffet,
1815 2168 1854 2201 li-

1094 2235 1143 2257 cet
1157 2234 1253 2256 mater
1267 2234 1302 2253 ex
1316 2222 1397 2253 tribu
1410 2222 1492 2253 Levi
1504 2230 1555 2253 aut
1568 2218 1731 2268 Ephraim,
1757 2227 1808 2251 aut
1819 2229 1854 2250 a·-

1095 2271 1134 2303 lia
1149 2269 1254 2315 quavis
1267 2265 1366 2301 fuisset
1378 2267 1517 2301 oriunda.

1141 2317 1297 2351 Sententia
1315 2316 1380 2349 haec
1398 2315 1493 2349 audax
1511 2314 1555 2348 est
1580 2318 1612 2350 δέ
1637 2327 1733 2355 nova,
1759 2328 1853 2362 quam

1092 2365 1285 2414 Spanhemius
1297 2364 1480 2398 Dubiorum
1492 2375 1576 2411 parte
1589 2377 1613 2399 1.
1634 2364 1742 2399 dubio.
1752 2376 1853 2411 1z.pa-

1094 2427 1169 2463 ragr.
1185 2421 1232 2460 36.
1261 2413 1342 2448 belle
1360 2412 1427 2448 satis
1440 2414 1581 2454 dedolat,
1606 2426 1666 2448 nos
1677 2426 1772 2462 pauca
1784 2424 1853 2447 tan-

1093 2464 1160 2499 tiim
1173 2463 1331 2498 addemus.

1140 2513 1250 2549 Primo
1263 2512 1338 2547 nihil
1352 2513 1458 2547 lucrari
1471 2510 1677 2560 Spalatensem
1688 2524 1724 2546 ex
1736 2510 1792 2546 hac
1802 2509 1853 2547 fisa

1092 2562 1270 2610 hypothesi,
1298 2574 1368 2595 nam
1388 2560 1551 2597 secundum
1570 2574 1637 2596 eam
1657 2560 1800 2596 Christus
1820 2562 1852 2594 in

1081 2613 1197 2647 'omnia
1214 2614 1279 2657 jura
1292 2610 1346 2644 filii
1364 2611 1469 2659 legalis
1482 2611 1591 2660 Iosephi
1609 2609 1742 2646 succeffit
1756 2636 1766 2650 ,
1791 2614 1852 2656 jam

1092 2662 1167 2696 vcro
1180 2673 1245 2694 non
1259 2659 1361 2694 minsis
1381 2660 1438 2694 filii
1456 2662 1566 2708 legales
1584 2660 1677 2708 quam
1703 2660 1850 2694 naturales

1092 2710 1292 2744 succedebant
1306 2710 1338 2742 iu
1352 2709 1543 2744 haereditates
1556 2734 1566 2750 ,
1592 2710 1659 2744 imo
1678 2710 1710 2743 iu
1729 2711 1851 2755 Regna,

1093 2759 1171 2794 adeo
1185 2769 1218 2793 ut
1231 2758 1293 2793 hoc
1307 2757 1372 2806 ipso
1391 2762 1456 2803 jure
1470 2759 1525 2794 filii
1545 2760 1648 2806 legalis
1665 2756 1806 2792 succeffio
1821 2757 1852 2790 in

1093 2810 1240 2857 Regnum
1254 2808 1388 2842 Davidz's
1395 2808 1524 2844 Christo
1535 2809 1706 2843 deberetur.
1725 2805 1756 2839 Si
1770 2806 1853 2840 exci-

1093 2859 1199 2905 piatur,
1207 2857 1323 2906 Joftpho
1331 2858 1408 2891 alios
1420 2856 1505 2892 fuiss'e
1516 2856 1661 2891 naturales
1668 2854 1752 2888 filios
1759 2854 1853 2889 Chri-

1092 2907 1142 2941 sto
1159 2907 1249 2953 legali
1262 2909 1407 2950 majores.
1421 2906 1515 2952 Resp.
1539 2906 1614 2939 Hoc
1627 2903 1853 2952 quidemaqui-

1092 2953 1217 2990 busdam
1227 2965 1289 2988 tarn
1302 2955 1455 2989 veteribus
1470 2954 1562 3000 quam
1572 2953 1795 2987 recentioribus
1808 2951 1852 2987 as-

1092 3003 1200 3051 seritur
1207 3028 1218 3044 ,
1233 3001 1282 3038 sed
1295 3003 1385 3051 gratis
1396 3002 1457 3037 sine
1471 3003 1532 3039 ulla
1546 3000 1639 3038 solida
1651 3002 1850 3050 probatione,

1092 3059 1123 3090 δε
1137 3053 1154 3088 a
1165 3052 1303 3101 pluribus
1316 3063 1451 3100 negatur.

1139 3102 1292 3138 Secundo.
1317 3102 1471 3136 Sententia
1485 3102 1550 3136 haec
1569 3114 1634 3136 non
1646 3101 1766 3136 tantum
1779 3103 1850 3134 Ma-

1091 3152 1166 3186 riam
1179 3152 1227 3186 sed
1240 3149 1335 3199 ipsum
1348 3150 1510 3186 Christum
1524 3164 1559 3185 ex
1573 3151 1656 3186 tribu
1668 3151 1747 3200 Jndae
1760 3154 1791 3185 δι
1804 3147 1848 3182 fa-

1091 3202 1176 3238 milia
1189 3201 1326 3238 Davidis
1338 3201 1440 3246 ejicit,
1464 3213 1535 3236 nam
1554 3201 1659 3236 locum
1677 3202 1708 3236 in
1721 3200 1849 3244 utraque

1736 3248 1764 3282 ei
1784 3246 1849 3280 affi-

1075 2601 1078 2619 l

1121 935 1264 972 Secundo
1279 934 1447 970 cavendum
1466 935 1483 970 a
1498 934 1646 973 sententia
1658 936 1836 984 Spalatenfis
1851 929 1998 1010 {szlssleo’ff

1075 1036 1263 1071 Gnathones
1283 1034 1419 1082 undique
1443 1036 1638 1070 corradentes
1658 1033 1838 1083 sophismata
1854 1022 1925 1080 2νῖἵῖ
1936 1009 2009 1048 refel.
