2048 3343
283 98 365 131 300
637 80 949 117 OPER13

282 161 387 192 Brutus
397 153 449 189 cui
460 153 603 189 Galliam
617 151 828 187 Provinciam
841 163 914 185 cum
926 150 1037 184 multis

284 205 472 253 legionibus
490 203 664 239 tribuerat,
684 202 790 236 oravit
809 214 849 234 ne
869 201 969 234 vellet
987 198 1039 233 su-

285 252 530 302 perstitionibus
549 252 739 298 indulgeret
766 263 806 284 eo
820 250 870 283 die
882 249 1039 284 constitu-

286 315 406 339 tuin,ut
419 299 694 337 senatusconsulto
705 300 776 333 Rex
788 301 939 333 omnium
953 310 1042 334 extra

288 352 411 387 Italiam
446 353 689 386 provinciarum
725 346 935 382 deciararetur
955 374 964 387 ‚
997 350 1041 381 ita

288 413 389 436 manu
401 401 600 449 prehendens
612 400 714 433 domo
724 398 866 432 deduxit.
894 401 928 432 lii
941 396 989 432 vixi
1001 396 1040 430 ab

288 451 497 486 eArtemidoro
518 449 623 483 Gnidio
639 447 786 482 schedula
804 459 912 481 totum
927 449 1038 489 conju-

287 502 421 536 rationis
433 505 496 547 jam
507 500 620 533 multis
632 499 878 532 communicatae
891 496 1042 528 ordinem

289 551 463 585 continens
473 553 505 583 in
518 561 647 583 manum
662 547 776 581 tradita
785 546 846 578 est:
876 543 924 576 sed
937 544 1041 589 legere

287 599 429 639 distulit,
448 610 625 646 occupatus
644 598 736 630 variis
752 595 790 627 de
808 591 961 626 industria
977 590 1044 626 totfi

287 648 338 682 vifi
349 652 592 692 conjuratorum
606 644 802 690 colloquiis:
831 638 906 674 cum
920 643 953 675 in
970 640 1041 675 sellai

285 697 405 732 sediffet
417 702 449 732 δε
462 696 630 733 Antonium
641 690 798 726 Trebonius
808 702 894 724 extra
906 691 1039 725 Curiam

284 746 572 786 detineret,Tullius
583 741 698 777 cimber
710 753 769 787 pto
781 738 884 773 fratris
894 739 933 773 ab
943 741 1040 773 exilio

284 797 493 832 revocatione
514 804 609 827 orans
621 815 629 829 ‚
648 801 706 823 nec
720 800 834 822 votum
847 791 1022 834 impetrans
1035 813 1042 824 ‚

283 846 395 892 Caefliri's
409 854 600 890 purpuream
611 840 626 874 Ξι
636 840 764 885 ρεᾶοτε
772 850 882 884 togam
895 837 1017 872 divellit
1032 851 1039 870 ε

284 906 317 927 ut
333 894 458 941 signum
474 893 537 927 lioc
550 889 765 925 constitutum
777 889 939 932 conjurati
957 900 1035 921 con-

271 937 453 989 'spexerunt
465 966 473 980 ‚
490 953 606 975 omnes
620 952 693 974 eum
718 938 920 985 pugionibus
940 938 1037 970 advo-

279 992 389 1026 larunt
401 1015 409 1028 ‚
424 1004 498 1026 cum
514 992 627 1037 primis
640 986 861 1036 perculsorum
883 990 967 1033 Caefiir
981 988 1034 1020 ali-

281 1041 426 1086 quandiu
441 1039 634 1075 collustatus
646 1038 701 1073 est,
712 1037 763 1070 sed
777 1049 811 1070 ut
824 1041 948 1070 Brutum
964 1039 996 1070 in
1010 1035 1038 1070 se

281 1102 428 1126 ruentem
443 1089 522 1124 vidit
532 1113 541 1128 ,
569 1086 698 1123 tantum
710 1084 820 1120 effatus
832 1110 840 1123 ‚
859 1090 891 1121 &
907 1098 940 1119 tu
953 1098 1035 1134 quo-

284 1154 348 1189 que
367 1139 575 1185 mifilicaput
588 1138 665 1187 tog&
687 1138 859 1171 involvens
871 1136 899 1170 se
915 1135 1038 1182 placide

282 1191 315 1225 in
328 1190 463 1224 humum
478 1187 622 1224 demisit,
641 1187 724 1221 unde
733 1187 851 1220 ῐῑειᾶυς
863 1186 901 1219 ad
915 1187 1040 1232 Pompeii

280 1238 422 1286 effigiem
435 1238 473 1273 ad
484 1241 550 1281 ejus
562 1237 657 1284 pedes
669 1237 787 1283 viginti
802 1237 949 1283 quinque
968 1237 1022 1268 vul

281 1288 576 1323 neribuslaceratus
587 1287 756 1333 expiravit.
777 1286 952 1318 Curaverat
967 1288 1039 1316 Bru-

281 1349 327 1373 tus
349 1351 389 1372 ne
407 1336 550 1372 caedibus
572 1338 654 1370 ultra
673 1332 905 1381 grassarentur,
930 1335 1040 1381 itaque

281 1387 434 1424 Antonius
447 1386 607 1432 trepidans
617 1385 753 1418 domurn
767 1383 897 1427 evadere
910 1381 1038 1428 permis-

1008 75 1492 114 HlsT0R1ct

1129 147 1237 181 Prima
1249 147 1277 180 ei
1289 159 1362 181 cura
1375 146 1439 182 fuit
1452 150 1578 184 Decium
1596 153 1716 187 Brutum
1730 151 1834 188 Cisal-

1084 195 1156 244 pinz‘i
1175 195 1283 230 Gallia
1301 195 1353 230 sua
1372 198 1543 232 Provincia
1563 198 1706 246 spoliare.
1734 204 1837 238 Hunc

1085 247 1163 281 dum
1177 246 1315 281 Mutinae
1334 246 1460 280 obsidet
1472 270 1480 282 ‚
1499 249 1632 282 Senatus
1643 274 1650 286 ,
1671 253 1806 299 quitum
1820 251 1840 286 εὶ

1087 300 1224 329 Cicerone
1234 307 1324 329 totus
1337 296 1497 343 pendebat
1508 323 1517 336 ,
1538 297 1662 332 hostem
1675 301 1755 335 dixit
1765 327 1774 342 ‚
1807 306 1841 337 ὅ(

1087 346 1127 378 ad
1139 359 1213 379 eum
1229 344 1479 392 persequendum
1492 347 1728 383 Oc‘laviumcum
1743 363 1839 385 exer-

1089 395 1155 427 citu
1168 394 1268 427 misit:
1298 395 1376 428 dum
1398 396 1436 429 ad
1459 396 1621 431 Mutinam
1644 399 1784 432 Offam'us
1804 404 1838 434 δε

1086 444 1253 476 eAntonius
1264 443 1441 484 decertant,
1457 447 1534 479 novi
1549 446 1706 481 Consules
1720 449 1839 482 Iahnius

1084 495 1114 524 δε
1126 492 1211 538 Panfiz
1223 492 1238 525 ii
1252 494 1368 526 Senatu
1382 495 1626 543 mittuntur‚qui
1640 499 1750 544 copias
1763 511 1841 533 cum

1085 541 1211 573 Ochum
1228 546 1467 590 conjungerent
1481 568 1490 582 ‚
1517 545 1665 590 inprimis
1680 558 1715 580 ut
1729 547 1841 581 debel-

1088 591 1151 623 lato
1164 592 1312 628 Antonio.
1331 592 1451 625 oriam}
1464 593 1582 626 milites
1595 594 1631 627 ad
1643 591 1670 627 se
1679 595 1843 631 abstrahe-

1087 651 1174 673 rent,
1194 640 1225 674 id
1238 639 1308 674 satis
1331 640 1520 687 perspiciens
1540 642 1680 676 Os‘lavius
1694 644 1845 680 diffiniu-

1085 688 1160 721 lavit
1172 713 1182 727 ,
1197 689 1248 722 sed
1263 692 1294 723 in
1307 691 1414 736 praelio
1434 702 1546 725 contra
1563 693 1730 728 Antonium
1751 706 1844 730 utro-

1085 751 1147 785 que
1161 738 1306 772 Consule
1323 739 1456 774 cadente
1471 764 1478 775 ,
1498 753 1565 774 non
1580 740 1703 780 inscio.
1728 755 1763 778 ut
1780 757 1845 792 pu-

1086 786 1212 821 tabatur
1225 812 1233 823 ‚
1252 788 1374 821 Oetam
1387 814 1395 828 ‚
1416 787 1511 824 facile
1526 789 1577 823 hic
1591 792 1760 827 Antonium
1773 797 1841 839 jam

1085 837 1204 869 νὶἑὶυῐῃ
1227 835 1243 869 a
1263 838 1401 870 Mutinae
1419 838 1593 874 obsidione
1605 841 1735 888 depulit.
1764 844 1842 878 No-

1083 886 1143 936 luit
1156 896 1265 918 tamen
1277 898 1351 919 cum
1369 887 1461 920 Decio
1476 890 1584 923 Brutoa
1598 888 1623 923 se
1635 891 1775 926 liberato
1788 905 1840 927 re·

1082 935 1147 968 dire
1157 936 1188 968 in
1200 937 1338 981 gratiam
1352 959 1359 972 ,
1378 935 1469 982 quod
1481 941 1724 990 conjuratorum
1738 942 1771 975 in
1784 955 1841 988 pa-

1082 996 1163 1018 trem
1177 984 1306 1018 hostem
1318 986 1344 1018 se
1356 996 1546 1034 perpetuum
1558 989 1757 1024 &vindicem
1770 990 1841 1027 sore

1083 1032 1221 1079 jurfisset.

1134 1086 1269 1117 Senatus
1281 1082 1319 1116 ab
1334 1083 1458 1118 OHavio
1469 1083 1528 1119 fibi
1538 1095 1686 1120 metuens
1699 1089 1842 1123 Marcum

1085 1137 1117 1166 Bi
1127 1145 1207 1166 utum
1219 1135 1250 1166 in
1265 1133 1540 1169 Macedoniam&
1553 1139 1656 1180 cajum
1671 1138 1794 1185 Cassmm
1807 1140 1843 1173 in

1087 1184 1207 1229 Syriam
1231 1181 1420 1217 submiserat
1437 1208 1446 1223 ,
1473 1186 1658 1219 Provincias
1686 1187 1790 1221 milite
1810 1191 1843 1222 &

1084 1231 1221 1278 pecunia
1250 1232 1286 1266 ad
1315 1231 1435 1266 bellum
1463 1234 1646 1268 Parthicum
1675 1234 1843 1270 destinatis

1084 1282 1213 1327 plenas5
1243 1285 1337 1316 Decio
1358 1286 1445 1316 Bmto
1466 1284 1498 1317 in
1511 1296 1633 1317 annum
1652 1283 1843 1331 sequentem

1086 1330 1232 1365 Consule
1244 1331 1432 1378 designato,
1452 1332 1613 1380 eiqucsoli
1627 1333 1716 1369 bello
1729 1346 1843 1369 contra

1087 1382 1273 1414 «Antonium
1287 1382 1467 1415 commiflo.

1132 1430 1334 1464 Oebavmshis
1354 1429 1485 1477 aliisque
1506 1428 1521 1464 ὲ
1541 1433 1656 1466 Senatu
1668 1443 1840 1467 contume·
1860 1441 1984 1472 ommim

1085 1479 1133 1511 liis
1146 1481 1289 1513 irritatus
1300 1482 1475 1513 exercitum
1488 1478 1580 1513 suum
1593 1479 1791 1518 subornavit,
1806 1492 1842 1516 ut
1859 1487 1992 1514 sumasn-

1086 1527 1141 1561 fibi
1156 1532 1324 1576 pecuniam
1343 1531 1373 1561 &
1396 1527 1456 1562 suo
1470 1529 1660 1574 Imperatori
1680 1529 1840 1565 Consula-
1858 1528 1970 1571 ‘⁰”i‘30‘

1085 1579 1184 1611 latum
1199 1591 1234 1611 ac
1251 1575 1454 1624 triumphum
1475 1577 1645 1624 postularet
1657 1604 1666 1620 ,
1692 1578 1767 1614 cum
1784 1579 1839 1614 ista
1860 1565 1992 1615 Pepffl‘fs‘

1085 1630 1218 1661 Senatus
1230 1628 1364 1675 negasset
1376 1651 1384 1665 ,
1399 1627 1504 1661 statim
1518 1628 1661 1662 Offavius
1673 1640 1748 1663 cum
1759 1631 1837 1664 oeto
1851 1616 1988 1686 {3:522}—

1084 1678 1269 1724 legionibus
1287 1677 1325 1711 ad
1345 1677 1458 1710 urbem
1480 1676 1510 1711 se
1532 1680 1675 1712 contulit
1691 1703 1700 1715 ‚
1721 1684 1751 1714 &
1766 1691 1837 1714 tum
1855 1691 1991 1720 matriam-

1086 1728 1172 1772 plura
1201 1728 1304 1774 petitis
1328 1725 1475 1761 concess‘a
1494 1725 1579 1762 sunt.
1617 1726 1707 1763 cum
1726 1728 1839 1764 consul
1853 1732 1946 1764 viratu.
1986 1728 1991 1733 ¹

281 1437 334 1472 sus
344 1438 387 1471 est
399 1461 406 1474 ,
428 1441 458 1471 &
475 1434 599 1482 Lepidus
611 1437 666 1483 qui
682 1433 831 1481 magister
843 1434 990 1480 equitum
1008 1434 1038 1465 in

280 1485 472 1519 suburbanis
492 1487 616 1531 aliquot
630 1483 940 1528 habebatlegiones,
961 1495 1040 1516 con·

281 1534 438 1570 sternatus
450 1536 479 1569 se
502 1535 686 1568 continuit:
712 1533 855 1579 populus
872 1533 990 1566 caedem
1009 1536 1039 1566 &

278 1584 479 1632 direptiones
500 1594 648 1617 metuens
666 1581 777 1615 silebat
796 1595 804 1615 τ
831 1583 989 1625 conjurati
1004 1580 1039 1615 eft

280 1635 422 1669 noetein
435 1633 608 1679 Capitolio
627 1630 871 1677 permanserunt
884 1655 892 1670 ‚
910 1632 961 1665 die
972 1644 1036 1665 cra-

281 1683 368 1718 stino
384 1687 434 1717 M.
447 1686 548 1716 Cicero
561 1685 592 1715 in
607 1683 727 1715 Senatu
739 1682 902 1728 peroravit
912 1681 951 1715 de
963 1694 1039 1728 pace

283 1737 318 1768 &
340 1733 509 1767 oblivione
528 1730 601 1766 ante
620 1732 779 1765 atstorum.
804 1729 854 1764 Εὸ
874 1727 1039 1764 lubentius

130 2087 253 2116 carivius

125 2130 222 2166 [ἐνιπαὶ

282 1783 434 1818 Antonius
447 1783 570 1816 Consul
584 1784 616 1814 in
628 1781 710 1814 hanc
725 1791 840 1828 pacem
861 1779 1039 1820 consensit,

282 1834 371 1880 quod
383 1833 438 1867 sibi
448 1846 514 1866 non
525 1831 654 1865 tantum
668 1830 685 1864 a
696 1831 872 1875 conjuratis
882 1830 932 1863 sed
942 1832 1038 1864 ctiam

283 1879 302 1914 a
317 1882 425 1927 Lepido
445 1885 478 1914 &
499 1882 625 1914 Oc‘lavio
648 1891 818 1914 metueret.
847 1880 973 1925 Lepidus
985 1882 1040 1927 qui

283 1931 431 1964 Galliam
453 1929 698 1977 Transalpinam
711 1942 786 1963 cum
810 1929 924 1962 multis
942 1932 1040 1974 legio-

282 1979 380 2013 nibus
392 1979 585 2027 poffidebat‚
596 1979 634 2016 ad
643 1980 757 2027 Caesiri's
767 1981 951 2026 potentiam
966 1978 1042 2027 aspi-

284 2026 388 2065 rabat.

336 2075 479 2112 Offavius
489 2077 601 2123 Caefiiris
614 2075 730 2112 sororis
742 2091 779 2112 ex
792 2076 856 2111 filifi
869 2075 978 2112 Mttia'
988 2091 1038 2112 ne·

289 2139 347 2173 pos
361 2151 369 2163 ‚
384 2125 402 2159 τὶ
416 2128 512 2173 Caefiire
530 2129 562 2160 in
582 2140 704 2161 nomen
716 2132 746 2160 &
759 2125 917 2161 familiam
931 2127 1043 2162 Testa-

122 2171 270 2238 -c‘wzgn‘
291 2186 404 2209 mento
427 2176 594 2221 adoptatus
624 2200 633 2215 ‚
671 2177 858 2210 o&odecim
883 2190 1045 2210 annorum

146 2221 173 2236 ra
247 2226 251 2228 ·

130 2259 222 2278 tontum
236 2259 270 2279 ω’

132 2289 254 2329 Lepidum.

290 2222 474 2257 adol-:scens
487 2225 673 2268 Apolloniae
683 2225 782 2257 literis
792 2237 923 2270 operam
936 2224 1044 2259 dabat,

290 2285 325 2307 ut
345 2272 461 2307 caedem
484 2272 638 2305 avunculi
660 2273 767 2318 magni
786 2275 850 2316 jam
877 2273 971 2316 patris
991 2271 1042 2303 ad-

288 2324 393 2369 optivi
410 2322 533 2366 accepit
546 2344 555 2360 ,
569 2320 673 2355 statim
686 2319 714 2354 se
729 2319 938 2354 Brundufium
960 2332 1043 2352 con-

289 2373 365 2405 tulit
377 2394 385 2406 ,
404 2369 455 2403 liic
469 2369 497 2403 se
514 2381 628 2404 contra
640 2371 750 2403 matris
762 2370 872 2404 «Λεία
890 2372 924 2402 &
939 2370 1042 2402 vitrici

288 2418 416 2466 Philippi
435 2431 579 2452 mentem
596 2419 753 2454 haeredem
768 2420 878 2465 Casinis
891 2417 1042 2465 professus

288 2471 332 2503 est
348 2494 358 2508 ‚
378 2473 409 2503 &
425 2470 595 2514 pecuniam
614 2482 648 2502 ac
662 2480 847 2514 apparatum
868 2467 904 2502 ad
917 2467 1037 2501 bellum

285 2518 472 2553 Parthicum
486 2518 652 2552 Brundusii
665 2517 842 2564 depositum
855 2518 1041 2563 occupavit,

287 2568 361 2601 inde
383 2568 538 2601 donativa
557 2569 714 2601 veteranis
740 2567 914 2601 liberaliter
939 2565 1038 2600 distri-

288 2617 378 2656 buit,
405 2618 496 2662 plura
513 2616 679 2663 pollicitus
699 2618 732 2649 in
754 2616 932 2661 posterum.
968 2617 1040 2650 Hac

291 2679 355 2700 arte
374 2669 516 2700 militum
532 2666 632 2711 grati&
646 2664 798 2712 acquisitfi
818 2665 962 2698 Romam
982 2678 1038 2698 ve-

291 2718 340 2750 nit
352 2742 359 2754 ,
381 2720 410 2749 ἃ
424 2716 529 2748 amice
547 2713 619 2748 satis
635 2713 651 2747 a
664 2716 781 2747 Senatu
795 2738 803 2753 ,
819 2712 1039 2760 omnibusque

290 2767 384 2811 patris
397 2762 570 2798 neccffariis
580 2774 727 2809 acceptus
740 2762 783 2796 est
795 2786 802 2798 ‚
828 2773 1038 2809 praeterquam

290 2814 331 2847 ab
345 2821 511 2852 »Anton103
540 2813 592 2847 hic
616 2813 701 2846 enim
725 2812 778 2846 etsi
799 2823 912 2858 aperto
930 2814 1040 2857 Caefiiris

287 2864 500 2897 Testamento
523 2868 553 2896 ὃ(
579 2875 637 2909 pro
655 2861 713 2895 suo
734 2862 865 2895 arbitrio
888 2873 1040 2908 corrupto

290 2913 416 2957 plebem
437 2924 551 2945 contra
571 2915 758 2956 conjuratos
781 2909 983 2949 concitfiffet,
1009 2916 1040 2944 δέ

291 2962 459 2995 laceratum
476 2962 605 2995 cadaver
618 2963 650 2994 in
666 2961 737 2995 foro
748 2959 955 3006 spectandum
969 2985 977 2997 ,
1002 2959 1038 2992 ad

291 3011 466 3054 augendam
488 3010 645 3044 invidiam
668 3009 873 3058 proposuisset
892 3034 901 3049 ‚
928 3021 1037 3043 tamen

291 3057 400 3091 cumin
413 3061 520 3091 :inimo
532 3060 775 3106 liaberetCaesaris
787 3059 855 3093 scin
867 3058 1037 3106 tyrannide

290 3105 497 3142 successorem
517 3109 727 3149 constituere,
746 3109 905 3144 Offavium
917 3120 950 3143 ut
961 3121 1035 3156 pue-

291 3169 361 3192 rum
375 3153 553 3201 spernebat.

1084 1775 1156 1811 essct
1179 1779 1404 1812 renunciatus,
1430 1776 1602 1825 omnisque
1627 1782 1725 1813 etiam
1749 1780 1843 1827 supra

1083 1826 1166 1875 leges
1187 1827 1326 1873 potestas
1343 1828 1372 1860 ei
1391 1827 1650 1867 concederetur,
1669 1827 1842 1865 confestim

1082 1878 1204 1920 judices
1214 1877 1393 1911 constituit,
1408 1879 1466 1922 qui
1483 1875 1572 1910 canifi
1584 1876 1716 1924 cognitfi
1726 1890 1844 1914 omnes

1087 1929 1181 1973 patris
1194 1927 1387 1974 percussores
1400 1924 1656 1974 proscripserunt
1669 1951 1677 1963 ,
1688 1926 1752 1974 ipse
1765 1940 1842 1963 cum

1086 1980 1215 2023 quantis
1227 1975 1332 2011 voluit
1344 1978 1451 2025 copiis
1463 1987 1578 2010 contra
1588 1978 1757 2011 Antonium
1769 1990 1846 2025 pro-

1087 2026 1187 2061 fefttis
1203 2026 1256 2061 est.

1136 2077 1365 2121 Coiijiinxerat
1389 2075 1418 2109 se
1441 2073 1593 2109 Antonius
1611 2085 1686 2106 cum
1709 2072 1841 2120 Lepido,

1086 2137 1283 2173 quapropter
1296 2127 1393 2159 etiam
1419 2124 1544 2170 Lepidus
1562 2126 1577 2154 a
1596 2124 1715 2155 Senatu
1740 2122 1845 2156 dietus

1088 2175 1131 2209 est
1151 2175 1251 2208 hostis
1265 2198 1272 2212 ‚
1295 2174 1347 2207 sed
1368 2174 1420 2206 hic
1432 2185 1506 2205 cum
1526 2170 1661 2204 Antonio
1681 2173 1846 2205 convertit

1088 2222 1116 2255 se
1137 2224 1169 2254 in
1189 2222 1315 2256 urbem,
1335 2221 1505 2267 postquam
1519 2219 1647 2252 Decium
1667 2223 1792 2253 Brutum
1803 2220 1843 2254 ab

1088 2270 1228 2302 exercitu
1248 2268 1304 2302 suo
1326 2270 1473 2302 relistum
1493 2266 1639 2314 cepisset,
1669 2272 1700 2302 δε
1713 2269 1846 2304 Antonii

1083 2317 1163 2360 jussu
1175 2316 1406 2351 obtruncfisset.
1433 2318 1641 2356 Convenerat
1663 2316 1748 2363 prius
1760 2319 1843 2353 clam

1088 2365 1215 2400 Offavio
1226 2379 1299 2400 cum
1316 2365 1426 2413 Lepido
1439 2369 1471 2400 ὅ(
1484 2366 1622 2401 Antonio
1635 2392 1641 2403 .
1654 2367 1742 2414 Ergo
1753 2368 1846 2401 Offa-

1087 2416 1156 2449 vius
1177 2429 1230 2462 per
1250 2415 1424 2464 Collegam
1442 2420 1472 2449 &
1490 2415 1724 2450 consobrinum
1743 2418 1845 2464 Qin-

1086 2476 1148 2498 tum
1171 2465 1292 2498 Pedium
1309 2468 1385 2499 tulit
1406 2465 1443 2498 ad
1458 2466 1611 2499 Senatum
1626 2476 1658 2498 ut
1670 2467 1773 2512 priore
1787 2466 1844 2500 de-

1087 2526 1175 2548 creto
1186 2513 1315 2549 abolito
1332 2515 1482 2549 Antonius
1500 2519 1529 2549 &
1547 2514 1672 2559 Lepidus
1690 2528 1727 2549 ex
1740 2514 1842 2550 hosti-

1086 2563 1145 2598 bus
1165 2566 1455 2609 pronunciarentur
1473 2566 1587 2603 amici,
1622 2566 1757 2598 Senatus
1773 2578 1837 2612 op-

1087 2611 1204 2660 pressus
1227 2612 1307 2647 nihil
1328 2614 1467 2647 audebat
1497 2625 1636 2660 tyranno
1655 2614 1839 2662 denegare,

1086 2665 1194 2709 itaque
1207 2661 1317 2708 aperte
1330 2664 1473 2696 OHavius
1483 2675 1555 2696 cum
1571 2675 1709 2709 utroque
1721 2676 1842 2697 recon-

1085 2713 1211 2745 ciliatus
1222 2713 1448 2758 copiasjunxit
1462 2737 1471 2752 ,
1490 2716 1520 2746 &
1540 2714 1699 2746 Bononiae
1711 2724 1765 2757 per
1783 2713 1840 2745 tri-

1085 2761 1185 2795 duum
1208 2758 1265 2795 soli
1294 2763 1477 2808 colloquuti
1513 2770 1735 2795 convenerunt
1753 2784 1763 2799 ,
1801 2773 1837 2796 ut

1083 2811 1302 2844 triumviratus
1321 2812 1358 2844 ad
1378 2813 1635 2858 quinquennium
1655 2808 1838 2844 instituere-

1083 2870 1133 2893 tur
1151 2871 1226 2893 cum
1250 2860 1409 2906 potestate
1428 2860 1595 2894 Consulari
1639 2860 1781 2892 Offavms
1802 2865 1835 2894 &

1086 2909 1254 2941 eAntonius
1276 2913 1398 2942 Brutum
1414 2913 1445 2942 ὅ(
1462 2908 1589 2951 (affium
1608 2907 1837 2954 persequeren-

1083 2967 1154 2995 tur,
1174 2956 1298 3003 Lepidus
1313 2968 1454 2990 maneret
1468 2958 1500 2990 in
1519 2956 1597 2990 urbe
1617 2957 1743 2990 Consul
1757 2970 1832 2992 cum

1083 3006 1382 3053 tribuslegionibus
1396 3029 1404 3044 ,
1423 3006 1700 3053 proscriberentur
1716 3020 1831 3040 omnes

1082 3057 1207 3089 inimici
1222 3067 1304 3101 quos
1318 3055 1482 3102 quisquam
1505 3069 1540 3089 ex
1554 3055 1653 3090 tribus
1667 3055 1834 3090 nomimis-

1080 3103 1138 3139 set.
1170 3106 1241 3138 Fuit
1259 3104 1323 3138 haec
1345 3106 1533 3151 proscriptio
1552 3107 1649 3151 triplo
1676 3108 1777 3148 major
1796 3108 1831 3138 &

1080 3153 1243 3189 crudelior
1254 3153 1371 3199 Syllana
1385 3168 1393 3189 ι
1417 3158 1633 3190 ducentorum
1649 3155 1830 3189 senatorum

1737 3206 1769 3236 ἃ
1782 3202 1832 3235 bis
