2048 3343
303 128 368 161 144
585 108 624 146 D
657 119 677 145 E

304 182 491 218 contrarium
504 189 612 227 putant
625 180 750 212 Patrum
757 175 915 224 opinioni,
930 174 1065 210 &eccle-

305 232 423 267 siastico
437 228 548 269 sensui,
563 227 712 276 quicquid
722 226 933 262 devocatione
947 224 1067 259 eleeto-

305 295 374 316 rum
385 279 550 314 secundum
564 277 629 312 Dei
641 276 834 326 propositum
848 273 1012 322 disputasti.
1039 275 1067 308 I-

305 343 381 366 tem.
414 329 672 364 Obstinationem
689 326 771 361 suam
791 323 938 360 vetustate
959 322 1067 359 defen-

307 382 383 416 dunt
394 405 402 419 ,
417 391 450 413 ut
462 391 530 427 quae
542 378 580 412 de
593 377 721 425 epistolfi
733 376 823 412 Pauli
836 374 873 410 ad
885 376 985 410 Rom.
996 372 1067 408 scri—

307 431 409 465 bentis
422 430 458 463 ad
470 425 752 463 manifestationem
763 426 868 461 divinae
877 425 979 473 gratiae
992 435 1066 471 prae-

307 480 458 515 venientis
465 479 639 513 electorum
652 477 759 510 merita
770 473 968 524 proferuntur
978 472 1068 507 anul-

308 531 341 564 lo
355 542 489 577 unquam
503 525 775 562 ecclesiasticorum
783 526 822 559 ita
836 521 1068 558 esseintelletffim,

308 591 429 614 utnunc
437 578 613 616 sentiuntur,
621 575 785 610 affirment.
803 570 1068 617 Omnes(inquis)

278 667 282 671 ,
309 631 330 663 ii
345 631 398 677 qui
412 630 452 662 ita
464 625 616 662 senserunt
628 626 685 660 viri
704 622 898 668 erantprobi
915 625 946 655 &
964 619 1070 654 doffi:

309 692 377 713 non
396 679 481 712 vides
497 689 572 724 ergo
585 687 639 709 cur
652 674 747 708 hodie
762 673 836 705 viris
850 672 908 718 piis
922 674 953 705 &
967 669 1070 703 doetis

309 729 391 764 idem
405 727 513 761 sentire
529 738 593 759 non
606 724 694 757 liceat
701 718 970 769 absquohaer'eseos
984 720 1070 753 nota.

357 776 450 823 Resp.
475 777 600 808 Totum
613 773 676 806 hoc
689 769 865 818 descripsisti
876 769 1025 803 verbatim
1034 781 1069 802 ex

310 828 391 871 Voffli'
403 825 533 860 historia
548 820 707 870 Pelagianz‘i
720 821 775 855 lib.
789 826 819 855 6.
832 817 908 855 thes.
924 831 973 865 14.
988 819 1019 853 Si
1031 818 1069 852 ti-

309 878 341 912 bi
355 874 486 910 libuisset
499 871 617 907 adivisse
636 870 762 910 fontes,
788 867 906 904 vidisses
926 869 957 902 in
977 867 1070 916 quam

309 926 412 961 multis
426 924 529 966 Voffius
542 934 572 957 te
585 919 746 956 fefellisset,
766 919 895 958 Primo,
914 918 1019 952 bonos
1033 918 1069 951 il-

309 978 356 1011 los
366 979 395 1010 δι
404 974 518 1008 doctos
525 973 619 1011 viros,
628 983 763 1019 quorum
777 966 954 1004 sententiam
963 965 1068 1008 refers,

310 1023 468 1060 invenisses
487 1034 682 1070 nequaquam
702 1021 861 1054 Hilarium
880 1019 926 1052 vel
941 1016 1068 1066 *Prospe-

309 1089 380 1109 rum
393 1100 402 1114 ,
424 1073 472 1108 sed
487 1073 574 1111 tales,
590 1070 703 1119 quibus
715 1080 845 1116 uterque
857 1067 908 1101 hic
922 1065 949 1101 se
962 1068 1070 1114 acriter

310 1123 466 1173 opposuit.
485 1122 611 1157 Deinde
620 1119 706 1167 quod
719 1131 830 1153 omnes
839 1117 887 1151 isti
901 1118 1070 1160 Maffilien-

303 1176 348 1220 fia
363 1176 416 1223 qui
430 1175 460 1207 in
474 1174 532 1207 illis
543 1167 1070 1219 epistolis'introducunturloquen-

308 1236 355 1259 tes
364 1223 434 1260 ver'e
445 1222 558 1257 fuerint
570 1221 796 1269 Semipelagiani
802 1243 812 1258 ,
826 1217 899 1250 nulli
907 1227 1009 1250 autem
1018 1228 1070 1249 or-

304 1274 439 1309 thodoxi
447 1271 628 1317 Theologi3
644 1270 717 1302 dum
727 1278 828 1302 autem
837 1266 940 1308 Voffius
948 1266 985 1299 ad
992 1277 1069 1299 con-

303 1326 424 1358 trariam
437 1321 531 1356 fidem
546 1332 577 1354 te
589 1319 653 1353 vult
666 1319 793 1355 ducere,
807 1315 945 1360 loquitur
956 1313 1069 1360 absque

303 1375 392 1408 omni
404 1373 498 1410 teste,
513 1369 602 1404 omni
616 1368 746 1402 ratione.
758 1364 885 1399 Tertio.
901 1363 1067 1398 Primarius

302 1424 605 1472 Semipelagianorum
622 1429 710 1452 error
724 1441 734 1456 ,
759 1425 793 1449 ut
805 1414 870 1448 vult
884 1413 1005 1455 Voffim,
1025 1411 1069 1446 est

303 1474 430 1522 negatio
438 1469 648 1519 praevenientis
661 1466 763 1514 gratiae
771 1489 779 1501 ‚
795 1463 883 1511 quod
891 1463 968 1496 ullus
976 1461 1068 1505 Mafi

301 1516 453 1569 filzeiisium
467 1518 686 1554 contradixerit
704 1512 944 1562 eAugustinianae
956 1510 1066 1545 defini-

304 1573 384 1608 tioni
398 1567 673 1619 praedestinationis
683 1589 690 1602 ,
704 1569 734 1599 &
747 1574 851 1598 tamen
868 1559 1022 1596 admiserit
1034 1573 1066 1594 e-

305 1626 351 1669 jus
365 1620 582 1655 definitionem
598 1613 811 1664 praevenientis
826 1612 930 1659 gratiae
947 1635 955 1648 ‚
988 1610 1069 1644 nulla

305 1672 349 1706 est
365 1673 396 1705 in
415 1670 473 1704 illis
491 1669 586 1702 literis
608 1676 659 1700 aut
678 1665 740 1698 alio
755 1662 906 1710 quopiam
921 1661 1068 1707 scriptore

305 1721 413 1770 syllaba
422 1745 431 1760 ,
449 1730 516 1767 quae
525 1713 749 1765 probabilitatis
763 1711 905 1746 umbram
914 1710 1048 1759 praebeat
1060 1724 1068 1745 :

306 1771 426 1806 tantum
437 1771 468 1803 in
481 1779 537 1802 tuo
549 1767 653 1814 primo
666 1761 851 1798 testimonio
866 1760 998 1796 affirmat
1005 1760 1069 1805 Vos-

303 1823 362 1869 fius
376 1821 535 1856 Hilarium
549 1827 668 1864 ponere
683 1814 762 1848 inter
781 1810 1003 1855 emafflliensex
1015 1811 1069 1845 ali-

309 1871 458 1920 quot,qui
466 1880 531 1902 non
538 1863 776 1900 audebanthanc
788 1860 1003 1897 definitionem
1011 1861 1070 1895 im-

307 1921 441 1969 probare
451 1933 460 1960 ;
473 1919 537 1951 duo
544 1916 595 1950 hic
603 1913 780 1952 concludit,
792 1912 921 1946 alterurn
929 1910 1015 1947 valde
1023 1911 1069 1944 in-

306 1981 445 2009 certum,
459 1969 588 2002 alterum
602 1963 691 2012 quod
703 1961 740 1996 ad
751 1974 817 1996 rem
833 1964 897 2006 ejus
912 1960 1012 1995 solum
1026 1958 1068 1994 fa-

304 2020 420 2058 ciebat,
432 2016 516 2054 valde
525 2013 641 2050 falsum.
668 2013 768 2051 Prius,
783 2012 871 2059 quod
884 2009 932 2045 isti
945 2012 998 2058 qui
1009 2011 1069 2044 im-

302 2069 435 2117 probare
456 2079 523 2101 non
546 2064 700 2099 audebant
717 2061 898 2111 eAuguflini
910 2060 1070 2095 definitio-

302 2133 374 2154 nem
383 2130 449 2152 eam
462 2114 717 2164 approbaverint,
732 2111 903 2159 &amplexi
917 2109 988 2145 fint:
1001 2122 1068 2144 cer-

303 2169 333 2203 te
348 2170 419 2202 licet
433 2165 500 2213 ipsis
517 2163 628 2200 deesset
641 2163 759 2196 animus
768 2187 777 2202 ‚
794 2173 827 2196 ut
840 2159 963 2208 publice
975 2160 1067 2194 aude-

303 2229 371 2251 rent
385 2227 492 2251 contra
505 2227 573 2248 eam
585 2211 801 2247 definitionem
816 2210 998 2257 disceptare,
1013 2222 1066 2256 ap-

303 2277 388 2312 paret
402 2276 506 2298 tamen
524 2274 627 2307 neque
647 2261 754 2293 animo
767 2272 869 2305 neque
882 2259 986 2292 verbis
999 2271 1066 2291 eam

302 2313 519 2349 definitionem
527 2309 606 2357 ipsos
614 2307 803 2355 approbasse.
812 2305 1068 2350 Posterius,que›d

303 2363 444 2398 definitio
456 2361 521 2395 haec
534 2358 620 2392 nullo
634 2357 733 2390 modo
748 2355 783 2388 sit
797 2353 978 2401 «Augustini
989 2364 1068 2386 con-

304 2413 399 2448 clusio
413 2412 450 2445 de
464 2406 600 2444 absoluti
620 2404 887 2454 praedestinatione
901 2427 911 2441 ‚
937 2400 987 2436 sed
1000 2412 1067 2435 tan-

304 2463 370 2497 tum
384 2464 448 2506 ejus
460 2457 678 2494 determinatio
686 2455 722 2488 de
734 2454 830 2501 gratia
842 2451 1066 2498 inveniente,

305 2512 387 2560 quasi
407 2506 629 2551 Massilienses
648 2506 678 2538 in
699 2516 764 2537 uno
778 2499 924 2537 cessissent
937 2501 1066 2535 rationi-

304 2564 361 2597 bus
375 2559 550 2609 Azaegnstz'ni,
569 2560 600 2591 &
617 2556 649 2589 in
663 2555 760 2588 altero
773 2551 892 2586 tantum
906 2548 934 2584 se
948 2550 1002 2598 ipsi
1010 2563 1066 2598 op-

304 2610 477 2659 posuissent,
488 2619 608 2642 merum
621 2605 684 2639 hoc
694 2603 738 2638 est
752 2604 832 2645 Wssn'
840 2611 1065 2635 commentum:

305 2662 423 2695 nullum
441 2659 523 2693 enim
536 2656 616 2691 valet
630 2653 804 2701 producere
818 2650 928 2685 diebus
944 2651 1066 2684 Hilarii

306 2715 336 2745 δέ
349 2709 507 2757 Prosperi,
528 2706 581 2753 qui
595 2716 661 2738 non
675 2700 885 2737 consentiebat
898 2699 1064 2748 Augustino

306 2761 337 2794 in
352 2758 476 2793 materiai
489 2752 762 2803 praedestinationis
772 2775 782 2790 ‚
797 2751 872 2797 quin
879 2749 917 2783 ab
925 2762 964 2783 eo
972 2750 1063 2784 etiarn

306 2808 472 2843 dissentiret
493 2808 524 2840 in
543 2805 641 2851 capite
660 2803 698 2837 de
716 2801 922 2849 praeveniente
944 2799 1041 2846 gratia
1054 2823 1064 2839 ,

306 2869 510 2905 praeterquam
523 2854 611 2902 quod
626 2852 732 2886 omnia
745 2849 946 2897 praecedentia
959 2849 992 2882 in
1000 2849 1066 2896 epi-

309 2907 386 2943 stola
407 2908 524 2941 Hzlam*
541 2898 679 2950 expresse
691 2901 786 2935 velint
799 2898 1017 2933 definitionem
1032 2898 1066 2932 il-

309 2958 367 2991 lam
376 2955 478 3003 primo
491 2958 521 2989 &
529 2951 676 3001 primario
686 2948 818 2997 specstare
825 2948 1064 2996 prae'venientem

313 3007 448 3052 gratiam.
475 3004 564 3053 Qu
577 3003 667 3036 etiam
680 3001 810 3035 duaetuae
823 2998 983 3033 citationes
992 3009 1065 3044 pro-

314 3056 400 3087 ximae
415 3052 552 3087 efficiunt
564 3050 754 3099 perspicuum
767 3049 871 3083 bonos
884 3047 953 3081 illos
967 3050 998 3081 δι
1011 3046 1065 3080 do-

737 99 1554 149 PRAEnEsT1NA-r1oua,

1152 174 1277 224 Qarto
1299 173 1409 207 falleris
1428 173 1462 207 in
1480 171 1565 207 sensu
1580 175 1609 207 &
1623 171 1719 220 scopo
1735 173 1866 207 mollio—

1102 236 1171 258 rum
1189 223 1313 258 istarum
1332 223 1370 257 de
1389 223 1627 271 Semipelagiamsss
1646 222 1838 257 censurarum
1856 237 1865 257 z

1101 274 1177 308 nihil
1191 273 1234 308 illi
1251 273 1386 322 probant
1405 271 1443 306 de
1459 272 1600 306 bonitate
1622 271 1670 305 vel
1691 271 1798 311 causae,
1816 273 1865 307 vel

1098 322 1295 372 personarum
1303 323 1427 357 illorum
1435 323 1585 361 virorum,
1594 319 1642 355 sed
1649 320 1767 354 tantum
1776 321 1863 368 quod

1100 374 1202 422 aliqua
1215 372 1279 420 spes
1294 371 1366 408 esset
1378 370 1514 420 ipsorum
1528 369 1737 405 conversionis
1753 384 1760 404 :
1783 372 1864 414 reje-

1101 434 1205 458 cerant
1219 424 1302 457 enim
1317 423 1413 455 multa
1431 423 1658 470 Pelagtanornm
1670 419 1818 466 principia
1832 423 1864 454 δε

1101 474 1132 505 in
1143 473 1178 506 iis
1188 484 1256 519 quae
1268 470 1441 505 retinebant
1453 483 1518 504 non
1531 469 1712 504 videbantur
1725 467 1864 502 obstina-

1100 522 1140 560 ti,
1154 520 1300 555 tenebant
1310 521 1481 567 praecipuos
1494 520 1525 553 in
1534 518 1657 553 ecclesia
1665 519 1769 558 locos,
1782 519 1864 552 mul-

1100 580 1166 604 tum
1185 570 1341 604 habebant
1358 569 1507 604 destrinae
1520 573 1551 603 &
1565 568 1684 616 pietatis
1705 566 1837 615 speciem
1853 592 1865 607 ‚

1103 633 1161 654 nec
1174 619 1246 654 dum
1260 617 1327 654 sciri
1341 619 1444 666 potuit
1458 629 1561 652 utrum
1574 618 1686 653 vellent
1702 617 1810 651 cedere
1819 629 1868 650 ra-

1103 670 1199 706 tioni,
1219 682 1256 703 an
1276 670 1306 703 in
1320 667 1422 703 haeresi
1436 666 1590 702 obstinate
1602 666 1806 715 perseverare,
1825 666 1866 700 ita

1105 732 1163 767 pro
1178 732 1217 754 eo
1230 729 1376 766 ternpore
1389 718 1470 754 ben¹e
1489 715 1548 752 fuit
1565 718 1603 751 de
1622 717 1658 750 iis
1676 713 1867 763 sperandum.

1105 770 1155 803 Sic
1167 767 1262 803 semet
1274 767 1371 816 ipsum
1385 770 1503 816 Prosper
1518 767 1646 814 exponit
1658 766 1689 799 in
1702 763 1751 799 sua'i
1758 775 1868 799 contra

1107 819 1275 862 Caffiamaem
1292 816 1505 853 conclusione,
1522 829 1657 865 quorum
1670 826 1788 854 tamen,
1807 815 1865 854 ait,

1105 868 1178 903 dum
1192 867 1290 913 adhuc
1304 879 1368 902 non
1380 865 1447 900 sunt
1463 866 1479 900 :i
1494 864 1626 901 fraterna
1637 863 1782 900 societate
1789 863 1869 899 divi-

1107 917 1144 958 si,
1160 917 1318 952 toleranda
1332 915 1375 951 est
1382 917 1478 964 magis
1489 915 1621 950 intentio
1631 938 1641 954 ,
1653 913 1746 961 quam
1761 910 1868 960 despe-

1105 968 1195 1002 randa
1209 967 1368 1001 corretffio
1375 991 1386 1006 ,
1408 966 1512 1000 donec
1525 965 1686 1001 Dominus
1698 975 1753 1010 per
1765 963 1866 996 eccle-

1105 1017 1150 1052 fiae
1163 1017 1316 1065 principes
1327 1020 1357 1052 &
1373 1015 1530 1063 legitimos
1541 1014 1728 1061 judiciorum
1742 1010 1867 1046 suorum

1103 1066 1277 1107 ministros,
1290 1066 1355 1101 haec
1367 1077 1435 1114 quae
1447 1077 1501 1112 per
1512 1075 1681 1113 paucorum
1695 1059 1868 1109 superbiam

1105 1115 1172 1151 sunt
1184 1116 1319 1156 turbata,
1339 1125 1511 1162 componat
1525 1138 1533 1153 ,
1554 1113 1646 1148 nobis
1660 1113 1718 1146 erit
1730 1110 1866 1145 studium

1106 1167 1230 1214 quieta,
1249 1164 1455 1212 modestaque
1468 1164 1615 1212 patientia
1628 1161 1709 1197 odiis
1724 1161 1867 1195 dileetio-

1106 1228 1178 1250 nem
1197 1215 1324 1250 reddere
1344 1229 1351 1249 :
1377 1217 1410 1249 &
1428 1223 1533 1248 tamen
1551 1212 1628 1247 nihil
1647 1210 1789 1246 obstante
1810 1209 1867 1244 hac

1105 1265 1250 1299 charitate
1260 1288 1270 1304 ,
1291 1276 1361 1311 erga
1374 1262 1449 1297 istos
1461 1264 1544 1299 viros
1557 1275 1623 1296 non
1636 1260 1866 1296 disiimulatHi-

1104 1315 1197 1346 larius
1211 1314 1244 1347 in
1262 1312 1324 1361 ipsa
1339 1313 1390 1348 illa
1404 1313 1503 1348 amica
1516 1311 1649 1360 epistola
1666 1322 1768 1346 veram
1783 1307 1865 1343 suam

1105 1373 1263 1402 mentem;
1291 1373 1362 1394 nam
1382 1362 1421 1394 de
1439 1362 1475 1393 iis
1490 1362 1630 1407 quuitur
1643 1371 1678 1394 ut
1695 1357 1866 1394 adversariis

1104 1413 1250 1451 veritatis,
1261 1409 1474 1444 turbatoribus
1486 1408 1629 1450 ecclesiae,
1639 1405 1866 1456 reprehensori-

1103 1461 1160 1496 bus
1173 1459 1315 1499 istorum,
1325 1470 1393 1506 quae
1406 1470 1472 1491 non
1480 1458 1698 1505 intelligerent,
1706 1461 1738 1492 δι
1749 1458 1867 1490 tamin-

1102 1508 1338 1557 defatigabiliter
1353 1506 1555 1541 contentiosis
1568 1505 1741 1554 spiritibus,
1759 1506 1868 1539 utnul-

1103 1560 1128 1594 la
1145 1557 1306 1606 superesset
1327 1555 1392 1604 spes
1404 1581 1415 1597 ‚
1440 1567 1605 1604 antequam
1625 1556 1792 1589 auctoritas
1813 1568 1868 1590 eos

1102 1606 1296 1657 compulisset
1305 1619 1359 1655 per
1366 1606 1501 1641 rationes
1508 1610 1540 1641 &
1548 1616 1726 1655 argumenta
1733 1605 1791 1639 illis
1800 1617 1868 1652 per-

1103 1658 1244 1694 suadendi
1259 1657 1431 1692 veritatem.

1148 1711 1270 1758 Prosper
1289 1707 1382 1742 etiam
1401 1705 1472 1741 cum
1484 1705 1619 1743 maxime
1636 1704 1739 1741 sobrie
1754 1706 1870 1753 quue-

1102 1770 1184 1795 retur
1193 1784 1203 1799 ,
1220 1757 1366 1806 dogmata
1378 1769 1500 1797 eorum,
1514 1756 1553 1791 de
1567 1755 1682 1804 quibus
1696 1754 1799 1798 Waffim
1806 1765 1870 1788 tam

1103 1809 1240 1845 molliter
1252 1806 1404 1847 &ainice,
1416 1806 1539 1841 vocavit
1547 1802 1734 1854 perniciosa,
1747 1815 1872 1852 perver-

1104 1860 1225 1899 sissima,
1238 1855 1355 1893 infecta
1362 1856 1517 1896 tenebris,
1531 1855 1751 1903 corruptione,
1765 1857 1872 1889 &non

1104 1922 1203 1959 pauco
1216 1920 1355 1945 veneno:
1371 1904 1453 1954 ipsos
1463 1906 1623 1954 appellavit
1636 1902 1802 1952 superbos,
1824 1903 1871 1937 ob

1103 1973 1184 2008 quos
1196 1958 1365 1998 metuebat,
1379 1969 1418 1992 ne
1428 1958 1604 2005 Pelagianus
1617 1957 1747 1989 ‘Damon
1754 1965 1809 1988 eos
1825 1951 1872 1986 se-

1103 2011 1239 2046 duceret.
1265 2011 1308 2043 Ita
1320 2007 1360 2043 de
1376 2006 1446 2054 ipsis
1461 2006 1609 2041 sentiebat
1631 2006 1750 2051 Prosper
1761 2027 1770 2040 ‚
1795 2001 1871 2037 cum

1103 2059 1224 2108 optime
1230 2084 1241 2099 ,
1255 2057 1303 2093 sed
1311 2057 1402 2106 paulo
1416 2056 1486 2105 post
1497 2055 1570 2091 cum
1583 2054 1716 2103 penitius
1729 2049 1873 2098 introspi-

1104 2112 1188 2145 ciens
1202 2121 1313 2144 eorum
1326 2119 1431 2142 mores
1445 2111 1476 2142 &
1496 2106 1603 2154 praxin
1621 2104 1780 2151 alloquens
1800 2099 1870 2143 Cas-

1095 2162 1216 2205 stanum
1230 2170 1340 2193 eorum
1353 2157 1592 2192 celeberrimum
1601 2165 1663 2187 tam
1674 2150 1871 2185 eruditionis,

1103 2210 1196 2258 quam
1210 2208 1328 2243 virtutis
1351 2205 1433 2241 fama
1449 2229 1459 2244 ,
1484 2204 1627 2238 audacter
1643 2199 1773 2234 affirmat
1788 2196 1870 2245 ipsos

1101 2258 1219 2291 tantum
1229 2255 1348 2301 pietatis
1356 2253 1504 2300 speciem,
1519 2262 1713 2297 nequaquam
1721 2248 1795 2282 vero
1805 2248 1870 2294 pie-

1101 2305 1170 2338 tatis
1184 2301 1300 2336 sensum
1312 2300 1448 2335 habuisse
1465 2313 1474 2339 ;
1500 2299 1589 2346 quod
1604 2297 1698 2332 esseut
1711 2295 1773 2331 falsi
1786 2298 1869 2330 calu-

1102 2351 1271 2385 mniatores
1281 2374 1290 2389 ,
1305 2353 1336 2384 &
1344 2349 1526 2396 deceptores
1535 2347 1721 2394 hypocritae,
1737 2347 1812 2380 teeti
1821 2347 1868 2380 lu-

1101 2402 1132 2449 pi
1146 2398 1199 2434 sub
1214 2400 1343 2433 nomine
1355 2399 1464 2433 ovium
1478 2422 1486 2434 ‚
1511 2398 1579 2432 imo
1591 2396 1661 2432 vere
1674 2398 1802 2442 viperae:
1821 2407 1867 2429 ta·-

1102 2453 1145 2487 les
1158 2460 1243 2484 erant
1256 2461 1337 2496 quos
1349 2448 1407 2482 tibi
1427 2447 1530 2490 Voffius
1548 2445 1690 2495 persuasit
1701 2444 1789 2480 'fuisse
1803 2445 1865 2479 bo-

1102 2513 1161 2536 nos
1174 2503 1205 2534 Sc
1219 2500 1333 2533 doecos
1347 2497 1544 2533 Catholicos.

1151 2553 1186 2584 In
1202 2549 1372 2597 penultima
1384 2547 1436 2582 tua
1457 2546 1594 2581 seffione
1607 2547 1648 2579 ais
1663 2559 1673 2586 3
1699 2545 1864 2593 opiniones
1882 2548 1973 2611 Ονηνξῗξ
1992 2555 2032 2572 re-

1881 2594 1946 2611 5072ίί
1957 2593 2022 2611 tato·

1102 2600 1148 2634 hae
1163 2600 1229 2634 duae
1241 2597 1295 2633 etsi
1309 2596 1429 2633 diversae
1439 2622 1449 2637 ‚
1468 2609 1533 2630 non
1547 2594 1612 2630 sunt
1625 2606 1727 2629 tamen
1741 2604 1865 2629 contra-

1102 2650 1243 2684 difflzoriae
1253 2662 1260 2682 :
1270 2648 1334 2683 haec
1343 2648 1426 2681 enirn
1438 2646 1679 2681 Catholicorum
1689 2643 1733 2678 est
1747 2642 1864 2678 senten-

1100 2811 1168 2833 rum
1180 2796 1355 2836 vocationi,
1367 2795 1427 2830 hos
1437 2795 1474 2830 ad
1486 2794 1610 2829 salutem
1623 2793 1781 2828 destinavit
1787 2803 1862 2838 pro-

1100 2859 1166 2896 pter
1178 2846 1273 2882 fidem
1283 2850 1315 2881 &
1330 2858 1435 2893 opera.
1453 2844 1747 2893 Augustinianorum
1760 2851 1862 2874 autem

1100 2899 1166 2932 haec
1181 2896 1225 2931 est
1239 2894 1404 2930 sententia:
1424 2896 1514 2929 Deus
1527 2893 1660 2928 decrevit
1672 2890 1816 2924 homines
1829 2902 1861 2923 a-

1102 2949 1202 2994 liquot
1221 2946 1375 2987 collocare
1388 2946 1419 2978 in
1431 2945 1482 2978 tali
1494 2943 1605 2977 ordine
1619 2939 1860 2975 circumstantia-

1102 3009 1188 3035 rum,
1204 2995 1235 3028 in
1248 3006 1314 3041 quo
1328 2993 1416 3027 certo
1433 2993 1591 3026 crederent
1604 3015 1614 3030 ,
1639 2988 1861 3038 perseverarent

1099 3050 1130 3081 &
1138 3043 1502 3079 salvarenturDecretum
1510 3039 1779 3088 praedestinationis
1787 3050 1862 3072 con-

315 3104 384 3137 &os
398 3104 482 3136 viros
496 3101 579 3135 fuiffe
596 3099 786 3146 'crassissimos
805 3098 1046 3146 Semipelagianos
1060 3120 1069 3136 ,
1102 3096 1314 3132 sideratum‚ut
1325 3092 1409 3126 astus
1417 3091 1510 3126 divini
1523 3089 1697 3124 intellectus
1705 3087 1748 3122 est
1760 3087 1862 3134 hypo-

316 3154 368 3200 qui
386 3152 548 3186 tuebantur
569 3152 677 3184 merita
694 3149 826 3183 humana
846 3146 1012 3196 praeveuire
1031 3160 1069 3182 0-
1104 3141 1326 3182 theticum‚sed
1340 3142 1422 3175 idem
1432 3139 1709 3178 consideratum‚ut
1722 3137 1806 3171 aetus
1814 3136 1861 3170 di-

317 3214 420 3236 mnem
434 3201 560 3248 gratiam
573 3200 720 3234 divinam.

1105 3195 1180 3231 vinae
1192 3191 1357 3230 voluntatis
1365 3190 1555 3226 decernentis
1568 3188 1730 3224 hominem
1743 3197 1861 3267 qunzre

1727 3240 1756 3269 &
1798 3248 1812 3267 a
1838 3234 1862 3267 i-

1880 2634 1916 2651 res
1937 2628 2027 2659 Augu-

1118 2706 1121 2708 ·
1347 2697 1353 2702 ι
1637 2695 1643 2700 .
1873 2665 1934 2700 stim
1944 2675 2002 2691 cum

1100 2711 1155 2740 t1a3
1164 2700 1254 2733 Deus
1263 2697 1431 2744 praewdens
1444 2706 1545 2730 certos
1556 2695 1700 2728 homines
1708 2703 1825 2728 creatos
1833 2705 1864 2726 m
1879 2704 2009 2741 Semipela-

1100 2749 1212 2784 talibus
1234 2745 1468 2781 circumstantiis
1486 2745 1631 2793 congruis
1653 2742 1760 2778 futurae
1782 2740 1861 2789 ipso·
1874 2744 2029 2810 {imminfh-

1887 2794 1941 2812 lce5.
