2048 3343
257 95 304 127 60
979 76 1022 114 H

256 172 320 194 non
333 156 451 191 tantum
466 155 517 188 uni
531 153 569 188 ab
588 152 709 192 alteris,
743 151 792 185 sed
806 150 876 198 post
888 150 1013 184 multam

256 206 506 253 disceptationem
517 228 526 242 ,
542 203 624 236 idem
634 201 649 236 :i
658 200 755 249 scipsis
769 200 920 234 discedant
929 224 938 239 ,
953 198 1014 233 suas

257 257 392 304 ipsorum
410 254 568 288 sententias
586 252 801 286 retrarftantes:
832 262 902 284 cum
915 260 1015 283 tamen

260 304 467 342 consultissimi
480 303 534 338 viri
545 303 629 336 litem
643 301 740 335 adhuc
755 299 807 333 sub
823 300 924 344 judice
938 298 1017 332 arbi-

262 367 395 392 trentur,
421 365 522 387 utrum
536 353 617 399 prius
629 363 666 384 an
678 349 831 397 posterius
845 361 956 383 eorum
964 349 1015 396 Ju-

263 406 376 439 dicium
384 402 418 437 sit
431 400 648 437 consonantius
660 412 748 439 vero,
772 398 854 433 certe
870 402 1017 433 Gomarm

264 460 296 489 &
309 452 379 501 post
392 465 462 486 eum
479 450 672 499 spanhemius
686 451 821 497 priorem
834 460 895 483 tam
913 450 1017 494 Augu-

258 504 332 549 stim'
345 504 437 549 quam
458 501 611 544 Piscatorbs
627 498 803 533 sententiam
818 495 979 545 praeferunt
992 495 1020 526 ei

264 566 357 600 quam
370 553 401 585 in
414 550 469 585 suis
482 549 748 584 retractationibus
762 558 890 592 uterque
905 544 1017 590 ample-

266 615 321 637 xus
335 601 390 636 est.

314 650 532 685 Existimamus
546 661 603 681 nos
616 646 741 694 quidem
755 645 897 690 pleraque
910 642 1022 677 ἀοᾶο-

269 714 336 734 rum
351 701 459 746 placita
478 699 528 732 hle
549 709 613 730 non
636 695 713 728 adeo
732 692 857 727 absurda
880 693 955 740 quin
975 702 1024 726 to-

269 750 385 784 lerabili
400 747 615 795 probabilitate
627 742 751 778 defendi
765 742 892 789 possint,
912 754 969 775 nec
981 751 1024 775 ta-

270 812 342 833 men
355 810 464 831 eorum
487 796 581 829 ullum
594 793 634 827 ita
653 791 893 827 demonstrabile
905 815 915 831 ‚
958 801 991 824 ut
1008 789 1024 824 a

272 859 429 896 quoquam
450 843 645 879 necessarium
665 839 809 876 assensum
829 851 1025 887 extorqueat,

271 911 341 932 cum
363 908 471 929 eorum
492 891 647 928 clarissima
665 905 698 926 ac
713 891 873 926 certiffima
891 891 938 927 vix
952 890 1028 925 ultra

270 946 517 990 conje&urarum
530 943 643 976 limites
659 942 837 988 procedant.

105 1011 254 1049 Explicatur
323 997 370 1029 Ex
392 996 450 1028 illis
474 995 608 1041 primum
621 996 652 1026 &
669 990 901 1038 vulgatissimum
920 988 965 1023 est
978 991 1029 1021 lu-

97 1051 223 1088 sememia
275 1046 310 1078 lii
323 1043 472 1079 Africani,
500 1043 553 1090 qui
569 1043 598 1075 in
614 1040 663 1076 sua
677 1041 711 1074 ad
725 1039 887 1084 Arzssr'dem
900 1037 1030 1085 epistolii

103 1091 230 1128 Africani.
272 1095 309 1128 ab
323 1092 443 1138 Eusebio
456 1093 506 1126 lib.
518 1105 538 1126 1.
553 1090 687 1124 historice
700 1103 765 1136 cap.
779 1103 811 1136 7.
835 1088 924 1123 citata
937 1088 1030 1122 docet

272 1142 352 1177 suam
372 1142 399 1177 se
417 1142 594 1176 sententiam
612 1140 756 1186 accepisse
770 1140 786 1173 a
799 1136 1030 1185 consanguineis

272 1194 411 1227 Domini
426 1190 653 1239 cognominatis
667 1196 832 1228 δὶωησύνως,
846 1200 925 1235 quos
934 1186 1030 1221 Chri-

272 1242 386 1276 stianos
401 1253 540 1287 putamus
554 1237 654 1278 fuisse3
673 1250 726 1271 cur
740 1238 822 1270 enim
832 1239 900 1270 al1as
909 1237 1029 1270 Domi-

273 1290 383 1338 niJesu
403 1302 518 1323 nomen
541 1293 571 1323 &
586 1286 806 1334 cognationem
820 1284 1029 1332 familiamque

274 1354 334 1388 pi'ae
346 1339 372 1374 se
385 1338 465 1373 ferre
478 1339 689 1386 gloriarentur.
721 1336 784 1368 Hic
797 1333 951 1383 Joftphnm
964 1347 1029 1368 non

274 1389 392 1424 tantum
411 1390 539 1436 legalem
564 1388 612 1420 Elz
631 1385 729 1419 filium
742 1383 832 1423 facit,
853 1383 900 1418 sed
914 1384 951 1418 ad
964 1381 1029 1431 spe-

276 1439 385 1473 cialem
401 1438 531 1472 modum
544 1438 614 1481 ejus¹
622 1434 779 1468 filiationis
793 1433 961 1474 descendit,
977 1434 1031 1468 de-

276 1489 443 1522 terminans
461 1488 563 1535 legem
576 1487 592 1520 a
610 1484 699 1528 stlofi’
717 1484 807 1517 latam
827 1484 926 1518 Num.
939 1489 986 1529 36.
999 1496 1031 1529 7.

276 1542 307 1572 &
321 1540 419 1572 Deut.
433 1549 477 1583 25.
489 1550 514 1583 ς.
529 1536 566 1570 de
579 1532 822 1580 leviratuJudaeis
834 1533 1031 1580 peculiarem,

275 1589 338 1635 qua
354 1598 483 1621 mortuo
495 1585 586 1620 fratre
600 1584 661 1618 sine
674 1582 796 1622 liberis,
809 1595 848 1616 ne
862 1583 965 1627 ejusin
973 1596 1033 1630 po-

275 1637 351 1684 pulo
365 1637 430 1671 Dei
442 1633 730 1682 memoriaperiret‚
746 1631 868 1680 ejusque
876 1632 1034 1667 haereditas

275 1686 497 1721 abalienaretur
509 1685 545 1720 ad
555 1695 716 1720 extraneos
725 1706 733 1718 ‚
752 1680 802 1716 seu
818 1684 850 1717 in
863 1682 920 1717 alia
930 1682 1013 1717 tribu
1022 1706 1032 1722 ,

275 1735 324 1770 seu
339 1737 369 1770 in
381 1735 516 1783 ejusdem
532 1733 631 1770 tribfis
644 1733 703 1767 alia
720 1729 851 1772 familia,
876 1730 968 1767 frater
985 1734 1033 1777 ju-

276 1785 406 1821 bebatur
419 1787 530 1821 ducere
544 1783 702 1819 demortui
716 1794 864 1821 uxorem,
881 1783 1033 1829 primum-

277 1848 338 1882 que
355 1849 391 1870 ex
404 1837 441 1870 ea
454 1833 621 1882 susceptum
638 1832 755 1871 silium,
779 1830 832 1866 etsi
846 1829 931 1866 suum
944 1843 1032 1866 natu-

277 1884 310 1918 ra
322 1909 331 1924 ‚
355 1883 439 1919 fratri
455 1895 558 1918 tamen
579 1882 745 1917 attribuere
758 1905 768 1920 ,
793 1892 826 1915 ut
840 1882 868 1915 ei
881 1883 912 1916 in
927 1882 1033 1916 omnia

278 1935 344 1979 jura
354 1945 499 1981 tanquam
513 1933 668 1981 legitimus
681 1930 762 1964 filius
775 1929 958 1967 succederet.
989 1934 1032 1966 Ita

278 1981 396 2017 factum
406 1982 550 2030 accepisse
563 1981 590 2015 se
599 1982 673 2015 dicit
681 1978 844 2014 Africanus
857 1981 873 2015 a
886 1986 1033 2018 &mavum

279 2033 310 2066 in
327 2032 392 2067 casu
412 2032 541 2081 Joftphi,
567 2031 645 2065 illius
664 2041 762 2077 patres
786 2030 927 2064 Iacobum
940 2036 971 2066 &
985 2032 1034 2064 Eli

279 2079 364 2116 fuisse
383 2081 487 2117 fratres
501 2106 509 2120 ‚
536 2093 672 2128 quorum
692 2081 742 2113 Eli
760 2091 856 2115 uxore
866 2081 960 2116 dueta
973 2080 1034 2115 fine

280 2131 383 2166 liberis
403 2130 528 2165 discessit
542 2155 551 2169 ‚
578 2129 702 2177 Jacobus
721 2141 795 2163 vero
811 2128 975 2166 secundum
989 2131 1033 2165 le-

281 2193 353 2228 gem
365 2193 495 2213 uxorem
507 2181 549 2212 8lt
561 2179 664 2217 duxit,
680 2182 712 2212 &
725 2191 761 2211 ex
774 2178 808 2211 ea
822 2178 948 2227 suscepit
960 2180 1033 2223 Iose-

279 2228 390 2278 phum,
405 2229 456 2276 qui
472 2227 560 2274 ipsius
572 2228 739 2274 genuinus,
759 2225 808 2258 sed
825 2226 923 2261 fratris
934 2229 1034 2273 legiti-

283 2291 351 2312 mus
364 2277 445 2312 filius
458 2275 518 2311 fuit
534 2290 540 2310 :
555 2274 689 2310 didicisse
704 2272 731 2307 se
746 2274 843 2319 porro
858 2276 899 2308 ait
914 2273 1035 2308 Africa-

283 2339 340 2361 nus
352 2326 368 2360 a
387 2329 535 2361 δέωοσύηις
546 2325 678 2358 modum
692 2335 756 2369 quo
770 2322 855 2356 Iacob
870 2328 901 2358 &
914 2325 963 2357 Eli
979 2321 1036 2356 fra-

284 2389 345 2411 tres
356 2373 523 2409 evasissent:
538 2371 692 2421 utriusque
700 2381 795 2404 mater
808 2368 866 2406 fuit
879 2372 961 2418 estha
968 2384 1036 2406 mu-

287 2435 342 2469 lier
357 2440 390 2476 2115:
400 2438 490 2478 2⁵30sz
505 2431 544 2466 ab
558 2431 697 2466 Hebraeo
709 2431 800 2467 ΠἯΝ
809 2441 842 2464 ut
855 2432 939 2467 ιἐἃὲ
952 2441 1040 2466 notat

118 2527 176 2544 rum
191 2527 200 2542 I
215 2526 257 2543 no·
292 2490 488 2535 Cauflzbomu,
501 2500 595 2536 quam
610 2488 690 2524 mal'e
704 2482 777 2535 legit
794 2490 934 2534 Aquinas
945 2484 1038 2528 lesia,

118 2527 248 2584 mnnagle-
289 2553 375 2575 naevo
388 2552 482 2587 quem
502 2537 589 2572 facile
603 2537 852 2572 condonaremus
869 2533 1040 2570 barbariffi-

112 2598 243 2633 suimrmn
289 2603 344 2624 mo
357 2589 521 2636 Aquinatis
534 2586 645 2628 seculo,
660 2587 716 2622 ubi
724 2588 835 2621 Graeca
847 2598 913 2619 non
925 2584 1040 2619 intelli-

117 2638 248 2673 va'sase
290 2640 437 2686 gebantur
449 2663 459 2678 ,
482 2641 514 2671 &
532 2637 666 2671 Hebraea
679 2649 744 2670 non
762 2635 959 2683 legebantur:
980 2634 1040 2669 Sed

120 2676 260 2704 cumulata.
290 2690 374 2736 piget
386 2686 586 2736 perversitatis
594 2685 778 2733 Jesuitarum
790 2686 805 2719 a
818 2683 948 2732 Lapide‚
962 2687 994 2718 &
1008 2695 1040 2716 a-

290 2740 401 2772 liorum
410 2764 419 2778 ‚
432 2738 485 2785 qui
496 2735 589 2770 inhac
600 2738 682 2770 Luce
695 2735 850 2769 literarum
862 2742 1040 2780 amantper-

290 2787 419 2822 severare
435 2788 465 2820 in
479 2783 687 2820 manifestario
701 2783 862 2831 sphalmate
875 2783 966 2816 etiam
980 2781 1041 2816 ho-

291 2838 340 2870 die
353 2837 460 2881 lescam
479 2835 665 2875 scribentes3
687 2834 765 2868 hanc
786 2834 908 2878 Estham
922 2831 1042 2866 Melchi

292 2899 326 2920 ex
339 2885 449 2920 familia
469 2885 622 2919 Nathanis
639 2882 822 2918 descendens
836 2895 968 2917 uxorem
984 2881 1041 2915 du-

292 2947 372 2970 xerat
385 2941 416 2971 &
429 2948 465 2969 ex
478 2935 513 2968 ea
524 2936 574 2967 Eli
586 2933 682 2968 filium
694 2931 873 2979 susceperat,
897 2931 968 2965 cum
981 2930 1043 2978 ipse

291 2985 460 3030 oppetiisset
473 2995 605 3018 mortem
614 3008 622 3020 ‚
641 2982 804 3017 Mattham
817 2995 852 3016 ex
865 2979 979 3016 familiai
991 2983 1043 3013 So-

292 3036 408 3066 lomonis
421 3033 468 3067 sua
480 3034 567 3067 vidua
587 3033 677 3078 Estha
695 3031 796 3079 nupsit
810 3057 820 3072 ‚
845 3036 877 3067 &
897 3032 926 3066 ei
945 3030 1044 3065 filiurn

293 3081 430 3116 Iacobum
443 3084 568 3129 peperit.
593 3085 668 3117 Hoc
680 3084 773 3130 pafio
786 3083 836 3117 Eli
849 3086 880 3117 &
897 3079 983 3115 Iacob
992 3080 1043 3115 etsi

294 3145 330 3166 ex
344 3131 462 3164 diversis
474 3131 625 3177 patribus,
639 3132 819 3180 diversisque
832 3130 956 3166 familiis
969 3130 1042 3169 orti,

293 3192 396 3216 tamen
408 3178 512 3214 fratres
525 3181 689 3216 evadebant
701 3182 832 3222 uterini,
858 3180 953 3228 iisque
966 3180 1041 3216 levi-

620 80 915 118 OPERIS

117 2476 271 2512 Scholastica-

1050 87 1424 114 ISTORICI

1052 149 1133 185 ratfis
1145 151 1192 195 jus
1209 159 1243 183 ut
1257 148 1335 184 veris
1348 145 1492 181 fratribus
1506 149 1714 195 competebat.

1099 201 1190 233 Hanc
1213 195 1394 233 sententiam
1415 195 1436 230 si
1455 209 1520 231 non
1539 197 1654 231 invenit
1669 223 1679 238 ,
1712 200 1814 234 saltem

1054 249 1233 297 propagavit
1241 249 1356 296 primus
1364 248 1457 280 Iulius
1464 247 1634 292 Africanm
1641 262 1650 280 :
1663 250 1749 293 quod
1756 250 1817 284 do-

1054 311 1101 334 cet
1114 303 1232 333 Suarez
1247 299 1278 332 in
1293 311 1317 343 3.
1330 297 1467 331 Thomae
1476 294 1579 343 quaest.
1588 309 1639 342 27.
1648 307 1701 331 art.
1712 309 1735 331 1.
1743 297 1814 346 disp.

1056 362 1082 383 z.
1104 347 1174 382 scos.
1187 362 1212 393 3.
1237 347 1387 395 Justinum
1406 349 1582 393 Martyrem
1600 357 1669 380 ante
1685 347 1814 391 Africa-

1056 410 1129 431 num
1143 399 1249 431 eadem
1262 394 1418 443 scripsisse,
1441 408 1548 430 verum
1560 407 1625 430 non
1640 394 1694 429 est.
1727 398 1818 430 Fate-

1056 459 1125 480 mur
1144 445 1289 489 Iustinum
1308 447 1478 491 eAfricano
1497 445 1615 491 aliquot
1628 445 1713 479 annis
1731 444 1817 480 fuisse

1057 494 1210 529 seniorem
1220 518 1229 531 ‚
1247 494 1355 529 verum
1367 495 1511 529 transsatus
1523 494 1574 527 ille
1586 495 1624 530 de
1636 494 1817 543 quaestioni-

1058 545 1115 579 bus
1130 545 1294 578 Gentilium
1306 544 1343 578 ad
1356 543 1565 579 orthodoxos
1578 546 1609 578 in
1622 557 1687 592 quo
1695 543 1816 580 senten-

1058 595 1099 629 tia
1116 607 1176 641 prae
1194 593 1336 628 manibus
1349 592 1496 633 habetur,
1515 605 1587 628 cum
1604 595 1636 627 in
1653 592 1719 639 ipso
1743 597 1817 628 Ori-

1054 646 1136 694 genis
1148 648 1179 679 &
1192 644 1294 689 haerefis
1307 643 1505 681 Manichaei
1518 642 1650 691 expressa
1662 643 1715 677 fiat
1726 656 1818 678 men-

1061 696 1123 731 tio,
1134 706 1200 727 non
1212 692 1313 741 potest
1329 693 1388 728 esse
1406 693 1525 738 Instini,
1541 692 1590 728 sed
1598 697 1676 728 eo&
1688 695 1818 739 Africa-

1061 757 1096 777 no
1109 743 1209 777 multo
1227 744 1380 778 recentior
1395 741 1430 776 sit
1442 754 1586 790 oportet,
1613 754 1646 777 ut
1664 741 1724 791 ipse
1737 741 1817 778 fate-

1062 804 1111 827 tur
1123 794 1318 826 Bellarminus
1331 793 1361 826 in
1377 791 1574 840 scriptoribus
1588 792 1816 828 Ecclefiasticis.

1063 846 1097 876 In
1109 841 1187 875 hanc
1195 842 1342 886 Africani
1354 840 1533 876 sententiam
1552 843 1690 891 plerique
1706 855 1819 877 omnes

1065 895 1167 927 Patres
1175 892 1281 925 Graeci
1295 891 1459 939 Latinique
1472 891 1601 937 pedibus
1615 893 1740 927 iverunt.
1749 895 1820 925 Au-

1060 941 1193 991 gustinus
1211 942 1264 976 diu
1279 939 1423 976 diversam
1442 940 1550 975 institit
1565 943 1658 981 viam,
1678 955 1717 976 eo
1733 942 1821 990 quod

1066 993 1212 1037 Africani
1229 988 1336 1038 scripta
1350 991 1382 1024 in
1396 993 1461 1036 ejus
1469 1002 1575 1025 manus
1589 988 1656 1025 sero
1670 989 1822 1037 pervenis-

1066 1041 1144 1075 sent:
1165 1038 1215 1074 sed
1231 1051 1263 1074 ut
1276 1041 1410 1087 primum
1424 1041 1571 1085 Africani
1584 1041 1621 1075 ad
1639 1040 1821 1085 «Arzstidem

1066 1089 1226 1138 epistolam
1240 1091 1312 1138 legit
1326 1114 1334 1127 ‚
1352 1090 1515 1125 retraetata
1528 1090 1625 1137 priori
1640 1088 1691 1125 sua
1702 1089 1822 1124 senten-

1067 1142 1125 1179 tia,
1143 1140 1333 1184 Africanum
1352 1153 1423 1174 curn
1437 1143 1552 1174 caeteris
1566 1139 1760 1174 confidenter
1777 1137 1823 1173 se-

1067 1200 1179 1237 quutus
1194 1188 1249 1224 est,
1277 1190 1319 1222 uti
1333 1190 1385 1224 lib.
1402 1202 1425 1224 1.
1441 1190 1581 1225 Retraffih
1595 1203 1660 1237 cap.
1672 1202 1704 1236 7.
1724 1187 1823 1236 profi-

1065 1250 1157 1273 tetur.
1192 1243 1229 1274 In
1247 1238 1470 1285 quaestionibus
1488 1240 1615 1287 quidem
1634 1241 1665 1273 in
1685 1250 1770 1274 vetus
1789 1251 1823 1273 ac

1066 1289 1197 1322 Novum
1209 1287 1445 1323 Testamentum
1465 1302 1502 1324 ea
1517 1287 1665 1323 sententia
1685 1289 1824 1332 rejicitur

1065 1349 1098 1372 ut
1112 1338 1245 1372 omnino
1258 1337 1372 1372 inutilis
1390 1341 1422 1372 ὃ(
1442 1338 1681 1384 improbabilis,
1706 1336 1756 1372 sed
1769 1338 1825 1371 du-

1065 1388 1138 1423 dum
1157 1387 1300 1421 omnium
1319 1387 1452 1433 partium
1476 1388 1578 1422 doffis
1595 1386 1734 1421 constitit
1751 1384 1824 1420 scri-

1065 1448 1153 1485 ptum
1165 1437 1255 1476 illud,
1268 1436 1339 1470 licet
1351 1437 1430 1469 inter
1442 1437 1602 1483 Augustini
1614 1449 1709 1484 opera
1722 1446 1821 1472 extet,

1065 1499 1169 1522 tamen
1183 1484 1367 1534 eAugustini
1376 1497 1441 1519 non
1454 1484 1528 1521 esse.
1738 1516 1740 1518 ,

1117 1535 1282 1583 Theologi
1295 1535 1483 1568 recentiores
1495 1559 1505 1574 ‚
1531 1534 1563 1568 in
1576 1534 1682 1582 primis
1694 1533 1825 1569 Schola-
1838 1545 1983 1574 Malffnm

1068 1584 1133 1619 stici
1146 1583 1217 1632 post
1230 1588 1419 1632 Aquinatem
1431 1597 1492 1631 par.
1506 1597 1531 1631 ς.
1546 1597 1599 1632 qu.
1608 1597 1647 1631 31.
1658 1582 1767 1619 eadem
1774 1595 1824 1620 va-
1838 1588 1975 1614 temeraria

1069 1636 1144 1671 dunt
1157 1634 1217 1668 via.
1243 1635 1291 1668 Ex
1305 1633 1550 1669 Protestantibus
1566 1634 1694 1682 quidem
1706 1634 1825 1681 aliquot
1837 1627 1987 1672 maledicen-

1069 1682 1217 1720 diversum
1235 1684 1391 1719 tramitem
1411 1684 1626 1732 capeffiveruut
1638 1708 1648 1724 ‚
1674 1683 1720 1717 ob
1739 1683 1826 1731 quod
1840 1675 1887 1695 ’Μ’

1069 1734 1268 1770 Maldonatus
1283 1731 1397 1782 Jesuita
1412 1734 1579 1782 perdoe'ms
1593 1735 1623 1768 in
1639 1735 1718 1768 Mat.
1736 1744 1765 1767 1.
1778 1738 1824 1768 16.

1069 1798 1134 1820 non
1147 1783 1267 1819 tantum
1280 1785 1312 1818 in
1327 1786 1491 1818 Calvinum
1505 1788 1535 1819 &
1551 1787 1673 1819 [Bezam
1682 1783 1828 1817 nomina-

1068 1836 1125 1870 tim
1139 1835 1171 1868 in
1184 1832 1239 1868 suo
1251 1835 1404 1882 margine,
1426 1833 1475 1869 sed
1490 1836 1582 1868 etiam
1595 1836 1625 1867 in
1638 1844 1738 1867 totam
1751 1835 1828 1866 Pro-

1068 1885 1245 1919 testantium
1258 1895 1382 1932 gentem
1395 1884 1520 1931 insurgit
1540 1895 1572 1917 ut
1594 1883 1773 1921 hereticos,
1795 1891 1828 1915 ut

1069 1935 1177 1970 atheos
1189 1959 1199 1974 ,
1220 1946 1253 1969 ut
1267 1933 1409 1981 pertaesos
1423 1934 1584 1981 Euangelii
1605 1933 1712 1967 veteris
1735 1935 1766 1966 ὃ(
1784 1928 1829 1964 fa-

1070 1985 1240 2019 bricatores
1252 1985 1337 2018 novi.
1351 1983 1447 2018 Certe
1460 1983 1481 2018 si
1494 1981 1697 2030 iratoJesuitae
1705 1981 1735 2014 in
1743 1992 1831 2014 men-

1068 2047 1132 2070 tem
1145 2033 1285 2073 venisset‚
1300 2033 1507 2068 Protestantes
1520 2034 1550 2067 in
1564 2032 1611 2066 sua*
1626 2031 1677 2066 hi'c
1684 2031 1830 2074 Africani

1069 2084 1290 2122 derelifflone,
1305 2083 1560 2121 pontificiorum,
1574 2078 1828 2126 imoJesuitaruin

1069 2135 1232 2181 primarios
1243 2132 1380 2168 habuisse
1392 2144 1459 2166 tum
1472 2133 1582 2169 duces,
1599 2140 1666 2162 tum
1678 2127 1824 2165 comites,

1071 2195 1137 2217 tum
1151 2182 1268 2216 asseclas
1278 2206 1287 2217 ‚
1299 2182 1489 2214 immeritum
1503 2178 1587 2212 suum
1600 2178 1631 2211 in
1644 2176 1769 2211 nostros
1780 2174 1830 2209 fu-

1071 2242 1176 2262 rorem
1189 2227 1559 2263 cohibuiffctssnarezius
1574 2226 1703 2273 quidem
1718 2226 1774 2262 ubi
1787 2223 1832 2258 su-

1072 2277 1125 2324 pra
1137 2275 1166 2311 se
1178 2276 1216 2311 ab
1230 2275 1292 2310 istis
1310 2277 1447 2323 partibus
1460 2275 1536 2309 stare
1548 2274 1729 2322 profitetur,
1749 2278 1781 2309 &
1794 2273 1832 2307 fi-

1073 2327 1105 2360 bi
1121 2324 1344 2360 consentientes
1358 2324 1487 2359 affirmat
1507 2328 1684 2373 Ccijetanum
1701 2349 1710 2362 ,
1736 2322 1834 2372 Janse-

1072 2379 1176 2414 nium,
1193 2375 1436 2419 Carthustanum,
1452 2377 1586 2410 viriam
1595 2376 1832 2411 ιΜοηιιιηωη,

1075 2429 1283 2474 Gnagnaerum,
1295 2427 1482 2461 Calatinum,
1492 2425 1693 2464 Praedonem,
1705 2428 1834 2462 Canum,

1073 2477 1194 2514 Sotum,
1208 2475 1380 2520 &rasmum‚
1395 2475 1526 2512 &alios‚
1547 2476 1696 2509 Cornelius
1708 2473 1727 2508 ὰ
1739 2475 1835 2520 Lapi-

1074 2525 1109 2558 de
1126 2523 1154 2560 se
1173 2523 1237 2559 istis
1256 2527 1424 2573 adjungens
1439 2525 1540 2572 plures
1553 2537 1590 2559 ex
1607 2521 1664 2558 suis
1677 2522 1786 2570 allegat
1804 2522 1836 2554 in

1075 2577 1167 2610 Lucae
1184 2587 1206 2620 3.
1227 2587 1270 2620 23.
1295 2577 1342 2610 Ex
1362 2574 1475 2609 nostris
1494 2578 1643 2623 §omarus
1663 2573 1702 2607 de
1716 2570 1836 2607 Christi

1075 2624 1256 2673 genealogia
1268 2636 1332 2672 cap.
1347 2636 1375 2671 ς.
1387 2635 1494 2658 contra
1508 2621 1644 2658 Africani
1657 2621 1836 2657 sententiam

1076 2672 1241 2720 disputat&
1250 2686 1307 2719 pro
1317 2672 1344 2708 se
1353 2674 1426 2708 citat
1433 2676 1596 2708 eAretium
1603 2699 1614 2714 ,
1623 2672 1834 2707 Chemnitium,

1076 2725 1244 2772 Illyricum,
1262 2722 1442 2771 Chyrraenm,
1456 2720 1608 2770 aliosque:
1628 2720 1676 2757 sed
1689 2720 1831 2755 omnium

1076 2771 1308 2808 luculentissime
1333 2777 1364 2808 &
1395 2771 1610 2808 accuratissime
1640 2767 1830 2805 doffiffimus

1077 2821 1278 2870 Spanhemius
1286 2820 1466 2857 Africanum
1474 2830 1637 2869 oppugnat.
1658 2819 1760 2862 Hujus
1768 2819 1829 2861 jam
1841 2823 1992 2860 Defendimr

1077 2882 1255 2919 argumenta
1271 2884 1339 2918 quae
1352 2885 1388 2906 ex
1403 2874 1564 2906 Sammo,
1587 2872 1734 2907 Gomaro,
1754 2865 1828 2900 aliis-
1842 2864 1981 2901 Africanus

1078 2933 1138 2968 que
1150 2920 1356 2966 deprompsit,
1376 2921 1479 2966 paucis
1493 2932 1529 2952 ex
1542 2918 1596 2952 suo
1609 2917 1717 2952 additis
1729 2942 1738 2956 ‚
1758 2929 1827 2963 per-
1840 2912 1926 2970 {⁰2¹7
1963 2945 1985 2966 1..

1077 2968 1260 3017 pendamus;
1272 2980 1369 3016 prout
1381 2969 1531 3003 habentur
1544 2968 1711 3002 dubiorum
1725 2967 1828 3001 Euan-
1840 2950 1981 3020 „ZZZZ'J

1078 3019 1249 3068 gelicorum
1262 3031 1324 3067 par.
1343 3032 1367 3054 1.
1382 3019 1490 3053 dubio.
1512 3031 1558 3053 ιι.
1576 3017 1765 3067 paragrapho
1782 3018 1828 3050 23.
1842 3032 1875 3051 za.

1124 3070 1272 3104 Primum.
1293 3072 1374 3117 Qae
1387 3069 1478 3103 habet
1491 3066 1653 3104 Africanus
1667 3068 1705 3103 de
1716 3065 1806 3112 Esthci
1821 3090 1830 3105 ‚
1911 3073 1927 3090 ¹·

1078 3122 1109 3154 &
1122 3118 1244 3153 duobus
1255 3122 1318 3165 ejus
1332 3119 1445 3154 maritis
1454 3117 1519 3153 sunt
1533 3125 1642 3166 lixam.
1669 3115 1762 3164 Resp.
1776 3130 1831 3151 ne-

1078 3182 1133 3204 mo
1146 3181 1282 3216 unquam
1297 3169 1456 3206 somniavit
1468 3166 1553 3203 fuisse
1573 3180 1680 3216 ’mewa
1695 3178 1745 3202 aut
1756 3168 1831 3201 divi-

1721 3219 1760 3253 na
1773 3217 1833 3251 fide
