2048 3343
511 141 1483 181 prsromcaCorrarro.
1700 157 1758 196 ¹37

250 213 361 248 Versus
380 214 561 249 antecedens
579 228 651 250 cum
671 214 773 249 verbis
786 212 899 248 nostris
919 212 959 246 sic

202 264 400 298 conneffitur
416 278 426 304 3
449 264 588 299 laudetur
606 264 770 298 Dominus
792 263 837 297 ob
850 274 960 296 omnes

201 314 438 348 benediffiones
451 311 627 361 spirituales,
639 313 752 360 quibus
759 323 818 345 nos
832 310 960 345 benedi-

202 364 245 397 xit
257 365 289 397 in
302 363 443 402 Christo,
451 373 544 408 prout
556 363 649 409 elegit
656 373 713 394 nos
723 361 754 394 in
762 372 813 395 eo.
831 359 959 393 Elestio

201 412 306 446 nostra
318 413 349 445 in
362 410 491 445 Christo
504 411 672 445 declaratur
683 409 786 457 prior,
806 413 838 444 &
852 406 961 442 funda-

202 464 342 496 mentum
350 485 357 497 ‚
366 473 400 494 ac
408 460 510 508 regula
526 458 698 507 specialium
708 459 851 493 omnium
865 458 961 492 bene-

203 512 377 545 dictionum
391 509 435 544 ob
447 523 520 557 quas
528 511 617 544 Deus
625 508 669 544 est
681 509 861 548 laudandus,
873 507 961 556 quod

202 561 234 594 in
241 560 303 594 hoc
311 572 423 608 genere
436 559 493 594 fint
505 559 581 594 fides
589 564 619 595 δι
628 557 854 607 perseverantia,
863 570 960 592 nemo

201 609 338 644 necabit.
362 607 474 644 Versus
494 607 620 656 sequens
640 620 706 642 rem
719 608 797 642 hanc
814 608 911 655 magis
924 607 960 640 il-

201 660 231 693 lu
263 670 306 693 rat
320 684 329 699 ,
354 659 501 692 nimirum
515 657 608 693 solam
626 657 899 706 praedestinationis
912 669 961 690 re-

203 709 305 762 gulam
319 707 376 743 esse
389 709 454 742 Dei
467 709 693 756 beneplacitum
706 732 716 747 ‚
735 711 766 742 &
781 706 867 755 quod
883 706 959 740 illius

203 760 319 792 tructus
333 757 366 792 sit
378 758 508 805 adoptio
521 759 569 792 illa
581 757 735 805 posterior
751 782 761 797 ‚
780 755 880 790 multo
895 769 959 790 ma-

203 809 249 855 gis
262 807 493 855 perseverantia:
513 806 577 841 haec
591 808 673 841 enim
688 819 754 840 non
771 805 891 840 tantum
905 818 958 839 na-

202 859 269 891 tura
281 881 289 893 ,
307 856 355 891 sed
369 865 512 903 tempore
525 857 727 904 adoptionem
741 856 885 904 sequitur.
909 856 958 889 Fi-

202 907 254 940 des
268 907 359 940 etiam
372 919 437 940 non
454 906 498 939 est
511 906 681 954 adoptione
696 907 796 953 prior:
817 918 887 939 nam
904 917 957 939 ne-

201 960 259 990 mo'
275 956 398 1002 concipi
414 955 535 1003 potest,
549 967 581 990 ut
594 969 700 992 verum
709 966 741 990 ut
754 954 845 989 fidele
862 967 958 988 mem-

202 1005 293 1039 brum
307 1007 449 1052 corporis
463 1005 598 1043 christi,
622 1005 677 1039 nisi
691 1005 737 1039 vel
752 1006 865 1039 eodem
879 1030 889 1045 ,
911 1006 958 1040 vel

202 1056 299 1102 priori
320 1054 441 1089 instanti
461 1067 572 1090 naturae
594 1055 787 1102 concipiatur
804 1065 837 1088 ut
850 1053 959 1091 filiuszi

201 1106 279 1138 Deo
296 1104 464 1152 adeptatus.

250 1157 373 1188 Locum
386 1155 469 1188 hunc
483 1154 700 1202 Chrysofbomus
709 1154 840 1201 exponit
847 1155 884 1188 de
899 1153 960 1188 fide

201 1209 232 1240 δι
247 1202 482 1252 ΡοῐΓε-νεωῃῑίιῗ,
508 1203 590 1238 ἕνθ’
604 1206 634 1233 ἐπ
649 1205 658 1231 ὅ
674 1205 694 1232 ³³
711 1202 796 1234 πῖπως
815 1202 916 1241 b‘ffl'fcffl
937 1206 960 1242 ’‘:3

202 1253 322 1291 ὀίμωμῶ
336 1253 493 1286 amiam&
507 1252 557 1285 βίον
569 1251 659 1289 (κε-τίων·
680 1250 808 1284 San&us
821 1249 865 1283 est
879 1254 910 1284 δέ
923 1249 961 1284 fi-

204 1302 279 1336 delis
287 1326 295 1340 ‚
307 1301 487 1348 inculpatum,
498 1299 552 1347 qui
560 1297 857 1346 irreprehensibilem
869 1300 962 1335 vitam

204 1350 351 1398 transigit.

250 1401 304 1435 Ab
317 1399 379 1433 hoc
397 1399 471 1432 loco
489 1400 689 1445 Hieronymus
708 1395 837 1444 disputat
856 1408 963 1432 contra

205 1450 380 1497 Orzjgenem,
396 1459 429 1481 ut
442 1460 503 1495 ego
515 1457 624 1481 contra
638 1457 680 1481 te.
708 1448 826 1495 Qod,
843 1448 962 1495 inquit,

205 1496 344 1532 adversus
356 1510 427 1531 eum
441 1495 514 1530 facit
525 1496 578 1542 qui
590 1497 894 1542 antequammundus
907 1496 961 1531 fie-

205 1558 253 1581 ret
268 1547 383 1580 animas
402 1546 465 1581 vult
486 1545 598 1580 elcetas
611 1543 671 1578 effe
683 1556 812 1593 propter
824 1544 962 1580 sanctita-

205 1607 283 1636 tem,
296 1608 361 1629 non
374 1595 458 1630 enim
471 1594 627 1642 eliguntur
634 1596 747 1628 Paulus
758 1619 768 1635 ,
783 1599 814 1630 &
827 1597 881 1642 qui
893 1597 922 1630 ei
929 1595 963 1631 fi·

201 1646 290 1680 miles
304 1643 456 1692 sunt‚quia
469 1642 653 1679 erantsantsti
667 1647 697 1678 &
706 1645 901 1682 immaculati,
916 1644 965 1681 sed

200 1696 357 1743 eliguntur
368 1705 460 1742 atque
473 1692 740 1742 praedestinantur,
766 1705 798 1729 ut
813 1696 844 1729 in
857 1693 965 1730 conse-

199 1745 308 1793 quenti
321 1744 386 1778 vita
394 1757 447 1792 per
460 1756 556 1791 opera
568 1753 661 1790 atque
672 1744 802 1780 virtutes
814 1743 908 1779 saneti
917 1755 962 1780 at-

199 1807 262 1843 que
275 1795 463 1828 immaculati
478 1793 565 1827 fiant.

247 1844 335 1892 Saepe
349 1844 541 1892 Augustinus
553 1843 658 1878 locum
670 1844 753 1878 hunc
765 1843 878 1891 premit
890 1856 966 1879 con-

187 1903 247 1928 rtra
259 1895 438 1942 Pelagium,
455 1891 579 1940 ejusque
587 1890 729 1928 sobolem
744 1892 965 1939 Maffilaensm

201 1942 241 1977 de
256 1942 524 1990 praedestinatione
542 1955 606 1990 cap.
621 1946 666 1979 18.
685 1943 863 1979 Praesciebat
887 1956 964 1992 ergo

203 1993 263 2037 (ait
277 1994 486 2042 Pelagt'anus)
502 1993 555 2040 qui
563 1991 657 2028 futuri
665 1992 759 2028 essent
766 1993 963 2029 sanffi&im-

200 2042 344 2076 maculati
358 2055 414 2089 per
423 2041 554 2077 liberum
567 2044 732 2078 voluntatis
741 2044 915 2080 arbitrium,
930 2048 962 2079 &

199 2091 274 2125 ideo
292 2104 348 2125 eos
361 2103 431 2126 ante
450 2092 558 2126 mundi
575 2092 833 2128 constitutionem
853 2094 961 2141 elegit,

198 2141 271 2188 quia
291 2141 364 2174 tales
383 2139 503 2176 futuros
521 2141 579 2176 effe
597 2141 763 2190 praescivit,
789 2144 962 2178 intueamur

200 2201 277 2236 ergo
286 2213 297 2229 ‚
314 2190 415 2237 inquit
425 2214 436 2229 ,
463 2190 612 2238 Apostoli
623 2192 714 2228 verba
725 2218 735 2233 ,
756 2203 849 2241 atque
861 2193 960 2228 videa-

199 2251 284 2278 mus,
298 2249 399 2273 utrum
412 2241 576 2286 propterea
587 2254 646 2275 nos
663 2242 756 2290 elegit
770 2254 840 2277 ante
853 2243 961 2277 mundi

199 2287 470 2325 constitutionem,
485 2290 557 2335 quia
569 2287 663 2323 sanfiti
670 2289 763 2324 futuri
773 2304 908 2326 eramus,
922 2304 960 2324 an

200 2348 234 2371 ut
247 2336 386 2371 essemus.
409 2337 599 2370 Benedictus
619 2339 773 2383 (inquit)
795 2341 885 2372 Deus
898 2343 956 2372 &c.

200 2387 279 2422 Non
287 2398 363 2433 ergo
377 2386 446 2433 quia
454 2383 546 2419 futuri
554 2397 672 2419 eramus
682 2409 692 2425 ,
706 2385 756 2419 sed
769 2396 802 2419 ut
815 2386 961 2426 essemus3

199 2449 313 2483 nempe
326 2446 461 2474 certum,
476 2447 587 2482 nempe
598 2433 794 2469 manifestum
807 2434 868 2475 est,
886 2435 960 2469 ideo

201 2487 318 2533 quippe
331 2486 405 2519 tales
423 2497 542 2519 eramus
563 2482 656 2518 futuri
670 2509 680 2524 ,
706 2486 776 2533 quia
793 2486 886 2533 elegit
900 2484 960 2531 ipse

200 2534 415 2583 praedestinans
429 2559 439 2574 ‚
465 2546 498 2568 ut
511 2547 564 2581 per
577 2535 703 2582 gratiam
720 2537 784 2579 ejus
797 2535 869 2569 tales
885 2533 959 2569 effe-

201 2598 294 2625 mus3
325 2585 448 2618 cernitis
461 2609 471 2624 ‚
497 2584 708 2631 proculdubio
728 2584 850 2618 cernitis
864 2597 961 2632 quan-

201 2634 233 2667 ta
256 2632 502 2668 manifestatione
526 2633 702 2682 Apostolici
715 2634 834 2682 eloquii
857 2632 962 2669 defen-

202 2683 290 2717 datur
318 2682 382 2718 haec
408 2685 501 2731 gratia
526 2695 633 2718 eontra
660 2697 752 2731 quam
778 2685 887 2718 merita
910 2697 962 2718 ex-

202 2733 352 2766 tolluntur
378 2732 509 2767 humana
540 2744 688 2782 tanquam
717 2734 819 2768 homo
847 2733 963 2781 aliquid

204 2782 256 2816 det
275 2783 352 2816 Deo
371 2793 404 2816 ut
422 2782 606 2817 retribuatur
622 2783 658 2817 ei.
701 2783 820 2818 Ibidem
848 2783 962 2831 Masfi-

203 2832 296 2876 lienfhs
305 2832 388 2866 reete
396 2832 631 2872 convincuntur,
645 2832 859 2867 concedebant
869 2833 902 2866 hi
915 2845 964 2867 re—

205 2881 257 2916 ἂὲ
272 2881 308 2915 ab
320 2881 383 2915 hoc
398 2882 471 2915 loco
486 2879 634 2916 refutatos
652 2883 822 2930 Pelagianos
833 2883 887 2930 qui
900 2880 964 2916 san-

206 2931 346 2965 &itatem
359 2931 514 2965 electione
528 2933 664 2978 priorem
680 2928 832 2966 faciebant
847 2957 857 2971 ‚
876 2943 963 2979 puta‘

207 2981 282 3014 bant
300 2991 402 3014 tamen
423 2980 476 3027 ipsi
493 2982 568 3016 nihil
589 2980 730 3016 obstante
750 2981 813 3016 hoc
833 2983 908 3016 loeo
927 2981 964 3016 fi-

207 3030 278 3064 dem
289 3053 296 3065 ,
309 3041 359 3063 aut
371 3030 470 3075 aliqua
483 3032 568 3065 initia
580 3030 653 3066 fidei
665 3032 750 3066 reeh}
761 3033 885 3079 concipi
895 3029 965 3079 pos-

208 3078 237 3113 se
250 3080 352 3125 priora
365 3080 529 3114 eleffione.
561 3082 612 3115 Ad
624 3094 679 3115 eos
692 3080 731 3114 fic
746 3081 884 3128 loquitur
895 3084 965 3113 Au-

203 3128 346 3178 gustinus.
373 3129 510 3162 Audiant
523 3141 615 3177 ergo,
630 3131 746 3178 inquit,
760 3130 853 3178 &ipsi
865 3132 895 3164 in
904 3131 966 3164 hoc

208 3177 391 3212 testimonio
410 3177 611 3224 praedestinati
635 3178 799 3213 secundum
824 3179 966 3229 proposi-

208 3239 275 3262 tum
289 3229 352 3273 ejus
366 3228 419 3274 qui
432 3225 564 3264 universa
577 3239 737 3276 operatur,
751 3227 811 3277 ipse
823 3242 900 3277 ergo
911 3254 921 3268 ,
936 3240 969 3264 ut

995 213 1175 261 incipiamus
1183 213 1309 248 credere
1315 214 1528 262 operatur‚qui
1536 213 1670 251 universa
1678 228 1758 264 ope-

996 274 1077 297 ratur
1090 276 1164 298 :nee
1177 262 1253 297 fides
1266 262 1326 310 ipsa
1339 264 1498 310 praecedit,
1512 277 1578 298 non
1594 265 1677 299 enim
1686 266 1757 313 quia

996 312 1150 347 credimus
1160 337 1170 352 ,
1186 310 1236 346 sed
1249 322 1284 346 ut
1296 312 1455 347 credamus
1469 313 1562 361 elegit
1575 326 1644 348 nos.
1672 316 1757 349 Ecce

997 370 1030 394 ut
1041 361 1210 409 triumphet
1218 374 1254 396 ex
1262 360 1407 395 hocloco
1415 362 1452 396 de
1461 362 1548 397 dono
1564 361 1758 410 perseveran-

996 409 1044 442 tiae
1051 422 1157 456 cap.7.
1171 409 1406 447 Contraistam,
1423 412 1540 457 inquit,
1553 413 1687 447 veritatis
1695 426 1759 448 tam

996 457 1106 492 claram
1114 458 1219 492 tubam
1226 483 1236 498 ,
1251 460 1318 506 quis
1325 461 1426 494 homo
1436 458 1543 494 sobriae
1551 462 1760 510 vigilantisque

996 507 1070 542 fidei
1081 520 1173 544 voces
1180 508 1252 541 ullas
1260 509 1398 543 admittat
1410 509 1577 544 humanas?
1590 511 1762 546 Nihilomi-

997 556 1055 591 nus
1069 557 1233 592 collatores
1239 558 1397 606 Hagiensbs
1406 559 1516 593 audent
1524 557 1696 607 responsare
1704 586 1714 600 ,
1729 564 1761 596 &

997 606 1255 641 Remonstrantes
1264 607 1411 654 Synodici
1419 620 1488 642 cum
1497 607 1763 655 responfioneHa-

996 656 1146 704 giensium
1159 669 1224 690 non
1238 655 1332 691 effent
1346 659 1486 704 contenti
1499 681 1509 697 ‚
1535 659 1604 691 alias
1617 658 1672 705 ipsi
1684 657 1762 694 affe-

996 717 1076 741 runt.
1125 705 1236 741 Postea
1255 709 1404 740 Corvinus
1424 717 1532 741 contra
1552 709 1761 743 ffliolinaenm

996 769 1077 790 nova
1090 757 1213 791 inventa
1225 756 1308 790 addit
1324 780 1332 792 ‚
1355 760 1387 791 &
1399 758 1569 805 Spalatenfis
1581 756 1707 793 diversas
1721 758 1760 791 ab

996 806 1144 840 omnibus
1158 804 1369 853 responsiones
1384 805 1554 853 confingit,
1568 820 1635 854 quae
1649 805 1759 841 existis

995 856 1053 889 tibi
1068 855 1273 903 approbatur,
1285 855 1399 891 videbo
1408 857 1438 890 in
1452 855 1598 904 rescripto
1611 867 1684 891 tuo:
1698 856 1759 890 rni-

995 904 1027 938 hi
1043 905 1188 951 quidem,
1208 917 1400 952 quaecunque
1407 905 1458 940 hic
1467 905 1504 939 ab
1518 906 1555 940 iis
1569 905 1735 940 afferuntur
1748 931 1759 946 ‚

995 955 1136 989 videntur
1147 952 1205 988 effe
1212 954 1468 990 clariffimitextfis
1477 955 1685 996 detorfiones‚
1698 954 1759 991 fin-

995 1004 1073 1051 gulis
1086 1002 1212 1039 diversas
1224 1003 1431 1039 insistentibus
1443 1006 1505 1039 vias
1518 1029 1527 1044 ‚
1554 1005 1636 1053 quasi
1655 1017 1758 1052 neque

995 1053 1052 1087 suis
1064 1078 1074 1093 ‚
1099 1066 1201 1102 neque
1225 1051 1382 1088 sociorum
1405 1052 1654 1102 responsionibus
1678 1054 1758 1090 fide-

996 1113 1075 1137 rent.

1045 1151 1221 1187 Secundum
1241 1165 1347 1187 meum
1359 1152 1573 1188 testimonium
1585 1153 1630 1188 est
1643 1166 1679 1188 ex
1692 1154 1758 1201 epi-

998 1200 1074 1234 stola
1080 1201 1117 1234 ad
1125 1202 1238 1236 Roma
1244 1214 1263 1235 1.
1275 1214 1301 1246 5.
1312 1202 1632 1249 Qliquiaeftcundumj
1643 1204 1757 1237 elefz‘io-

997 1262 1064 1283 nem
1065 1253 1167 1298 gratiae
1170 1251 1256 1294 sizlvae
1259 1251 1345 1296 faHae
1345 1251 1455 1296 suntfi
1462 1252 1759 1302 autemgratid',jam

1009 1312 1066 1332 non
1079 1312 1117 1332 ex
1129 1299 1392 1348 operibus,alioqui
1396 1305 1502 1350 gratia
1509 1305 1580 1351 jam
1586 1316 1643 1336 non
1655 1303 1692 1347 est
1699 1315 1759 1352 gra

999 1348 1143 1392 tia,s2’dst'
1148 1362 1187 1381 ex
1195 1349 1328 1396 operibus
1335 1361 1402 1384 tum
1409 1364 1465 1384 non
1477 1364 1516 1384 ex
1521 1351 1636 1401 gratini,
1647 1354 1760 1400 alioqui

998 1409 1084 1446 opera
1096 1398 1229 1442 nonsimt
1241 1409 1339 1447 opera.
1352 1401 1511 1448 Loquitur
1524 1402 1576 1436 hic
1587 1402 1761 1449 Apostolus

999 1448 1037 1482 de
1049 1447 1216 1495 iisJudaeis‚
1225 1461 1306 1495 quos
1317 1450 1407 1484 Deus
1416 1449 1764 1498 praescivit&praedesti-

999 1497 1097 1536 navit,
1117 1497 1170 1544 qui
1184 1496 1330 1542 justitiam
1342 1499 1544 1534 obtinuerunt
1555 1525 1565 1540 ,
1594 1504 1626 1536 δι
1640 1500 1767 1536 salutern

999 1559 1092 1594 quam
1106 1547 1216 1593 reliqui
1227 1559 1294 1580 non
1308 1545 1375 1582 sunt
1388 1547 1554 1596 affequuti3
1569 1549 1608 1584 de
1618 1551 1654 1584 iis
1671 1551 1767 1585 nimi-

999 1608 1068 1630 rum
1081 1608 1162 1642 quos
1176 1597 1267 1630 Deus
1282 1595 1338 1631 fibi
1351 1596 1530 1635 reservavit,
1551 1602 1583 1634 δι
1600 1598 1768 1636 custodivit

1000 1645 1015 1680 a
1028 1647 1175 1686 caecitate,
1188 1646 1314 1686 duritie,
1326 1651 1359 1682 &
1371 1648 1557 1692 rejectione,
1567 1662 1636 1695 quae
1650 1651 1766 1684 caeteris

1000 1695 1169 1743 contingit.
1195 1696 1319 1730 Omnes
1340 1696 1387 1731 hae
1405 1696 1621 1733 misericordiae
1637 1699 1669 1733 in
1683 1699 1766 1747 ipsos

1000 1745 1118 1780 collatae
1131 1743 1320 1780 ascribuntur
1331 1745 1469 1794 ipsorum
1478 1747 1643 1789 electioni,
1657 1752 1690 1784 δι
1703 1750 1766 1784 ele-

1001 1795 1116 1829 &ionis
1128 1793 1266 1843 ipsorum
1279 1806 1385 1831 natura
1399 1797 1449 1832 hic
1457 1795 1639 1833 describitur
1647 1822 1658 1838 ,
1685 1808 1718 1833 ut
1731 1811 1766 1833 e-

1001 1845 1139 1892 xemplar
1153 1844 1318 1893 elee'tionis
1331 1847 1475 1881 omnium
1490 1846 1639 1888 aliorum',
1659 1849 1766 1882 omnis

1000 1892 1100 1934 causa,
1116 1894 1212 1935 ratio,
1228 1895 1388 1937 conditio,
1405 1897 1444 1931 ab
1457 1895 1595 1944 ipsorum
1611 1898 1767 1932 electione

1001 1954 1179 1979 removetur
1190 1968 1201 1985 ‚
1220 1943 1361 1992 expresse
1375 1956 1478 1981 autem
1493 1947 1601 1980 omnia
1614 1959 1709 1995 opera
1717 1960 1768 1982 re-

999 1995 1163 2040 jiciuntur,
1182 2007 1285 2042 neque
1297 1994 1372 2030 vero
1384 1995 1502 2030 tantum
1515 2007 1716 2032 removentur
1728 2009 1768 2030 o-

999 2056 1070 2091 pera
1081 2044 1120 2078 ab
1135 2044 1292 2078 electione
1301 2068 1311 2083 ‚
1338 2042 1388 2079 sed
1402 2045 1498 2092 gratia
1512 2049 1545 2080 &
1557 2058 1652 2092 opera
1665 2046 1767 2080 decla-

999 2094 1352 2141 ranturincompatibilia
1361 2118 1371 2134 ‚
1381 2098 1413 2129 &
1420 2094 1650 2130 inconfistentia
1657 2096 1688 2129 in
1696 2108 1768 2130 cau-

999 2146 1033 2180 sfi
1046 2144 1225 2178 eletffionis:
1239 2141 1388 2178 ascribere
1403 2144 1591 2179 electionem
1608 2146 1710 2193 gratiae
1722 2144 1766 2179 est

999 2206 1067 2228 eam
1081 2194 1231 2240 denegare
1244 2193 1394 2241 operibus
1407 2218 1417 2233 ,
1444 2193 1594 2228 ascribere
1608 2207 1674 2228 eam
1688 2207 1767 2241 ope-

997 2245 1083 2277 ribus
1095 2243 1140 2277 est
1153 2255 1221 2277 earn
1233 2243 1385 2290 denegare
1393 2244 1505 2291 gratiae.
1534 2245 1692 2290 Operatio
1701 2256 1767 2290 gra-

997 2292 1046 2325 tiae
1063 2304 1126 2326 tam
1145 2291 1191 2325 est
1210 2293 1364 2325 contraria
1386 2293 1562 2338 operationi
1576 2293 1720 2327 virtutum
1736 2295 1768 2326 in

997 2340 1090 2372 nobis
1100 2364 1111 2378 ,
1129 2349 1164 2372 ut
1176 2339 1234 2373 un‘a
1247 2340 1372 2374 alteram
1385 2340 1533 2377 destruat,
1553 2343 1640 2388 quod
1656 2342 1671 2375 ἐ
1687 2345 1764 2376 Deo

997 2399 1052 2433 per
1067 2386 1172 2421 nostra
1181 2399 1275 2433 opera
1283 2386 1477 2434 assequimur,
1490 2389 1652 2424 obtinetur
1664 2403 1700 2424 ex
1709 2391 1762 2425 de-

998 2436 1066 2469 bito
1074 2459 1083 2475 ,
1099 2435 1186 2482 quod
1199 2435 1274 2470 vero
1287 2448 1342 2482 per
1352 2437 1481 2484 gratiam
1490 2437 1639 2473 habemus
1649 2452 1685 2473 ex
1695 2453 1762 2474 me-

998 2497 1035 2519 ro
1054 2488 1084 2519 &
1103 2484 1204 2519 libero
1226 2485 1424 2532 beneplacito
1442 2486 1671 2534 consequimur.
1696 2491 1762 2524 Lo·

998 2547 1050 2569 cus
1062 2534 1114 2568 hic
1126 2545 1188 2569 tarn
1197 2534 1241 2568 est
1248 2535 1370 2570 evidens
1381 2560 1388 2572 ‚
1403 2546 1436 2570 ut
1446 2536 1685 2572 adversariorum
1694 2540 1762 2585 ple—

999 2585 1086 2631 rique
1094 2585 1148 2632 qui
1161 2584 1308 2618 electioni
1316 2585 1575 2622 conditionatae&
1585 2588 1762 2634 dependen-

998 2635 1022 2668 ti
1035 2631 1151 2673 favent‚
1161 2636 1226 2679 ejus
1239 2635 1306 2668 luce
1319 2636 1500 2670 conviftiab
1509 2649 1618 2671 eorum
1631 2638 1762 2673 elefflo-

998 2696 1038 2717 ne
1048 2685 1237 2718 removerint
1245 2697 1339 2731 opera
1347 2709 1357 2724 ,
1373 2689 1405 2720 &
1412 2698 1629 2734 quamcunque
1637 2688 1760 2723 tandem

999 2734 1234 2781 dependentiam
1246 2733 1262 2768 a
1276 2733 1338 2768 fide
1351 2735 1499 2769 electioni
1515 2736 1680 2777 dederunt,
1692 2738 1761 2772 nul-

1000 2785 1059 2818 lam
1071 2794 1174 2819 tamen
1187 2784 1225 2818 ab
1233 2783 1380 2830 operibus
1387 2785 1624 2832 dependentiam
1635 2786 1761 2822 conces-

1002 2832 1111 2868 serunt.
1148 2835 1226 2868 Haec
1239 2836 1398 2868 eArminit
1413 2835 1450 2868 ad
1463 2846 1599 2874 mortem
1615 2834 1760 2882 professio

1002 2881 1058 2917 fuit
1073 2897 1080 2917 :
1106 2882 1170 2917 haec
1183 2881 1357 2931 sequacium
1370 2886 1434 2928 ejus
1451 2882 1509 2919 fuit
1523 2886 1571 2920 via
1584 2896 1645 2919 tam
1667 2889 1761 2935 Hagae

1002 2945 1094 2980 quam
1108 2933 1268 2967 ‘Dordract
1279 2947 1312 2968 ac
1320 2933 1428 2981 postea
1436 2958 1445 2973 ‚
1457 2934 1559 2968 donec
1568 2937 1594 2968 A
1599 2936 1762 2984 pologistae

1003 2995 1070 3017 eam
1083 2985 1259 3026 mutarunt3
1286 2983 1351 3017 haec
1365 2983 1616 3018 Lutheranorum
1630 2986 1666 3020 ad
1678 2986 1762 3021 hunc

1003 3033 1084 3067 diem
1099 3045 1186 3066 mens
1194 3032 1249 3073 est,
1261 3044 1416 3080 utcunque
1429 3046 1487 3067 nos
1501 3034 1578 3068 ultra
1592 3036 1763 3081 premimus

1003 3082 1107 3115 locum
1121 3081 1206 3116 hunc
1218 3083 1257 3116 ab
1270 3083 1426 3116 electione
1442 3083 1602 3118 excludere
1615 3097 1680 3120 non
1695 3096 1763 3120 tan-

1003 3131 1069 3166 tum
1078 3143 1183 3177 opera,
1198 3129 1247 3166 sed
1259 3132 1350 3166 etiam
1358 3131 1462 3172 fidem,
1470 3131 1572 3167 saltem
1581 3145 1614 3168 ut
1621 3134 1666 3169 est
1673 3148 1762 3182 opus.

1004 3182 1079 3214 Hoc
1087 3180 1173 3214 certe
1186 3181 1355 3215 Lutherani
1368 3180 1529 3222 affirmant,
1537 3184 1623 3230 quod
1636 3186 1705 3218 utin
1714 3186 1763 3228 ju-

1005 3229 1195 3265 stificatione
1206 3229 1282 3266 fides
1295 3243 1360 3266 non
1376 3243 1520 3278 operatur
1535 3245 1568 3267 ut
1581 3235 1690 3272 virtuS,
1713 3231 1763 3266 sed
1792 3262 1795 3264 ,

1364 3284 1387 3313 S
1402 3281 1425 3321 f
1675 3293 1706 3316 ut
1718 3284 1764 3315 in-

1768 1099 1896 1136 Scriptura

1764 1138 1875 1176 fecunda.
1881 1149 1913 1166 ex

1769 1179 1869 1216 epist'ola
1877 1178 1915 1206 ad

1770 1223 1837 1249 Rom.
1843 1231 1850 1247 1
1858 1230 1875 1247 1.
1880 1229 1902 1255 ς.
