2048 3343
117 1967 250 1997 Arminia-

273 113 335 157 148
570 105 610 142 D
642 115 663 141 E

274 176 391 224 logistis
411 174 501 222 ponis
520 174 599 206 inter
609 169 810 218 quastione&
830 182 898 217 quae
911 169 1028 202 nullum

272 228 386 260 debent
399 223 499 259 facere
513 221 646 256 schisma.
656 221 773 255 Omnia
789 220 896 267 placita
907 218 1011 264 Vorstzi
1021 243 1031 258 ,

271 276 377 309 omnia
390 277 498 312 Socim,
514 274 623 311 exirit,
639 269 802 319 Ἇζςβονιῖ,
819 268 976 317 Eutychis3
997 281 1031 301 o-

270 326 353 359 mnia
368 324 422 357 ista
435 325 595 369 dogmata,
623 333 690 367 quae
705 318 799 367 vulgo
813 330 875 352 tam
890 318 905 352 a
921 321 1031 352 Prote-

270 373 418 408 stantibus
434 374 525 420 quam
540 369 713 405 pontificiis
733 367 889 403 censentur
907 368 1034 402 damna-

271 424 346 458 biles
360 421 486 456 haereses
503 446 512 460 ,
533 421 576 455 vis
599 419 656 453 esse
672 430 734 452 tam
748 419 887 452 innoxias
904 418 1030 465 opinio-

270 486 339 511 neS,
355 484 387 506 ut
406 471 486 507 belle
499 469 663 505 consistant
678 481 748 502 cum
764 467 841 507 fide,
868 467 980 515 pietate
999 471 1031 501 &

272 520 362 555 salute
375 534 497 560 eorum,
514 521 567 567 qui
578 518 646 551 istas
659 518 901 564 atnpletftui'itur,
928 528 1032 562 neque

270 571 339 604 istas
354 572 397 605 vis
419 578 561 616 rumpere
578 568 691 602 debere
710 579 816 614 pacem
832 570 863 599 ὃς
884 565 1031 598 unitatem

271 633 342 654 cum
357 619 548 653 dissentiente
562 630 732 664 quoquam.
751 616 839 649 Num
851 625 901 647 tua
915 613 978 647 haec
986 613 1031 647 di-

271 671 350 703 etata
363 668 417 702 sint
432 667 594 701 secundum
606 667 774 702 veritatem,
786 676 850 696 non
864 662 906 697 cst
921 662 972 696 hic
986 663 1032 696 di-

270 718 405 764 sputandi
420 719 522 751 locus:
539 715 657 749 tantum
669 713 861 759 inpraesentia
876 710 1030 746 meminis-

271 767 298 802 se
311 780 342 802 te
357 765 558 812 velim,long'e
571 765 658 796 aliam
672 761 735 796 fere
749 764 893 795 omnium
905 772 1031 795 tuorum

269 819 442 852 amicorum
457 815 594 848 mentem
610 811 666 846 esse
682 813 718 845 de
731 810 952 858 quaestionibus
968 823 1030 844 no-

271 867 318 901 bis
331 869 390 910 jam
403 877 462 910 prae
479 862 628 897 manibus.
651 861 820 895 Lutherani
836 861 851 894 :i
865 861 966 894 multis
978 873 1031 893 an-

271 917 316 950 nis
337 913 473 948 nostram
493 914 531 946 de
549 911 815 959 praedestinatione
829 910 1003 944 doetrinam
1017 935 1026 949 ,

271 964 446 1012 primariam
459 961 536 996 succa
549 962 640 994 nobis
653 958 848 1007 separationis
856 958 972 994 causam
984 957 1028 993 fe-

271 1014 340 1048 cdre
350 1038 359 1053 ‚
376 1012 447 1047 imo.
457 1014 606 1054 majorem
620 1009 736 1045 causam
747 1035 755 1049 ,
770 1009 863 1057 quam
878 1008 981 1042 nostra
995 1009 1032 1043 de

274 1062 462 1097 sacramentis
473 1061 882 1109 dogmata.Pronr.¹.ncifirunt
890 1060 1034 1093 Remon-

273 1112 400 1146 strantes
421 1110 620 1159 quaestionem
635 1109 672 1143 de
693 1108 957 1156 praedestinatione
970 1120 1031 1142 tam

274 1163 331 1196 esse
341 1162 464 1200 realem,
475 1161 623 1193 moralem
638 1163 668 1194 δε
684 1159 867 1205 ρτὸἑὶίεειῐη,
881 1157 1032 1191 nostram-

273 1224 334 1258 que
352 1213 384 1244 in
398 1213 434 1245 ea
454 1210 627 1244 dostrinam
646 1221 707 1242 tain
729 1207 786 1242 effe
806 1207 878 1241 fidei
892 1212 922 1242 δι
940 1208 1032 1241 bonis

275 1260 415 1295 moribus
429 1261 626 1297 contrariam,
648 1269 695 1293 ut,
715 1258 854 1304 quamvis
867 1270 937 1291 cum
951 1260 1031 1289 Soci-

276 1311 371 1343 m'omv's
386 1310 625 1342 Antitrim'tarzis
638 1304 665 1340 se
680 1308 848 1341 univerint‚
872 1304 1033 1339 nobiscum

275 1371 394 1397 tamen,
408 1363 438 1392 ὃ(
450 1371 519 1391 cum
535 1357 711 1402 sequacibus
725 1355 882 1389 diabolicae
892 1354 975 1388 istius
983 1357 1034 1402 Sy-

273 1409 342 1442 nodi
357 1408 552 1441 Dordracenae
571 1419 641 1440 cum
667 1406 752 1440 bona
765 1402 950 1439 conscientia
966 1407 1034 1449 jun-

273 1471 346 1506 gere
360 1456 388 1491 se
403 1470 467 1490 non
482 1456 602 1503 possint.
629 1453 692 1501 Ipse
707 1466 774 1488 tuus
788 1454 958 1503 Spalatensis
971 1453 1035 1488 cito

273 1506 399 1541 discessit
413 1507 451 1539 ab
465 1507 519 1539 illo
534 1503 586 1538 suo
601 1504 751 1551 dogmate
769 1528 778 1540 ,
803 1505 889 1551 quod
908 1504 957 1537 hic
978 1516 1037 1537 tuae

272 1556 439 1590 assertionis
452 1554 497 1588 est
513 1552 763 1588 fundamentum:
786 1556 850 1597 ejus
865 1554 948 1587 enim
962 1554 1036 1600 pali-

272 1608 366 1640 nodia
382 1606 412 1638 in
434 1604 564 1639 consilio
584 1603 698 1637 reditus
723 1603 824 1642 edita,
851 1614 947 1650 puto,
978 1601 1038 1636 fuit

273 1667 341 1689 ante
355 1653 558 1700 septimumdc
571 1652 864 1699 Republicalibrum
875 1678 883 1692 ‚
898 1653 978 1686 unde
986 1664 1037 1687 tua

274 1705 324 1739 hic
336 1704 452 1738 hauris:
468 1704 499 1737 in
514 1704 550 1737 ea
563 1714 664 1737 autem
678 1700 727 1738 sua
734 1702 891 1749 palinodia
898 1701 1035 1736 nostram

273 1755 310 1789 de
324 1752 587 1802 praedestinatione
595 1752 771 1787 do6hinam
785 1751 987 1791 condemnat,
1004 1763 1037 1786 ut

274 1804 446 1839 evidentem
454 1802 595 1842 haerefin,
610 1801 779 1849 omnesque
787 1802 1037 1849 pronunciathae-

276 1854 400 1905 reticos,
416 1855 469 1901 qui
483 1853 742 1888 communionem
760 1852 868 1886 colunt
881 1865 952 1887 cum
961 1852 1038 1892 ullo,

279 1903 332 1951 qui
346 1902 481 1938 nostram
497 1903 671 1936 doctrinam
685 1913 819 1936 tuentur.

326 1952 489 1991 Praeterea,
511 1952 569 1991 ais,
590 1962 726 1999 paratum
745 1963 774 1985 te
788 1963 874 1986 tuum
889 1951 1038 1996 judicium

118 2018 206 2035 norum
234 2006 267 2038 &
281 1999 457 2048 suspendere
471 2001 508 2035 de
521 2003 651 2048 uti-aque
665 2000 843 2047 quaestionis
856 2012 957 2048 parte,
972 2000 1038 2034 imo

118 2049 268 2093 1efiijtamm
281 2051 326 2090 efi,
341 2064 408 2097 qua:
421 2052 478 2085 tibi
492 2049 546 2095 ipsi
561 2050 802 2096 probabilissima
811 2052 940 2090 videtur,
955 2050 974 2084 sl
988 2063 1038 2084 ec-

115 2085 220 2125 profqfflo

112 2125 271 2163 fichemffionu

119 2166 212 2202 ecclefiz
239 2166 270 2200 1st

116 2207 228 2243 subdam

283 2100 374 2135 clelise
413 2105 444 2135 &
479 2099 586 2134 schola:
611 2113 728 2148 magnae
752 2104 911 2133 Britannia
934 2112 1040 2133 contra

282 2161 367 2183 tuum
383 2151 529 2193 judicium
544 2149 791 2184 determinarent.
815 2147 907 2196 Resp.
933 2151 963 2183 Si
977 2149 1040 2184 hoc

281 2199 451 2245 praestiteris
464 2199 644 2244 promissum
654 2223 663 2237 ‚
683 2199 777 2246 longe
790 2199 950 2233 antecedes
963 2200 1040 2232 ami-

281 2260 335 2281 cos
349 2248 379 2280 in
392 2248 571 2281 obedientia
583 2247 722 2280 eccleliae.
739 2251 920 2279 Armim‘ani
933 2260 1040 2292 quam-

282 2297 334 2329 diu
349 2294 430 2342 spem
444 2295 598 2328 habebant
610 2297 760 2342 §jenerales
772 2296 896 2327 Ordines
909 2295 945 2326 ad
959 2293 1038 2326 suam

282 2344 458 2378 sententiam
473 2345 620 2376 adducere
628 2367 637 2381 ‚
650 2343 725 2375 nihil
739 2343 819 2375 aliud
827 2343 857 2374 in
866 2354 920 2375 ore
929 2345 960 2375 δι
970 2340 1039 2375 scri-

282 2396 340 2441 ptis
353 2392 506 2431 ferebant,
531 2404 622 2439 quam
638 2389 808 2424 absolutam
829 2390 1038 2424 obedientiam

283 2442 467 2491 magistratui
476 2466 485 2481 ‚
501 2440 547 2476 sed
557 2452 588 2475 ut
602 2441 664 2474 haec
673 2439 736 2487 spes
745 2440 919 2478 decollavit,
936 2443 967 2474 δι
980 2438 1038 2473 sta-

284 2504 330 2526 tus
349 2493 443 2527 civilis
462 2504 496 2525 ac
516 2489 731 2525 ecclesiasticus
751 2490 782 2523 in
797 2490 909 2523 celebri
923 2488 971 2522 illa
986 2491 1038 2536 Sy-

283 2542 352 2574 nodo
369 2539 571 2574 ‘Dordracemi
594 2552 703 2574 eorum
720 2537 897 2572 sententiam
922 2540 1039 2572 conde-

284 2590 409 2625 mnfisset
422 2615 430 2629 ,
457 2603 523 2638 quae
540 2587 672 2636 ipsorum
687 2587 871 2636 magistratui
886 2588 1038 2621 obedien-

284 2643 323 2674 tia
337 2639 442 2679 fuerit,
461 2641 549 2676 novit
562 2639 656 2672 orbis.
671 2637 793 2685 Jesuitae
802 2636 947 2671 summam
957 2635 1037 2671 suam

286 2690 379 2723 hodie
393 2701 516 2735 crepant
529 2701 598 2721 eroa
614 2686 768 2721 ecclesiam
785 2711 793 2725 ‚
817 2687 883 2720 imo
897 2686 1041 2733 quaelibet

286 2742 370 2786 Papae
378 2717 717 2775 decretarevessentiam,
731 2736 1041 2770 nihilominustamen

233 2792 236 2796 ’
286 2787 408 2822 firmum
428 2786 562 2833 ipsorum
584 2785 774 2833 propositum
794 2785 965 2819 adhaerendi
983 2797 1041 2820 tuae

286 2838 323 2871 de
338 2837 599 2884 praedestinatione
618 2834 770 2869 sententiae
783 2859 792 2873 ‚
820 2848 884 2868 non
900 2834 1042 2869 obstante

287 2889 398 2934 quovis
412 2888 536 2920 decreto
556 2885 686 2919 ecclesiae
705 2895 755 2918 aut
774 2887 858 2931 Papae
872 2886 902 2918 in
915 2884 1041 2932 opposi-

288 2946 368 2972 tum,
394 2937 425 2969 in
437 2935 519 2969 hunc
533 2936 614 2968 diem
629 2937 739 2980 Papam
752 2932 908 2973 deterruit,
923 2947 961 2968 ne
974 2932 1039 2968 sen-

288 2986 413 3018 tentiam
427 2986 516 3018 ullam
530 2985 561 3017 in
575 2984 631 3018 ista
643 2982 727 3018 causa
740 2981 818 3017 ferre
832 2983 954 3017 auderet
968 3008 977 3022 ‚
1003 2984 1040 3016 li-

288 3044 336 3067 cet
349 3034 578 3079 importunitate
592 3034 723 3067 maxima
737 3029 810 3079 saepe
823 3038 1011 3079 premeretur
1026 3032 1042 3066 a

289 3083 438 3121 multis,ut
452 3082 530 3116 suam
543 3094 679 3117 mentem
692 3082 798 3128 eloqui
811 3083 992 3130 dignaretur.

337 3130 479 3165 Ecclefiae
500 3133 648 3166 Romanae
669 3132 832 3165 declaratio
845 3145 903 3179 pro
916 3133 1042 3167 veritate

290 3180 437 3215 do&rinae
451 3180 628 3228 vingufi‘mi
640 3181 671 3214 in
684 3181 829 3215 omnibus
838 3181 951 3215 nostris
962 3193 1042 3228 quae-

722 101 1540 148 PRAEnEs’riNA-rroNE,

1074 169 1249 209 stionibus,
1270 167 1440 205 solicitante
1453 172 1613 218 Prospero,
1636 181 1699 206 tam
1713 172 1788 207 clara
1801 186 1840 207 0-

1073 220 1126 253 lim
1140 224 1170 254 &
1185 220 1311 254 notoria
1320 221 1480 259 emanavit,
1490 220 1582 267 quam
1593 220 1754 268 quisquam
1770 221 1840 269 pos-

1076 268 1116 303 set
1131 268 1310 304 desiderare.
1345 270 1424 304 Tale
1438 271 1529 303 etiam
1549 268 1607 303 fuit
1625 271 1774 314 judicium
1790 286 1842 308 ec-

1074 318 1168 353 clefiae
1181 319 1361 353 Hollandicae
1377 321 1408 352 in
1423 319 1546 366 publica
1561 318 1609 353 sufi
1631 317 1819 356 confessione
1833 337 1841 357 :

1074 367 1122 403 sed
1136 366 1306 402 adversariis
1317 369 1395 403 nihil
1410 369 1453 402 est
1467 370 1618 417 liquidum
1631 393 1640 408 ‚
1655 369 1704 402 lux
1721 371 1841 405 clarissi-

1074 431 1122 451 ma
1134 416 1177 451 est
1188 417 1326 452 obscura.
1347 419 1506 466 Judicium
1518 418 1709 452 ecclesiarum
1717 422 1839 452 Britan-

1073 470 1213 499 nicarum
1235 467 1265 500 in
1285 466 1341 500 hac
1361 465 1446 503 causa
1458 467 1535 501 mihi
1550 468 1669 501 videtur
1680 469 1836 515 liquidissi-

1073 529 1171 550 mum.
1197 514 1359 550 Confessio
1373 517 1542 564 Anglicana
1556 527 1659 562 art.17.
1676 517 1838 564 profitetur

1073 566 1165 600 talem
1181 565 1367 599 elefflonem

1073 613 1174 648 homo
1185 615 1311 648 credens
1324 619 1356 650 δε
1371 614 1561 662 perseverans
1574 640 1583 655 ‚
1613 615 1662 649 sed
1680 616 1781 650 homo
1793 620 1834 662 ja-

1073 677 1144 698 cens
1158 662 1212 697 sub
1225 664 1484 700 maledictione&
1498 664 1617 700 miseria
1632 667 1764 712 peccati:
1778 666 1836 701 hu-

1073 712 1204 758 jusmodi
1214 714 1412 750 elediionem,
1426 718 1512 760 cujus
1524 712 1640 749 fruetus
1653 715 1697 749 est
1711 717 1836 750 vocatio

1075 762 1238 797 secundum
1247 763 1443 810 propositum
1454 789 1462 802 ,
1474 769 1504 800 δι
1513 764 1692 799 obedientia
1700 765 1771 799 huic
1778 778 1836 799 vo-

1074 813 1247 851 cationi‚vel
1255 812 1330 846 fides
1338 837 1347 852 ,
1361 812 1552 856 justificatio,
1566 815 1714 863 adoptio,
1727 814 1835 849 ambu-

1074 862 1148 895 latio
1162 863 1192 894 in
1206 863 1316 907 pietate
1325 866 1355 896 ἃ
1365 862 1458 896 bonis
1471 865 1634 909 operibus,
1648 864 1834 912 deniqueta-

1074 912 1134 945 lem
1148 911 1353 951 elestionem,
1369 913 1406 946 de
1425 911 1485 959 quz'i
1502 911 1647 947 homines
1662 914 1692 946 in
1705 913 1760 947 hac
1773 915 1834 950 vita

1075 973 1136 995 tam
1151 958 1215 994 sunt
1228 961 1317 1000 certi,
1329 973 1362 995 ut
1376 962 1446 995 inde
1458 961 1530 996 fluat
1546 962 1640 996 dulcis
1654 962 1836 997 &ineffabi-

1076 1012 1111 1044 lis
1127 1009 1308 1044 consolatio.
1337 1008 1499 1046 Confeffio
1512 1015 1668 1045 scoticana
1686 1010 1836 1057 ejusmodi

1074 1061 1261 1093 ele6'tionem
1282 1061 1374 1094 docet
1393 1072 1447 1095 art.
1466 1063 1496 1096 8.
1515 1064 1600 1106 cujus
1618 1060 1701 1095 causa
1719 1061 1764 1096 est
1777 1060 1837 1095 sola

1075 1111 1140 1144 Dei
1157 1111 1249 1157 gratia
1258 1115 1288 1144 &
1302 1109 1526 1150 misericordia,
1541 1113 1625 1156 cujus
1635 1110 1781 1145 effectum
1792 1110 1837 1145 est

1075 1161 1204 1193 donatio
1213 1158 1330 1193 Christi
1342 1159 1435 1194 nobis
1445 1162 1474 1194 in
1482 1162 1684 1195 mediatorem
1696 1166 1725 1197 &
1734 1172 1836 1208 caput,

1074 1221 1107 1242 ac
1120 1209 1248 1242 donatio
1262 1208 1345 1248 fidei,
1355 1220 1387 1243 ut
1400 1210 1557 1244 credamus
1574 1211 1604 1244 in
1618 1209 1714 1256 ipsum
1729 1222 1762 1245 ut
1776 1223 1836 1244 no-

1074 1258 1170 1291 strum
1188 1257 1364 1292 salvatorem
1380 1273 1389 1299 ;
1413 1272 1480 1305 quae
1493 1259 1568 1293 fides
1581 1259 1625 1294 est
1639 1261 1703 1295 Dei
1718 1261 1835 1294 donum

1075 1307 1181 1341 eleffis
1193 1308 1355 1354 proprium
1364 1332 1373 1347 ,
1386 1308 1524 1343 diffimile
1537 1310 1685 1343 creationi
1699 1333 1707 1347 ‚
1727 1314 1758 1345 &
1773 1310 1838 1343 aliis

1077 1356 1167 1390 donis
1180 1357 1355 1390 communis
1371 1359 1569 1404 providentiae
1579 1383 1588 1396 ,
1607 1372 1674 1405 quae
1685 1360 1776 1392 etiam
1791 1371 1838 1392 re-

1077 1406 1184 1453 probis
1200 1404 1265 1440 sunt
1279 1407 1469 1440 communia.
1493 1407 1637 1440 Articulo
1653 1420 1781 1454 quoque
1798 1420 1837 1442 11.

1077 1454 1328 1501 doce1nur‚quod
1336 1456 1441 1488 omnia
1449 1455 1532 1488 bona
1540 1468 1633 1502 opera
1641 1460 1671 1490 δι
1681 1455 1755 1489 fides
1762 1469 1838 1502 pro-

1077 1506 1199 1539 veniant
1211 1504 1227 1538 a
1241 1503 1342 1550 spiritu
1356 1504 1430 1538 dato
1443 1504 1548 1537 electis
1563 1528 1572 1540 ‚
1609 1507 1640 1539 &
1660 1504 1748 1552 quod
1763 1504 1840 1538 isto-

1077 1554 1282 1588 rumliberum
1290 1553 1449 1587 arbitrium
1457 1566 1521 1587 non
1535 1553 1570 1588 fit
1583 1552 1677 1601 causa.
1697 1554 1764 1589 Nifi
1777 1554 1840 1589 istae

1075 1603 1141 1639 satis
1155 1604 1239 1637 clarae
1253 1602 1311 1637 sint
1330 1603 1551 1638 declarationes
1570 1603 1608 1637 de
1626 1604 1783 1638 eleffione
1802 1604 1841 1639 ad

1077 1654 1199 1688 salutem
1208 1648 1277 1686 hon
1292 1665 1329 1686 ex
1342 1651 1403 1687 fide
1417 1656 1449 1687 &
1464 1653 1613 1699 operibus
1625 1678 1635 1692 ,
1661 1651 1710 1687 sed
1724 1666 1760 1687 ex
1773 1666 1841 1701 gra-

1077 1705 1120 1740 tia
1134 1701 1197 1738 sola
1209 1703 1245 1736 ad
1258 1701 1352 1736 fidem
1368 1706 1399 1737 &
1418 1714 1512 1749 opera
1525 1727 1535 1742 ,
1560 1715 1628 1736 mea
1648 1703 1774 1750 quidem
1795 1702 1840 1737 est

1076 1751 1236 1791 sententia,
1250 1752 1322 1786 licet
1335 1752 1451 1786 articuli
1464 1751 1681 1792 Lambetham',
1701 1763 1752 1787 aut
1767 1753 1840 1786 arti-

1077 1804 1137 1837 culi
1149 1801 1324 1842 szernici,
1338 1802 1384 1837 vel
1399 1804 1514 1835 Knoxii
1524 1800 1621 1836 theses
1634 1802 1672 1836 de
1684 1802 1839 1849 praedesti-

1077 1854 1202 1887 natione
1216 1876 1225 1891 ‚
1252 1852 1299 1887 vel
1318 1852 1410 1886 etiam
1427 1851 1482 1898 ipsi
1495 1864 1629 1886 canones
1642 1851 1840 1885 ‘Dordraceni

1078 1902 1278 1937 statuerentur
1294 1902 1325 1935 in
1339 1902 1490 1936 Concilio
1506 1904 1679 1935 Britannico
1691 1916 1700 1934 :
1721 1901 1839 1935 nihilo-

1079 1954 1179 1986 minus
1191 1951 1375 1985 adversarios
1395 1951 1533 1995 objicere
1552 1949 1669 1997 semper
1683 1951 1758 1985 velle
1777 1950 1839 1984 ob-

1080 2001 1250 2036 scuritatem
1260 2025 1268 2037 ‚
1285 2000 1714 2048 ambiguitatem‚praejudicia
1727 2004 1757 2035 &
1771 2000 1837 2038 alia,

1080 2065 1146 2099 quae
1160 2049 1240 2099 ipsos
1258 2051 1471 2098 permitterent
1484 2049 1537 2083 suo
1553 2048 1611 2085 frui
1630 2047 1712 2083 sensu
1726 2073 1734 2086 ‚
1761 2049 1839 2083 nihil

1080 2100 1274 2135 obstantibus
1299 2101 1459 2135 contrariis
1488 2100 1604 2147 Synodi
1635 2097 1838 2144 cujuscunque

1081 2151 1222 2186 decretis.

1126 2202 1181 2234 Tu
1195 2199 1233 2232 fic
1244 2198 1354 2245 pergis.
1379 2201 1413 2231 In
1427 2197 1490 2230 hoc
1502 2221 1511 2235 ‚
1537 2196 1637 2242 inquis
1650 2221 1659 2235 ,
1685 2207 1718 2229 ut
1730 2196 1760 2228 in
1775 2195 1837 2228 aliis

1080 2249 1310 2293 problematicis
1325 2269 1333 2280 ‚
1353 2246 1466 2278 debere
1479 2243 1536 2278 esse
1551 2255 1688 2278 mutuam
1702 2246 1837 2278 toleran-

1077 2296 1161 2328 tiam.
1193 2295 1267 2327 Hoc
1284 2293 1443 2340 Augustini
1455 2291 1636 2326 desiderium
1650 2291 1723 2332 fuit,
1739 2305 1787 2332 ut,
1804 2293 1836 2326 si-

1078 2343 1145 2388 quis
1157 2354 1220 2374 non
1236 2342 1418 2387 intelligeret
1431 2339 1591 2375 obscuram
1607 2340 1688 2376 suam
1701 2343 1738 2376 de
1749 2341 1837 2377 abso-

1078 2393 1137 2425 luta
1148 2389 1671 2438 praedestinationesententiam,frui
1680 2393 1839 2440 permitte-

1076 2452 1158 2474 retur
1171 2439 1224 2473 suo
1237 2439 1355 2484 judicio
1369 2440 1400 2473 in
1415 2453 1488 2486 pace
1499 2464 1509 2480 ‚
1533 2441 1571 2473 de
1584 2442 1679 2488 gratia
1694 2445 1723 2475 ὅ(
1738 2441 1839 2476 libero

1078 2490 1168 2523 arbit.
1187 2502 1252 2536 cap.
1269 2502 1288 2522 i.
1314 2490 1505 2524 Nunciatum
1524 2489 1568 2523 est
1581 2490 1658 2523 mihi
1671 2491 1708 2525 de
1722 2491 1813 2525 vobis
1827 2515 1837 2530 ‚

1078 2538 1182 2573 fratres
1193 2563 1203 2578 ,
1215 2539 1253 2573 ab
1264 2539 1432 2586 aliquibus,
1447 2540 1499 2586 qui
1513 2540 1543 2573 in
1557 2539 1653 2574 vestra
1666 2552 1837 2588 congrega-

1077 2589 1164 2623 tione
1178 2586 1258 2627 sunt‚
1276 2592 1306 2622 δ(
1315 2589 1350 2621 ad
1363 2601 1420 2622 nos
1434 2589 1504 2622 inde
1516 2600 1677 2625 venerunt,
1691 2602 1744 2636 per
1757 2602 1838 2637 quos

1080 2637 1176 2674 &ista
1189 2638 1368 2677 direximus,
1383 2637 1469 2685 quod
1482 2638 1519 2672 de
1533 2638 1629 2672 haere
1642 2638 1836 2673 dissensiones

1081 2689 1112 2722 in
1125 2687 1215 2722 vobis
1227 2687 1299 2720 sint:
1314 2688 1428 2734 itaque,
1442 2687 1636 2727 dileetiffimi,
1649 2700 1688 2722 ne
1701 2701 1756 2723 vos
1768 2701 1837 2735 per—

1080 2737 1183 2772 turbet
1196 2735 1374 2784 quaestionis
1393 2736 1482 2781 hujus
1501 2735 1667 2771 obscuritas
1679 2763 1688 2777 ,
1717 2750 1835 2772 moneo

1080 2799 1136 2821 vos
1149 2785 1296 2834 primum,
1309 2797 1343 2820 ut
1355 2786 1392 2820 de
1406 2787 1453 2825 iis,
1468 2800 1535 2834 quae
1545 2787 1729 2835 intelligitis,
1741 2789 1833 2833 agatis

1082 2839 1158 2872 Deo
1172 2837 1295 2884 gratias:
1315 2836 1461 2883 quicquid
1475 2835 1519 2870 est
1532 2848 1632 2870 autem
1647 2848 1710 2883 quo
1725 2848 1833 2882 perve-

1079 2887 1144 2920 nire
1157 2898 1220 2919 non
1236 2885 1338 2932 potest
1353 2886 1464 2919 mentis
1482 2885 1583 2920 vestrae
1600 2885 1731 2918 intentio
1743 2909 1752 2923 ‚
1782 2897 1834 2930 pa-

1079 2947 1148 2968 cem
1162 2936 1240 2968 inter
1252 2947 1305 2969 vos
1320 2938 1351 2968 &
1363 2935 1542 2968 charitatem
1555 2932 1717 2976 servanteS,
1730 2934 1745 2968 a
1759 2935 1833 2968 Do-

1081 2984 1178 3022 mino,
1191 2994 1222 3017 ut
1236 2984 1418 3030 intelligatis,
1432 2994 1516 3017 orate
1526 2988 1584 3017 &c.
1598 2986 1694 3023 Cum,
1708 2985 1808 3031 inquis
1821 3009 1829 3020 ‚

1080 3033 1173 3068 debet
1186 3033 1298 3067 turbari
1318 3045 1373 3079 pax
1386 3031 1527 3071 ecclesiae,
1542 3032 1612 3067 cum
1627 3044 1753 3081 utraque
1766 3031 1831 3066 sen-

1078 3083 1172 3117 tentia
1185 3082 1218 3116 sit
1230 3082 1395 3116 tolerabilis
1404 3106 1412 3119 ‚
1427 3086 1457 3116 &
1470 3082 1650 3116 acutissimus
1658 3082 1707 3116 hic
1721 3081 1832 3116 Theo-

1081 3133 1171 3179 logus
1198 3130 1323 3165 fateatur
1341 3131 1516 3166 doctrinam
1540 3130 1619 3165 suam
1640 3132 1677 3166 de
1696 3131 1833 3165 absoluta

1081 3180 1345 3228 praedestinatione
1354 3180 1413 3216 esse
1423 3178 1673 3218 obscurissimam,
1690 3186 1720 3217 &
1734 3181 1834 3215 diver-

1774 3228 1833 3263 sam

1853 418 1994 454 Angli-'cana

1851 457 1884 490 ὠ,
1894 460 2001 485 Scotica-

1849 507 1881 524 na
1901 497 1988 534 confes]

1843 535 1950 572 fionbszn
1958 537 2003 564 hoc
2043 542 2048 546 '

1388 590 1397 602 ,
1423 568 1508 610 cujus
1528 566 1691 612 ob'jeClcum
1711 567 1755 601 est
1773 581 1837 602 non
1849 577 1955 603 aruculo

1849 618 1963 645 claram.

1851 2204 1992 2236 Nunquam

1851 2239 1935 2265 voluit
1945 2243 2003 2265 Alc-

1847 2279 2004 2314 gissinus&-

1850 2320 1995 2355 rriipelagia-

1851 2369 1892 2385 nos
1897 2359 2001 2386 tolerari.
