2048 3343
317 86 339 109 z
645 71 961 107 Opaars

314 158 354 180 ne
376 143 462 192 quafi
476 145 666 179 vacuun‘n&
678 154 782 178 rerum
793 168 802 181 ‚
819 155 889 191 quae
899 143 932 176 in
942 154 975 176 ea
987 153 1063 175 nar-

311 195 370 228 rari
383 192 773 240 poss‘unt,pr0pemodum
786 194 889 239 inops.
910 189 1064 225 Profecto

313 244 432 291 primas
443 242 514 276 istas
527 240 666 277 sedecim
680 266 689 282 ‚
713 246 748 277 &
759 244 851 289 quod
859 242 996 275 excurrit
1007 253 1063 274 an·

314 304 435 326 norum
448 317 457 331 ,
477 293 658 332 centurias,
678 291 743 326 una
763 302 818 326 aut
829 289 929 325 altera
939 286 1065 338 pagella

311 340 522 389 perstringere
532 339 655 375 necesse
666 340 724 378 est.

156 400 268 427 ‚Demon-

153 480 294 517 maeEpocbae
313 489 381 523 scos
400 501 426 534 5·

147 521 292 589 'affixam
311 536 435 572 Sethum
454 552 541 573 anno
557 541 658 573 aetatis
669 540 728 574 iuae
748 538 924 573 centesimo
937 537 1061 572 tricesi—

156 608 240 636 ,056-
311 600 370 621 mo
382 612 391 628 ‚
407 586 510 623 Sethus
522 587 685 637 Enosclmm
697 601 784 623 anno
803 590 903 622 aetatis
913 586 972 620 suae
983 597 1061 621 cen-

310 637 425 672 tefimo
437 640 554 686 quinto
566 664 576 679 ‚
591 636 704 688 Enosch
714 639 872 672 Kainanem
885 648 973 669 anno
986 647 1058 672 aeta-

306 688 346 722 tis
360 686 420 721 sua:
431 687 662 737 nonagesimo,
688 688 804 722 Kainan
824 681 1057 721 Mahalaleelem

306 749 393 771 anno
418 735 652 785 septuagesimo
669 763 679 777 ,
706 732 895 770 Mahalaleel
923 735 1056 770 Iaredum

304 783 751 834 sexagefimoquinto‚1aredus
760 781 912 818 Enochum
921 783 1056 818 centesi-

303 847 362 869 mo
372 836 568 883 lexagesimo
580 833 731 869 secundo,
742 831 881 866 Enochus
891 830 1055 879 Methusa-

301 882 408 917 lemum
424 883 621 931 sexagesimo
639 885 759 932 quinto
776 908 785 921 ‚
817 879 1053 928 Methufhlemus

299 929 482 966 Lameclmm
493 933 673 967 centefimo
688 930 892 977 octogesimo
903 930 1051 977 septimo,

298 977 464 1015 Lamechus
474 979 633 1016 Noachum
653 980 832 1015 centesimo
844 980 1050 1028 octogesimo

298 1027 444 1065 secundo
459 1053 468 1067 ‚
483 1028 606 1064 Noachi
626 1040 736 1065 autem
755 1028 985 1064 sexcentesimo
1004 1028 1050 1064 fa-

297 1079 388 1114 &um
398 1079 443 1114 est
454 1079 699 1127 diluvium.Jam
710 1089 817 1113 autem
827 1077 970 1113 summas
981 1079 1051 1113 istas

296 1130 509 1175 particulares
520 1133 687 1178 conjunge
697 1153 707 1169 ,
723 1131 754 1163 &
768 1129 881 1162 totalis
891 1128 1005 1163 evadet
1014 1130 1048 1163 in

294 1189 401 1212 annos
413 1179 501 1213 mille
520 1179 688 1214 sexcentos
707 1179 946 1226 quinquaginta
958 1176 1021 1213 sex.

342 1229 379 1262 ln
399 1227 457 1263 hac
477 1228 608 1276 Epochfi
629 1239 756 1262 tantum
775 1227 814 1261 de
834 1227 937 1262 tribus
948 1240 1048 1275 pauca

291 1278 562 1312 memorabimus.
596 1279 648 1312 De
660 1290 766 1312 rerum
780 1279 963 1312 creatione.
994 1279 1046 1311 De

290 1327 364 1360 vitis
379 1327 644 1363 Patriarcharum.
667 1329 719 1362 De
730 1326 910 1374 insignibus
919 1328 1046 1376 aliquot

293 1372 311 1409 ὲ
322 1375 438 1424 Moyse
451 1378 572 1411 notatis
583 1377 679 1411 rebus
692 1376 787 1424 gestis
798 1378 836 1411 iis
847 1377 971 1411 seculis.
993 1378 1046 1411 De

290 1426 403 1472 primo
414 1428 519 1473 capite
529 1426 568 1461 sic
580 1424 749 1461 habetote.

129 1478 273 1515 Creatioftx

124 1563 217 1597 filma.

282 1723 462 1769 omnesque
475 1722 586 1756 mundi
598 1733 714 1769 partes,
725 1722 826 1769 spatio
838 1720 890 1757 sex
900 1722 1038 1764 dicrum,

276 1781 316 1803 ex
341 1771 447 1805 nihilo
468 1784 587 1805 creare.
624 1773 689 1805 Die
709 1773 817 1818 primo
839 1783 943 1807 creata
963 1775 1037 1809 sunt

275 1817 376 1853 Chaos
385 1844 394 1860 ‚
416 1817 555 1865 Abyss‘us
568 1822 622 1854 illa
633 1832 753 1869 magna
764 1845 774 1861 ‚
797 1833 1034 1867 corporeorum

273 1882 346 1916 quae
369 1869 522 1916 deinceps
541 1868 629 1904 faeta
646 1868 720 1904 sunt
740 1872 877 1904 materia
903 1873 1006 1917 prima
1024 1888 1031 1907 :

274 1920 355 1953 item
368 1920 424 1953 lux
440 1944 449 1960 ‚
466 1922 558 1963 cujus
582 1918 812 1968 qualiscunque
825 1919 959 1955 occasus
970 1922 1033 1957 diei

273 1969 383 2015 primo
394 1967 495 2003 finem
508 1968 673 2015 imposuit.
703 1969 894 2003 Secundum
908 1973 1034 2007 multos

274 2028 389 2064 praeter
408 2018 521 2051 Chaos
533 2022 564 2052 &
575 2021 699 2052 Lucem
712 2042 723 2059 ,
739 2022 872 2052 tertium
884 2022 1033 2058 coelum,

275 2067 448 2101 beatorum
466 2064 565 2104 sedes,
576 2066 710 2115 ejusque
722 2070 818 2114 primi
833 2070 951 2105 incolae
962 2074 1032 2106 An—

276 2117 352 2163 geli‚
362 2128 480 2150 omnes
490 2127 567 2150 tunc
577 2116 666 2155 boni,
680 2128 785 2150 creata
796 2116 880 2153 sunt.

329 2165 468 2199 Secundi
480 2165 542 2199 diei
553 2178 636 2210 opus
647 2164 707 2199 fuit
719 2167 866 2204 Cot-lum,
882 2180 950 2202 non
965 2171 1033 2215 pri—

277 2224 371 2248 mum
384 2213 511 2248 tantum
522 2238 531 2254 ‚
543 2215 718 2261 expansum
734 2215 814 2248 illud
826 2218 910 2249 ae'ris
921 2217 1032 2253 distin-

275 2275 381 2311 guens
393 2276 490 2311 aquas
502 2263 639 2297 nubium
652 2263 829 2309 superiores
840 2265 881 2298 ab
893 2265 1030 2301 inferio-

273 2311 364 2348 ribus
376 2315 465 2360 aquis
478 2313 586 2347 Terrae
599 2317 630 2347 &
644 2313 743 2347 Maris
755 2337 764 2349 ‚
781 2311 835 2347 sed
846 2314 1028 2350 secundum

273 2374 425 2410 quoque3
438 2364 588 2410 regiones
598 2363 811 2397 elementares
823 2362 912 2411 supra
925 2365 1029 2400 nubes

272 2415 307 2445 ἃ
319 2423 419 2457 aquas
428 2411 591 2460 supremas
604 2408 824 2458 comp'lcftens
833 2439 842 2452 ‚
852 2412 1026 2463 tonimque

274 2473 470 2508 compagem
482 2461 615 2495 orbium
628 2486 636 2498 ‚
657 2463 691 2495 in
702 2461 819 2507 quibus
832 2466 866 2496 δε
878 2476 932 2510 per
944 2478 1027 2512 quos

273 2509 369 2544 stellae
385 2511 438 2543 seu
452 2508 586 2556 planetae
601 2509 651 2544 seu
663 2509 734 2544 fixae
748 2509 821 2545 suos
834 2524 945 2547 motus
955 2527 1026 2560 per-

273 2570 376 2606 agunt
386 2583 394 2591 .
434 2559 538 2603 Quod
558 2559 596 2593 ad
616 2561 750 2594 tertium
770 2561 907 2595 Coelum
928 2565 1025 2610 primi

272 2609 333 2644 diei
346 2620 431 2656 opus
443 2607 548 2656 vulgo
558 2608 747 2645 habetur‚ut
758 2608 895 2644 diistum.

323 2659 457 2692 Tertius
467 2657 534 2691 dies
545 2657 632 2691 dedit
643 2659 779 2691 Terram
790 2661 824 2691 &
841 2659 952 2699 Mare;
971 2660 1024 2694 scd

273 2706 370 2740 Mare
382 2719 520 2742 vacuum
535 2705 638 2740 adhuc
651 2705 881 2753 posterioribus
894 2708 955 2742 suis
967 2722 1022 2743 co-

273 2756 360 2790 lonis
380 2780 391 2795 ‚
417 2754 661 2790 foecundiffimis
682 2754 815 2802 piscium
837 2757 992 2805 gregibus
1012 2775 1020 2800 3

272 2805 410 2839 Terram
423 2804 500 2840 vero
515 2804 582 2839 dies
593 2805 649 2839 ille
661 2804 741 2839 vidit
750 2805 900 2841 onustam
912 2811 1022 2844 omnis

272 2856 398 2901 generis
410 2853 585 2889 herbarum
596 2879 607 2895 ,
620 2853 770 2901 frugum,
781 2851 936 2891 fruticum
949 2885 957 2898 ‚
968 2871 1021 2893 ar-

273 2904 395 2938 borum
409 2906 442 2937 &
455 2902 617 2939 frutffOEuum
636 2906 905 2940 maturi-imorum
923 2907 1020 2943 uber-

272 2954 356 2987 rimo
380 2964 568 3000 proventu,
587 2951 706 2998 absque
724 2964 834 2989 tamen
853 2957 948 2992 ullius
969 2959 1019 2994 vel

270 3004 353 3035 veris
365 3004 415 3036 vel
426 3001 540 3037 aestatis
550 3002 601 3039 vel
615 3005 762 3037 autumni
775 3004 871 3051 operfi
881 3031 891 3047 ‚
911 3009 959 3042 vel
970 3007 1018 3043 so-

269 3050 310 3083 lis
326 3049 528 3095 syderumve,
540 3052 745 3100 tempcstates
755 3053 828 3088 istas
846 3059 921 3091 anni
932 3070 1017 3093 nunc

272 3099 484 3140 causantium,
496 3101 667 3137 concursu.

315 3147 394 3181 Dies
404 3160 533 3193 quartus
544 3153 652 3188 lucem
666 3153 698 3188 in
709 3154 808 3196 Solis,
819 3156 916 3191 Lunae
925 3180 936 3198 ‚
956 3170 1016 3194 cae—

358 390 499 437 Epochae
516 389 611 436 hujus
630 389 757 424 summa
777 413 788 430 ‚
814 389 890 424 anni
907 388 1062 424 nimirum

147 439 294 477 straturpri-
314 437 403 474 mille
419 438 554 475 sexcenti
573 441 810 488 quinquaginta
830 437 883 474 sex
897 452 936 474 ex
948 439 1061 473 Gene.

447 494 479 525 &
499 503 533 536 7.
552 487 594 524 fic
606 490 790 538 colligitur:
803 488 938 523 Adamas
947 489 1062 536 genuit

341 1477 588 1523 Omnipotente
605 1477 682 1510 Deo
700 1476 798 1510 triuni
818 1474 928 1510 Patri,
948 1474 1045 1510 Filio,

132 1520 215 1549 diebus
227 1521 271 1549 ab·
291 1527 323 1557 &
338 1526 474 1572 Spiritui
486 1526 605 1560 Sanfi’o
616 1551 626 1567 ,
644 1525 721 1560 cum
740 1525 779 1559 ab
791 1534 911 1559 aeterno
929 1521 1046 1571 absque

290 1572 387 1609 ullius
399 1574 605 1610 coexistentia
618 1585 768 1609 creaturae
783 1599 792 1612 ‚
806 1575 839 1607 in
852 1571 1043 1621 perfefflffi-

288 1624 344 1657 ma
352 1623 566 1660 beatitudine,
576 1623 735 1658 fruitione
747 1622 869 1658 scilicet
878 1619 923 1656 sui
934 1622 1044 1670 ipsius,

285 1671 412 1707 vixisset
446 1687 455 1713 ς
492 1671 599 1707 visum
636 1674 670 1707 in
704 1684 852 1719 tempore
880 1673 1040 1708 mundum

1023 65 1503 108 HISTORICI

1112 153 1320 190 terarumque
1340 143 1500 181 stellarum
1518 145 1659 183 lucernis
1675 173 1685 190 ,
1701 149 1861 185 coelorum

1112 190 1233 227 fornici
1246 191 1359 230 affixis,
1373 195 1562 229 collocavit.

1159 244 1309 288 Qintus
1330 255 1417 278 mare
1432 243 1570 293 piscibus
1589 248 1622 281 δε
1641 249 1744 282 a'e'rem
1768 246 1864 284 volu-

1112 291 1220 325 cribus
1231 294 1317 339 reple
1324 294 1379 327 vit.

1161 342 1313 388 Denique
1333 342 1436 376 sextus
1453 342 1541 378 dedit
1566 353 1655 379 terrae
1680 346 1865 392 quadrupe-

1111 388 1188 423 dum
1209 389 1443 440 reptiliumque
1460 395 1564 427 varias
1576 391 1696 440 species
1710 419 1721 432 ,
1741 397 1772 427 &
1788 395 1863 441 'post

1110 441 1221 474 omnia
1233 451 1423 476 caeterorum
1437 441 1614 477 dominum
1625 442 1807 483 hominem,
1822 445 1861 479 ad

1110 489 1177 522 Dei
1198 490 1378 538 imaginem
1407 493 1587 526 conditum
1607 493 1787 530 Adamana,
1808 495 1860 528 cui

1109 548 1183 572 ante
1195 537 1258 573 diei
1276 539 1365 575 istius
1377 539 1475 577 finem
1486 541 1593 576 addita
1604 541 1693 577 estin
1704 543 1857 578 auxilium

1108 591 1230 633 conjux
1243 592 1329 627 Eva.

1153 639 1220 671 Die
1239 636 1375 686 septimo
1397 637 1438 672 ab
1458 638 1612 675 ulteriore
1625 641 1789 677 creatione
1801 655 1858 677 re-

1104 687 1227 733 quievit
1237 688 1506 737 Deus,istumque
1515 688 1576 724 suae
1588 692 1708 736 quietis
1717 693 1803 725 diem
1818 692 1858 727 ad

1101 735 1242 771 sanctam
1261 739 1295 772 in
1315 737 1481 786 posterum
1494 737 1689 774 hominibus
1707 742 1854 788 quietem

1100 786 1296 831 applicatum
1310 814 1319 827 ‚
1336 791 1371 822 &
1390 787 1407 821 ὲ
1432 789 1554 823 caeteris
1573 789 1726 824 omnibus
1739 790 1855 824 diebus

1100 833 1286 871 distinctum
1304 849 1338 871 ac
1355 836 1555 883 separatum,
1577 837 1634 874 suo
1654 840 1758 874 cultui
1770 852 1853 874 con-

1099 878 1247 917 sectavit.

1147 930 1253 970 Quod
1271 930 1310 964 ad
1327 943 1422 977 caput
1434 932 1610 970 secundum
1623 959 1632 975 ‚
1648 935 1848 971 Patriarcha-

1098 991 1172 1012 rum
1194 981 1276 1013 vitas
1293 993 1303 1020 ;
1331 993 1441 1014 earum
1465 986 1627 1018 terminos
1644 999 1680 1020 ex
1694 986 1847 1031 Genes.5.

1097 1026 1250 1063 discimus
1261 1052 1269 1060 .
1308 1029 1564 1065 Patriarcharum
1588 1032 1678 1067 series
1695 1046 1769 1069 ante
1785 1034 1848 1069 flu-

1095 1078 1185 1111 vium
1197 1078 1348 1112 undecim
1361 1078 1489 1113 constat
1507 1079 1650 1126 personis
1662 1083 1696 1116 in
1708 1084 1795 1118 reita
1804 1086 1848 1118 li-

1094 1139 1166 1163 nea,
1180 1127 1358 1174 posteriore
1367 1128 1492 1176 semper
1501 1127 1518 1163 ὲ
1528 1131 1633 1177 priore
1644 1131 1812 1180 prognatfi.

1143 1178 1271 1212 Primus
1283 1177 1388 1211 Adam
1400 1180 1480 1213 vixit
1500 1181 1591 1214 annis
1603 1184 1777 1229 nongentis
1790 1182 1846 1216 tri-
1864 1185 1999 1215 Primorum

1092 1225 1194 1271 ginta.
1209 1227 1377 1261 Secundus
1386 1225 1458 1263 Seth
1467 1231 1645 1276 nongentis
1657 1231 1846 1266 duodecim.
1864 1226 1975 1276 undefim

1094 1276 1226 1310 Tertius
1237 1280 1316 1311 Enos
1334 1279 1516 1326 nongentis
1534 1280 1692 1327 quinque.
1729 1282 1844 1328 Qar-
1862 1270 1980 1335 ²}“mff'

1090 1334 1143 1357 tus
1156 1325 1271 1360 cainan
1282 1329 1460 1375 nongentis
1471 1327 1659 1363 duodecim.
1697 1330 1845 1372 Quintus
1862 1319 1962 1378 2227:

1092 1371 1280 1409 Mahalaleel
1289 1377 1487 1425 offingentis
1496 1380 1676 1425 nonaginta
1687 1381 1846 1426 quinque.
1964 1371 1972 1379 ⁸

1091 1425 1201 1459 Sextus
1221 1427 1307 1460 lared
1324 1429 1499 1474 nongentis
1519 1426 1683 1475 sexaginta
1701 1428 1842 1462 duobus.

1091 1474 1256 1520 Septimus
1273 1472 1375 1510 Enoch
1395 1476 1466 1523 post
1486 1486 1652 1512 trecentos
1673 1474 1842 1525 sexaginta

1090 1525 1236 1571 quinque
1246 1537 1354 1560 annos
1365 1526 1530 1561 transsatus
1541 1526 1586 1561 est
1595 1528 1687 1562 vivus
1697 1539 1764 1560 non
1774 1526 1842 1562 visa

1090 1583 1197 1607 morte
1211 1575 1417 1619 ingcoelestem
1431 1575 1680 1611 beatitudinem.
1691 1577 1840 1612 oet-avus

1087 1620 1282 1670 Methuselah
1292 1638 1393 1659 annos
1405 1636 1594 1673 nongentos
1605 1624 1768 1674 sexaginta
1776 1637 1841 1660 no·-

1086 1685 1160 1708 vem
1174 1675 1465 1722 transegit.Nonus
1476 1672 1605 1709 Lamech
1615 1677 1700 1710 ultra
1712 1674 1839 1722 septin-

1083 1721 1303 1770 gentefimum
1313 1722 1581 1771 septuagesimum
1591 1724 1840 1771 septimumnon

1084 1774 1270 1819 pervenit.A
1278 1785 1290 1807 t
1299 1774 1443 1808 decimus
1455 1771 1548 1807 Noah
1557 1775 1638 1809 vidit
1649 1785 1840 1821 nongentos

1082 1823 1335 1871 quinquaginta,
1346 1822 1512 1858 sexcentos
1522 1835 1597 1858 ante
1608 1824 1770 1859 diluvium
1784 1849 1793 1863 ‚
1806 1827 1840 1858 &

1081 1884 1246 1908 trecentos
1256 1874 1498 1921 quinquaginta
1510 1872 1594 1918 post.
1623 1872 1839 1908 Undecimus

1079 1920 1168 1956 §hem
1180 1920 1308 1956 tantum
1329 1921 1479 1956 sexentos
1491 1923 1600 1969 attigit
1620 1946 1630 1962 ,
1650 1922 1835 1968 nonaginta

1079 1974 1159 2006 osto
1173 1983 1247 2006 ante
1267 1996 1276 2008 ‚
1301 1974 1332 2005 δι
1353 1972 1438 2005 duos
1450 1970 1539 2018 supra
1551 1973 1748 2018 quingentos
1761 1969 1836 2016 post

1080 2021 1296 2060 diluvium‚ut
1308 2034 1344 2055 ex
1357 2022 1464 2054 Gen.1
1477 2032 1505 2053 t.
1517 2034 1548 2055 ν.
1559 2032 1610 2054 ιο.
1622 2023 1654 2054 &
1668 2032 1680 2053 1
1694 2031 1719 2056 1.
1733 2031 1832 2066 patet.

1128 2070 1316 2106 Patriarcbae
1328 2069 1375 2104 isti
1387 2081 1504 2104 omnes
1517 2081 1667 2116 quatuor,
1683 2081 1829 2114 nongen-
1851 2067 1950 2114 Mutua

1080 2131 1131 2155 tos
1145 2133 1249 2155 annos
1261 2119 1452 2165 superarunt
1463 2143 1470 2155 ‚
1482 2122 1512 2152 &
1526 2132 1564 2152 ex
1576 2128 1716 2165 quatuor
1729 2116 1831 2151 Enoch
1850 2110 1966 2173 Il'amar-

1080 2181 1153 2203 ante
1173 2179 1313 2203 mortem
1334 2169 1368 2202 in
1391 2169 1514 2202 coelum
1527 2165 1741 2213 susceptusest
1762 2189 1772 2203 ‚
1796 2170 1828 2201 &
1847 2158 1948 2216 {ZZZ

1080 2216 1292 2256 Mahalaleeh',
1303 2217 1341 2251 de
1351 2217 1527 2263 nongentis
1539 2217 1685 2264 quinque
1698 2213 1826 2250 tantum
1841 2230 1917 2265 fimo,

1077 2266 1219 2301 defuere.
1244 2263 1444 2312 Methnsalem
1464 2265 1670 2313 transgressus
1686 2264 1729 2298 est
1741 2264 1832 2300 Ada-

1076 2329 1153 2349 mum
1163 2315 1385 2361 undetriginta
1396 2339 1406 2354 ‚
1420 2311 1574 2350 Noachum
1586 2313 1814 2349 novemdecim
1824 2338 1835 2353 ‚

1076 2364 1208 2399 laredum
1228 2364 1355 2399 tantum
1377 2366 1526 2411 quinque
1548 2365 1658 2400 annis.
1697 2365 1831 2398 Novem

1075 2413 1259 2449 Patriarchae
1278 2416 1401 2461 priores
1417 2425 1532 2449 omnes
1550 2413 1608 2448 fibi
1624 2414 1765 2447 invicem
1780 2411 1831 2447 fa-

1074 2465 1245 2498 miliariter
1255 2461 1345 2497 fuere
1357 2465 1427 2498 noti
1447 2478 1456 2497 :
1478 2475 1556 2498 nam
1568 2474 1682 2497 eorum
1694 2463 1828 2496 ultimus

1074 2509 1203 2547 Lamech
1236 2509 1355 2547 Noacln'
1384 2523 1472 2559 pater
1497 2525 1572 2547 cum
1599 2507 1720 2544 Enocho
1749 2522 1826 2545 ante

1072 2562 1315 2597 transsationem
1336 2563 1416 2595 vixit
1430 2572 1536 2594 annos
1555 2569 1685 2594 centum
1705 2562 1737 2593 &
1760 2570 1825 2594 tre-

1072 2613 1175 2647 decim
1194 2635 1204 2647 ,
1231 2615 1265 2645 &
1281 2623 1355 2644 cum
1366 2609 1483 2642 Adamo
1497 2620 1569 2643 ante
1578 2620 1724 2643 mortem
1737 2608 1825 2643 sexa-

1071 2663 1162 2708 ginta
1181 2659 1230 2693 sex
1260 2672 1267 2692 :
1291 2655 1489 2706 Methufizlem
1508 2657 1584 2693 vero
1598 2660 1654 2706 qui
1665 2656 1822 2705 adipsum

1071 2709 1185 2743 diluvii
1198 2721 1318 2742 annum
1332 2710 1499 2755 pervenit,
1512 2710 1667 2752 quintum
1682 2707 1752 2754 post
1762 2706 1821 2741 filii

1070 2756 1210 2793 Lamechi
1220 2768 1372 2794 mortem,
1383 2770 1456 2792 cum
1471 2770 1592 2805 nepote
1604 2754 1725 2791 Noaclw
1737 2758 1818 2790 vixit

1068 2822 1170 2844 annos
1187 2806 1355 2842 sexcentos
1373 2834 1382 2847 ,
1414 2819 1490 2841 cum
1512 2816 1692 2855 pronepote
1711 2802 1817 2839 Shemo

1067 2859 1249 2905 nonaginta
1269 2859 1347 2892 octo
1375 2870 1384 2891 t
1413 2870 1487 2892 cum
1510 2855 1682 2902 patrevero
1694 2852 1814 2888 Enoclm

1066 2920 1228 2945 trecentos
1240 2935 1247 2947 ‚
1265 2920 1337 2942 curn
1349 2918 1410 2941 avo
1417 2907 1517 2940 Iaredo
1527 2905 1746 2952 septingentos
1755 2906 1816 2938 tri-

1064 2962 1153 3007 ginta
1167 2956 1331 3005 quinque,
1344 2969 1419 2990 cum
1431 2956 1551 2990 Adamo
1561 2955 1722 2988 ducentos
1737 2967 1814 2997 qua-

1065 3008 1207 3055 draginta
1219 3017 1292 3040 tres.
1323 3003 1456 3039 Enoshus
1481 3017 1554 3038 cum
1574 3003 1692 3038 Adamo
1708 3014 1813 3036 trans-

1064 3060 1142 3094 affis
1152 3056 1240 3090 annis
1252 3057 1405 3090 trecentis
1417 3058 1451 3088 &
1462 3055 1551 3088 octo,
1561 3054 1631 3100 post
1642 3066 1710 3098 cius
1722 3065 1812 3086 mor-

1065 3120 1130 3143 tem
1143 3107 1235 3141 annis
1250 3105 1491 3151 quinquaginta
1508 3102 1626 3149 septem
1640 3101 1809 3136 transsatus

1063 3157 1125 3194 est.
1161 3152 1301 3191 Noachns
1329 3165 1391 3188 tres
1419 3152 1617 3187 Patriarchas
1636 3165 1705 3186 non
1726 3151 1808 3184 vidit

1644 3200 1807 3235 Adamana,
