2048 3343
62 2866 156 2890 Contra

65 2906 154 2928 Grecos

64 2951 114 2977 arg.
124 2951 143 2969 1-

476 153 553 179 ET

214 224 272 246 nos
284 222 430 259 negamus
442 235 452 250 ‚
479 209 584 244 Graeci
596 218 697 243 autem
715 206 847 254 probare
860 217 975 239 conan-

214 272 263 295 tur
276 274 284 301 ;
311 259 417 294 Primo
433 272 469 293 ex
477 260 570 306 Joan.
583 271 622 304 ¹3·
636 270 657 291 1.
683 256 736 290 ubi
750 253 890 289 Christus
904 254 973 287 ulti-

213 322 299 344 mum
317 309 400 343 suum
416 306 526 343 Pascha
539 331 549 345 ‚
575 308 715 352 adeoque
729 302 838 336 sacram
852 313 973 335 coenam

215 357 375 393 celebrasse
399 363 469 390 ante
494 354 605 389 festum
632 351 780 387 Paschatis
798 348 972 383 affirmatur.

215 406 308 454 Resp.
331 406 486 452 Loquitur
499 403 542 437 ibi
555 400 677 450 Joannes
697 400 734 434 de
753 397 832 433 festo
845 397 972 433 Pascha-

214 458 253 491 tis
266 455 367 502 prouti
387 454 402 487 a
417 452 530 500 Judaeis
547 463 587 485 eo
605 463 687 484 anno
706 448 891 483 celebratum
906 446 950 481 est
963 471 973 486 ‚

216 507 266 539 die
284 516 348 538 non
369 503 454 550 legali
474 501 710 547 decimoquarto
726 521 736 537 ,
768 495 817 531 sed
835 497 972 531 decimo-

216 555 329 602 quinto
353 564 386 586 ut
412 550 518 598 postea
538 549 703 596 apparebit.
750 546 850 596 Qod
870 557 973 580 autem

216 601 359 638 Christus
374 600 457 634 suum
467 598 574 634 Pascha
587 598 635 632 die
648 597 883 643 decimoquarto
897 595 973 642 legi-

217 653 296 686 timo
309 651 482 688 celebrarit,
490 649 631 695 negleGHi
641 647 820 694 Judaeorum
834 644 973 678 traditio-

218 709 256 736 n‘e
276 701 313 735 de
331 700 475 734 dilatione
492 696 640 733 Paschatis
659 697 690 729 in
709 694 790 728 diem
805 694 972 727 decimum-

215 751 360 798 'quintum
379 758 460 795 patet
473 760 507 781 ex
521 747 618 779 tribus
633 745 756 790 reliquis
777 741 974 789 Evangelistis

218 798 333 835 Matth.
346 804 393 831 26.
409 810 453 840 ¹7·
483 799 582 831 Marc.
597 807 644 840 14.
658 806 696 827 12.
722 795 796 826 Luc.
806 804 857 838 24.
870 804 900 837 7.
922 791 974 824 ubi

219 848 348 882 habetur
361 844 496 893 expresse
514 844 675 878 Christum
691 840 798 876 Pascha
812 840 895 874 suum
908 841 975 874 ulti—

219 910 305 932 mum
319 893 479 930 celebrfisse
494 894 595 938 primo
604 893 651 926 die
660 895 849 937 Azymorum
862 890 916 937 qui
928 890 972 923 di-

219 945 307 982 verso
326 943 462 992 respectu
482 940 539 976 fuit
559 942 819 987 decimusquartus
842 943 873 973 δι
890 939 972 973 deci—

220 996 430 1042 musquintus,
451 991 499 1026 sed
513 992 597 1025 nullo
611 991 709 1024 modo
722 988 974 1023 decimustertius.

220 1043 315 1091 Resp.
337 1043 441 1077 Gracci
455 1042 572 1088 priores
585 1051 645 1074 tres
657 1037 860 1086 Evangelistas
872 1049 972 1070 erran-

221 1105 267 1129 tes
286 1095 316 1127 in
335 1091 560 1127 circumstantia
577 1088 725 1135 temporis
739 1089 871 1121 &Ioanne
889 1084 972 1119 fuisse

221 1144 391 1178 correctos.
426 1140 564 1186 Replica.
589 1135 752 1171 Manifesta
764 1135 828 1169 haec
839 1134 883 1168 est
895 1147 971 1168 con-

219 1204 264 1227 tra
279 1191 370 1226 sacras
383 1190 548 1235 Scripturas
561 1185 753 1232 blasphemia.
797 1182 892 1218 Certe
904 1195 970 1217 eam

218 1242 306 1281 multi
314 1254 348 1275 ex
356 1239 471 1274 Latinis
479 1238 535 1271 viri
544 1233 971 1280 dodtisiimi&ingenuiGrae-

217 1292 260 1325 cis
274 1291 424 1337 imputant
436 1291 466 1321 &
481 1288 560 1320 inter
570 1286 646 1319 alios
660 1283 792 1317 Thomas
801 1284 966 1329 eAquinas‚

216 1339 266 1374 sed
284 1339 354 1373 cum
373 1337 489 1371 nullum
509 1348 545 1369 ex
564 1334 683 1368 Graecis
705 1333 864 1366 auctorem
881 1331 970 1376 hujus

216 1387 407 1435 blasphemiae
421 1386 514 1419 citent
528 1407 537 1422 ‚
562 1387 593 1418 δι
613 1383 812 1415 ‘Bellarmmus
826 1394 859 1415 ac
872 1380 970 1415 caeteri

217 1439 403 1472 Graecorum
420 1431 576 1468 adversarii
588 1430 766 1466 acerbissimi
780 1428 927 1464 fateantur
940 1442 969 1463 a-

215 1487 278 1535 pud
293 1485 480 1523 &thymium
492 1483 629 1528 aliosque
641 1481 783 1518 Graecos,
793 1480 882 1524 hujus
894 1491 971 1513 con—

216 1524 370 1571 troverfiae‘
380 1533 549 1580 praecipuos
563 1541 709 1577 patronos
723 1528 798 1562 nihil
812 1529 917 1562 haberi
929 1539 971 1562 ta-

217 1586 261 1621 le,
281 1584 385 1618 omitti
405 1580 506 1629 potest
525 1580 587 1614 haec
604 1578 767 1612 latinorum
783 1578 934 1612 immerita
951 1576 971 1611 fi

217 1646 282 1670 non
295 1632 461 1669 calumnia,
480 1629 562 1664 certe
576 1628 733 1663 temeraria
745 1627 836 1662 nimis
849 1630 879 1662 &
892 1628 970 1673 inju-

219 1680 297 1718 riosa
310 1681 536 1715 inadvertentia.
548 1694 551 1697 *
940 1688 944 1693 ·

269 1730 413 1766 Secundo
427 1737 674 1777 argumentantur
692 1726 797 1761 Graeci
813 1739 848 1761 ex
858 1728 972 1774 Joann.

223 1783 268 1816 18.
285 1783 333 1816 28.
359 1779 443 1814 Ciun
459 1776 602 1812 Christus
617 1787 679 1810 erat
692 1777 708 1810 a
721 1778 814 1810 Pilato
827 1776 972 1820 judicatus

224 1831 364 1864 nondum
373 1829 456 1861 ludaei
464 1826 547 1861 suum
558 1824 666 1860 Pascha
675 1826 973 1874 comederant‚quod

224 1878 388 1914 secundum
407 1878 507 1925 legem
522 1876 756 1923 decimoquarto
773 1872 866 1910 Nisan
885 1888 973 1909 com-

224 1929 376 1962 edendum
396 1939 474 1966 erat,
506 1924 648 1960 Christus
668 1936 769 1959 autem
792 1923 875 1958 suum
894 1926 972 1958 cele-

223 1973 323 2011 brarat
341 1977 392 2011 die
411 1974 608 2010 antecedente
618 1998 627 2014 ,
646 1987 738 2020 quem
751 1975 890 2021 oportuit
902 1972 973 2008 fuis-

222 2025 251 2061 se
263 2026 553 2061 decimumtertium.
577 2022 670 2069 Resp.
691 2025 720 2057 Si
731 2024 828 2071 Judaei
842 2036 882 2058 eo
892 2036 972 2058 anno

222 2076 304 2110 diem
317 2076 445 2123 legalem
460 2071 663 2108 observassent
681 2077 712 2107 &
731 2085 795 2107 non
808 2071 973 2107 secundum

222 2123 285 2159 suas
300 2125 478 2159 traditiones
493 2134 599 2157 contra
617 2123 716 2169 legem
733 2121 878 2157 Paschatis
892 2123 972 2157 cele-

221 2174 395 2208 brationem
405 2173 419 2206 a
429 2173 663 2219 decimoquarto
676 2171 712 2204 ad
726 2172 974 2219 decimumquin-

221 2233 288 2258 tum
301 2221 520 2258 transtuliffent,
530 2231 744 2267 argumentum
752 2219 852 2254 fuisset
860 2220 971 2255 insolu-

221 2271 302 2313 bile;
319 2284 422 2307 verum
444 2269 637 2317 quodJudaei
652 2281 692 2302 eo
706 2281 787 2302 anno
800 2280 864 2301 non
877 2269 973 2315 legiti-

222 2333 278 2354 mo
303 2321 538 2365 decimoquarto
562 2317 611 2350 sed
635 2318 871 2363 decimoquinto
894 2318 974 2351 cele-

223 2369 342 2404 brarint
355 2393 364 2407 ‚
391 2380 464 2401 mox
484 2365 664 2400 videbimus.

270 2415 385 2451 Tertio
399 2424 644 2463 argumentantur
656 2412 761 2446 Graeci
775 2424 810 2446 ex
820 2414 913 2460 Joan.
929 2425 974 2456 19.

224 2480 261 2514 31.
282 2467 362 2500 Dies
379 2465 410 2498 in
434 2476 498 2512 quo
512 2461 652 2497 Christus
665 2472 728 2496 erat
742 2461 901 2496 crucifixus
916 2460 975 2496 fuit

223 2514 374 2553 mqyemssn*
393 2518 423 2549 ὃς
436 2512 616 2561 praeparatio
630 2511 666 2544 ad
679 2509 802 2550 Pascha,
828 2511 913 2557 quod
927 2511 975 2545 die

222 2563 346 2596 decimo
359 2575 467 2610 quarto
475 2561 692 2596 celebrabatur.
700 2560 787 2606 Ergo
796 2559 911 2594 Christi
920 2563 974 2594 Pa-

222 2610 290 2645 scha
297 2615 329 2645 &
338 2624 427 2646 coena
435 2625 501 2659 quae
509 2613 557 2646 die
566 2611 667 2657 priore
674 2609 974 2648 celebrabantur‚ne-

223 2659 347 2695 cessarie>
361 2660 570 2696 incidebantin
577 2659 867 2693 decimumtertium.
880 2656 973 2705 Resp.

223 2721 256 2744 ut
272 2708 354 2756 supra
367 2709 533 2748 meacula-51)
552 2708 630 2742 hanc
642 2706 726 2742 fuisse
739 2720 802 2742 non
817 2709 855 2741 ad
866 2720 972 2741 verum

221 2757 332 2794 Pascha
345 2759 456 2806 legale,
476 2756 524 2791 sed
536 2758 572 2792 ad
583 2757 774 2791 traditionale
782 2756 973 2803 Judaeorum,

224 2809 310 2856 quod
327 2807 386 2842 isto
399 2820 480 2841 anno
494 2819 557 2840 uno
570 2806 618 2839 die
632 2804 721 2840 serius
730 2803 787 2839 fuit
795 2806 944 2851 legitimo.

272 2859 343 2891 Nos
356 2868 455 2890 autem
468 2867 574 2890 contra
587 2855 718 2889 Graecos
731 2853 770 2887 sic
783 2865 973 2900 argumenta-

226 2919 305 2940 mur.
325 2905 483 2944 Christus,
500 2905 630 2939 uthabet
644 2903 888 2951 Chrysostomusin
896 2905 973 2937 Mat.

228 2961 277 2989 26.
294 2968 319 2988 2.
334 2956 438 2989 exaffe
451 2953 582 3001 semper,
602 2965 635 2988 ut
648 2954 679 2987 in
692 2952 837 2986 omnibus
849 2952 890 2986 ita
902 2953 972 2986 &in

226 3005 274 3038 die
290 3003 449 3039 Paschatis‚
468 3004 566 3052 legem
576 3004 640 3037 Dei
653 3000 841 3041 observavit3
854 2999 972 3048 peccas-

227 3051 270 3086 set
282 3064 381 3086 autem
395 3063 503 3086 contra
514 3054 629 3100 legem,
646 3051 665 3085 si
678 3051 972 3097 adiedecimoquar-

226 3113 262 3136 to
275 3102 311 3136 ad
324 3102 477 3135 decimum
491 3104 615 3135 tertium
632 3099 779 3135 Paschatis
791 3099 974 3134 celebratio-

226 3164 298 3185 nem
311 3149 483 3184 retraxisset.
513 3151 672 3197 Regerunt
690 3149 814 3188 Graeci,
834 3148 974 3182 adustum

228 3200 397 3236 ncccffitate
416 3198 575 3235 Christum
588 3199 631 3235 ob
645 3199 806 3235 instantem
818 3209 952 3234 mortem
964 3222 974 3238 ‚

617 139 1242 179 CHRONOLocxcx

1297 134 1329 173 L
1358 147 1373 172 1
1401 147 1434 172 Β.
1472 133 1522 172 ΙΙ.
1722 133 1760 171 8ι

1011 216 1043 239 ut
1053 205 1228 251 anticiparet
1241 204 1322 238 diem
1334 203 1496 240 Paschatis,
1520 203 1609 238 ctiam
1625 202 1668 236 ob
1681 202 1761 243 hoc,

1011 264 1042 286 ut
1055 264 1161 300 typum
1179 254 1217 287 de
1231 252 1369 286 paschate
1383 254 1538 300 impleret,
1567 263 1599 286 ut
1612 251 1722 286 scilicet
1736 254 1763 286 i—

1010 300 1058 347 pse
1072 315 1175 336 verum
1190 300 1300 336 Pascha
1313 299 1526 336 sacrificaretur
1540 302 1571 334 in
1587 313 1692 339 cruce,
1723 314 1763 335 eo

1010 348 1074 395 ipso
1086 361 1228 396 tempore
1247 363 1311 397 quo
1324 350 1458 396 typicum
1475 352 1506 384 in
1521 351 1638 396 templo
1652 348 1763 384 offere-

1009 397 1106 431 batur.
1132 399 1259 444 Replica
1274 411 1296 433 1.
1334 399 1388 433 llle
1401 400 1432 432 in
1445 401 1528 442 cujus
1544 412 1635 432 mauu
1649 397 1713 432 sunt
1726 413 1764 433 0-

1008 446 1090 480 mnia
1099 444 1231 493 disponit
1245 446 1357 494 singula
1371 459 1512 495 tempore
1521 459 1582 480 tam
1591 460 1762 494 oportuno,

1009 506 1041 530 ut
1056 496 1135 530 nulla
1149 496 1176 530 ei
1185 496 1338 530 necessitas
1346 496 1361 530 a
1370 499 1481 544 quovis
1493 507 1635 542 tempore
1643 498 1764 532 incum-

1009 544 1063 579 bat
1087 545 1220 579 violandi
1244 545 1354 593 legem.
1392 557 1418 578 2.
1437 546 1523 580 Cum
1537 545 1640 578 revera
1662 545 1762 594 legem

1010 593 1158 628 Paschatis
1183 594 1288 629 εκαξὶὲ
1314 592 1448 629 servasset
1462 594 1602 628 Christus
1616 594 1665 628 die
1680 598 1764 630 dcci-

1010 654 1176 690 moquarto
1189 643 1269 677 inter
1282 644 1355 677 duas
1367 641 1500 689 vesperas
1508 668 1518 683 ‚
1540 646 1712 680 commod‘e
1726 658 1764 677 0-

1009 693 1091 726 mnia
1104 690 1265 739 disposuit,
1284 693 1324 726 ita
1339 703 1371 726 ut
1384 695 1448 738 ejus
1461 705 1546 726 mors
1563 705 1628 727 non
1644 694 1763 728 tantum

1009 739 1120 788 inipso
1139 740 1286 776 Paschatis
1310 741 1358 776 die
1377 743 1589 789 contingeret,
1615 744 1668 789 qui
1682 744 1698 777 a
1711 756 1763 778 ve-

1010 789 1091 838 sperfi
1103 789 1231 825 secunda
1243 791 1303 824 diei
1317 787 1427 824 decimi
1440 792 1537 839 quarti
1554 792 1714 838 inceperat,
1731 796 1763 827 &

1010 840 1045 873 ad
1059 839 1152 875 finem
1165 840 1226 874 diei
1240 840 1452 886 decimiquinti
1465 839 1686 887 perseverabat3
1714 840 1763 876 sed

1010 891 1102 923 etiam
1120 889 1151 922 in
1167 889 1225 922 illis
1245 889 1312 935 ipsis
1327 889 1412 923 horis
1426 890 1458 923 in
1479 902 1568 923 cruce
1588 889 1760 936 pendebat,

1009 950 1079 972 cum
1091 948 1185 985 agnus
1197 937 1342 972 Paschalis
1354 939 1512 985 intemplo
1526 939 1542 972 a
1558 937 1763 973 sacerdotibus

1009 988 1219 1021 immolaretur
1227 1000 1236 1027 ς
1251 987 1336 1034 quod
1349 997 1451 1021 tamen
1463 989 1493 1020 in
1507 986 1700 1034 responsione
1709 1002 1762 1022 an-

1008 1036 1097 1083 titypi
1105 1036 1140 1070 ad
1148 1046 1253 1083 typum
1267 1049 1331 1069 non
1344 1037 1573 1083 requirebatur3
1587 1049 1657 1071 nam
1667 1037 1762 1071 Chri—

1008 1084 1044 1119 sti
1065 1097 1149 1120 mors
1163 1083 1393 1131 perfeffitiffimus
1415 1086 1565 1132 antitypus
1586 1085 1643 1119 fuit
1655 1087 1761 1131 quoti-

1007 1134 1086 1168 diani
1095 1133 1228 1168 sacrificii
1241 1135 1397 1173 matutini,
1408 1139 1439 1170 &
1447 1136 1588 1168 omnium
1602 1133 1762 1169 sacrificio-

1006 1196 1073 1216 rum
1084 1195 1152 1230 ,quae
1165 1184 1273 1229 quovis
1282 1183 1351 1217 anni
1360 1184 1427 1223 die,
1453 1187 1483 1218 &
1491 1185 1595 1233 quavis
1603 1182 1761 1228 cujuscun—

1006 1245 1065 1279 que
1079 1232 1140 1267 diei
1153 1231 1230 1266 horai
1242 1231 1496 1272 immolabantur,
1520 1245 1584 1267 non
1597 1233 1758 1280 propterea

1006 1292 1106 1315 tamen
1119 1282 1202 1314 mori
1214 1282 1352 1328 oportuit
1365 1281 1527 1316 Christum
1539 1293 1679 1329 tempore
1693 1295 1758 1316 ma-

1005 1332 1106 1364 tutino
1116 1355 1125 1369 ,
1153 1341 1203 1364 aut
1215 1332 1360 1364 omnibus
1380 1330 1464 1365 horis
1478 1331 1589 1378 quibus
1605 1332 1699 1365 ullum
1712 1330 1754 1365 sa-

1005 1379 1156 1414 crificium
1167 1380 1212 1414 vel
1226 1380 1413 1415 ordinarium
1422 1405 1432 1420 ‚
1456 1382 1504 1417 vel
1517 1392 1598 1416 extra
1611 1381 1753 1415 ordinem

1006 1429 1200 1463 mactabatur.

1050 1488 1163 1520 Iterum
1178 1496 1439 1534 argumentamur,
1452 1486 1533 1521 diem
1544 1487 1675 1534 primum
1686 1500 1755 1534 azy-

1004 1548 1128 1569 morum
1144 1533 1228 1570 fuisse
1242 1535 1351 1569 mensis
1364 1537 1678 1584 decimumquintum,
1699 1538 1755 1570 ali-

1005 1584 1127 1632 quando
1145 1585 1271 1632 quidem
1282 1596 1406 1621 vocatur
1419 1585 1482 1620 dies
1494 1586 1755 1632 decimusquartus

1005 1645 1038 1668 ut
1051 1634 1199 1672 Exodnz,
1213 1636 1258 1668 18.
1278 1635 1364 1682 quod
1377 1635 1463 1669 caute
1476 1634 1696 1670 observandum
1710 1633 1755 1669 est

1005 1684 1041 1718 ad
1054 1684 1151 1718 varios
1164 1684 1322 1730 Scripturae
1341 1684 1428 1718 locos
1446 1685 1660 1724 elucidandos,
1686 1696 1759 1718 nam
1774 1684 1777 1686 “

1006 1733 1171 1780 aliquando
1186 1731 1333 1767 Paschatis
1345 1733 1409 1768 dies
1422 1737 1452 1768 &
1471 1733 1535 1768 dies
1548 1734 1663 1781 primus
1676 1737 1761 1780 Azy-

1007 1795 1130 1816 morum
1144 1785 1373 1831 conjunguntur
1392 1793 1425 1816 ut
1443 1795 1518 1818 unus
1545 1788 1577 1818 &
1601 1784 1683 1817 idem
1696 1782 1762 1817 dies

1007 1831 1287 1880 decimusquartus:
1317 1831 1479 1880 aliquando
1498 1833 1712 1881 disjunguntur
1729 1842 1763 1866 ut

1008 1882 1070 1915 duo
1083 1880 1217 1916 distineri
1229 1895 1238 1922 ;
1250 1894 1322 1916 cum
1336 1881 1467 1916 Paschati
1481 1881 1761 1930 decimusquartus,

1008 1935 1038 1966 δε
1053 1931 1154 1977 primo
1176 1932 1367 1978 Azym'orum
1392 1932 1655 1977 decimusquintus
1679 1931 1763 1964 attri-

1008 1981 1159 2020 buuntur,
1179 1993 1314 2027 quorum
1332 1979 1396 2014 haec
1419 1981 1496 2014 ratio
1521 1980 1581 2013 est:
1608 1979 1763 2014 Hebraeo-

1008 2042 1075 2063 rum
1088 2030 1150 2064 dies
1173 2029 1360 2075 incipiebant
1373 2030 1388 2063 a
1404 2029 1551 2063 noetibus
1561 2053 1570 2068 ‚
1595 2029 1696 2075 itaque
1708 2029 1763 2062 de-

1008 2079 1231 2126 cimusquintus
1244 2076 1338 2112 Nilan
1357 2078 1525 2125 incipiebat
1538 2077 1576 2112 ab
1592 2076 1698 2111 occasu
1714 2075 1763 2110 so-

1009 2130 1043 2162 lis
1056 2129 1116 2162 diei
1129 2128 1350 2175 decimiquarti,
1364 2129 1450 2175 quod
1464 2140 1540 2174 ergo
1553 2126 1714 2174 gerebatur
1725 2126 1763 2159 ad

1010 2177 1092 2211 istius
1107 2178 1167 2212 diei
1180 2177 1392 2224 decimiquarti
1405 2176 1544 2211 occasum
1554 2200 1562 2214 ‚
1576 2176 1659 2209 τςᾶε
1667 2173 1763 2208 refer-

1009 2238 1058 2261 tur
1065 2227 1112 2261 vel
1126 2228 1161 2260 ad
1175 2227 1470 2273 decimumquartum
1483 2226 1531 2259 vel
1544 2225 1580 2258 ad
1592 2225 1763 2258 decimum-

1009 2276 1151 2320 quintum
1166 2289 1174 2308 :
1200 2278 1261 2318 jam
1274 2275 1347 2308 vero
1362 2273 1471 2308 Pascha
1482 2273 1589 2318 jussum
1603 2273 1646 2307 est
1662 2273 1763 2306 occidi

1011 2324 1042 2356 in
1055 2321 1175 2369 vespera
1191 2323 1402 2370 decimiquarti
1421 2324 1480 2357 diei
1495 2347 1502 2359 ‚
1534 2336 1600 2370 quae
1622 2320 1680 2355 fuit
1698 2334 1762 2354 non

1011 2372 1194 2417 principium
1214 2370 1263 2405 sed
1286 2371 1355 2404 finis
1368 2371 1451 2404 istius
1470 2371 1546 2409 diei,
1580 2383 1649 2403 nam
1663 2368 1763 2403 statim

1011 2419 1080 2466 post
1104 2418 1276 2453 comestum
1289 2432 1401 2467 agnum
1419 2420 1521 2466 pri-mo
1537 2431 1624 2453 mane
1636 2418 1696 2451 diei
1709 2419 1764 2452 de-

1011 2469 1184 2515 cimiquinti
1197 2467 1330 2502 extrusus
1338 2466 1381 2504 est
1389 2469 1524 2516 populus
1538 2466 1713 2502 Israeliticus
1723 2480 1760 2501 ex

1009 2519 1163 2565 AEgypto,
1194 2517 1347 2551 Exod.12.
1361 2530 1402 2562 33.
1434 2516 1519 2552 cum
1533 2528 1633 2550 autem
1654 2516 1763 2550 dicitur

1011 2566 1118 2601 Pascha
1131 2567 1225 2600 Levit.
1242 2579 1284 2611 23.
1294 2578 1320 2611 5.
1338 2577 1474 2612 paratum
1487 2567 1564 2599 inter
1577 2567 1648 2599 duas
1661 2563 1764 2611 vespe-

1008 2628 1066 2656 ras,
1079 2628 1149 2650 cave
1163 2616 1310 2662 intelligas
1322 2626 1383 2649 tam
1397 2615 1462 2648 laxe
1475 2626 1507 2649 ut
1520 2616 1614 2662 parari
1627 2614 1763 2661 potuerit

1009 2666 1117 2711 quovis
1129 2676 1270 2711 tempore
1283 2666 1360 2699 inter
1372 2665 1500 2711 primam
1514 2662 1664 2710 vesperam
1677 2662 1762 2697 istius

1009 2714 1068 2748 diei
1081 2727 1148 2761 quae
1165 2714 1329 2761 incipiebat
1347 2714 1384 2747 ab
1397 2713 1503 2747 occasu
1520 2712 1589 2746 solis
1602 2713 1663 2747 diei
1677 2711 1761 2746 deci-

1010 2764 1138 2797 mitertii
1151 2767 1181 2798 &
1200 2762 1359 2797 secundam
1372 2776 1438 2810 quae
1451 2762 1603 2797 desinebat
1617 2763 1648 2796 in
1668 2773 1759 2795 occa-

1010 2816 1039 2852 su
1059 2817 1128 2852 solis
1151 2819 1211 2852 diei
1228 2820 1449 2867 decimiquarti.
1495 2819 1573 2853 Illud
1594 2820 1675 2855 enim
1700 2826 1756 2871 ΓΞ

1009 2890 1209 2936 ΕΞΓῘΞὟἿᾸΠῚ
1232 2883 1336 2918 strici&
1352 2883 1584 2931 intelligendum
1602 2883 1645 2918 est
1657 2884 1694 2918 de
1712 2882 1756 2918 se-

1007 2941 1105 2976 cunda
1117 2935 1237 2989 vesper&
1249 2941 1309 2975 diei
1320 2940 1530 2987 decimiquarti
1545 2944 1576 2974 &
1589 2941 1687 2986 prima
1704 2941 1758 2974 de-

1006 2991 1193 3038 cimiquinti.
1226 2992 1310 3025 Nam
1322 3000 1416 3035 prout
1428 2988 1570 3036 loftpl⁷us›
1593 2989 1701 3029 Pluto,
1725 3002 1758 3024 ac

1008 3039 1244 3078 Maimonides
1263 3038 1370 3073 Pascha
1390 3037 1560 3071 describunt
1578 3037 1657 3073 hora
1675 3041 1759 3073 nona

1008 3082 1056 3123 seu
1070 3089 1157 3123 tertia'i
1174 3087 1386 3135 pomeridiana
1403 3088 1463 3120 diei
1478 3087 1690 3134 decimiquarti
1704 3089 1759 3121 tri-

1010 3138 1065 3172 bus
1079 3138 1163 3171 horis
1180 3147 1248 3171 ante
1263 3135 1333 3170 solis
1347 3135 1486 3170 occasum
1502 3149 1595 3184 agnus
1608 3137 1760 3171 ma6taba-

1009 3199 1072 3229 tur,
1098 3186 1306 3227 offerebatur3
1333 3190 1364 3222 &
1377 3185 1520 3220 affabatur
1532 3210 1543 3226 ‚
1568 3197 1601 3221 ut
1619 3187 1658 3221 ita
1675 3197 1761 3233 para-

1394 3237 1419 3271 L
1433 3236 1445 3267 l
1712 3244 1760 3267 tus

1769 2874 1845 2912 ,Qu-d
1849 2874 1884 2910 fil

1770 2923 1834 2941 mter
1854 2916 1916 2941 duas

1772 2954 1891 2992 vesperas.
