2048 3343
448 114 523 142 Ea·
588 104 1223 167 CHRONOLQGICt

214 168 362 213 'terpretes
380 179 516 216 unquam
536 175 821 217 conjunctionem-a
846 175 978 210 transtu-

218 216 308 250 lerint
323 229 378 262 per
389 224 447 256 κῖκ-
460 217 559 254 fateor
571 234 618 256 res
631 225 978 268 conjundstionecorme-

216 277 267 298 xas
283 263 348 299 satis
367 263 544 314 frequenter
555 271 691 306 accidere
704 272 775 319 post
785 274 849 307 illas
864 272 977 319 quibus

216 325 339 348 annexa:
356 312 432 355 sunt,
448 330 512 350 non
526 329 627 352 tamen
640 320 702 354 hoc
715 320 751 354 fit
765 333 819 366 per
832 319 977 354 Hebrais-

1287 115 1317 153 L
1348 129 1362 153 1
1393 129 1425 154 Β.
1482 116 1538 155 ΙΙ.
1731 121 1775 164 89

1015 178 1182 214 duodecim
1201 180 1293 215 horas
1310 182 1442 219 diurnas.
1474 185 1522 218 Ex
1539 184 1586 218 his
1602 196 1682 232 patet
1696 187 1762 221 Ro·
1777 208 1884 235 Collatia

1012 239 1135 263 manam
1153 228 1352 276 nostramque
1372 231 1481 267 horam
1506 231 1616 268 sextam
1641 237 1762 270 matuti-
1773 247 1870 274 dierum
1893 248 1927 281 ΟΞ

1010 287 1079 310 nam
1093 276 1459 326 respondereJudaeorum
1471 281 1557 317 horae
1570 284 1759 329 primaediur-
1771 286 1893 314 horarum

1009 335 1055 357 nae
1068 349 1079 363 ‚
1104 328 1326 373 &judaeorum
1339 330 1459 363 tertiam
1473 331 1611 366 diurnam
1633 333 1760 380 respon·
1773 326 1860 393 {¹1:2³2
1859 338 1896 393 “m

34 1975 141 2013 Qu'nta

35 2016 147 2043 calvmi

26 2054 157 2091 semem-‘a

33 2095 151 2130 ‘confirma
157 2113 166 2118 ·

33 2140 85 2163 turi

215 375 320 402 mum,
341 375 390 398 aut
403 365 494 399 ullam
506 367 648 401 virtutem
663 370 814 414 particulae
828 378 851 410 Ἰ.
871 370 976 403 Locus

216 425 310 458 quem
323 413 459 458 inprimis
467 415 578 460 premit
584 418 720 462 Heinsius
728 417 793 466 JolI
799 431 877 464 7⁰²5·
890 417 975 465 post-

215 473 308 507 quam
323 461 496 506 lapidassent
509 477 592 504 enm,
601 478 665 499 non
679 465 750 502 facit
764 468 800 502 ad
809 480 881 502 rem.
892 468 976 502 Nam

217 509 320 556 primo
334 510 438 546 Graeci
451 515 632 560 Interpretes
646 518 773 552 verbum
784 517 976 552 Hebraicum

214 564 339 614 *5120*
351 581 415 602 non
425 567 608 604 transferunt
620 577 661 609 ρφ
672 573 696 601 τὲ
711 576 876 610 amanam,
891 573 976 620 quod

214 614 329 668 Hefflſsb
342 623 400 658 fuit
413 624 607 672 probandum
617 650 626 665 ‚
652 623 703 660 sed
716 626 807 661 verba
819 626 868 660 illa
881 638 914 661 ut
926 641 975 662 ea-

215 676 287 708 dem
308 688 378 709 cnm
393 675 634 722 praecedentibus
649 675 782 709 omnino
801 677 971 718 omittunt3

212 723 287 758 sicut
300 726 391 758 etiam
414 722 485 757 facit
505 725 631 758 Latinus
653 727 804 771 interpres
818 728 848 759 δι
865 728 971 771 Syrus:
986 747 988 756 ι

212 786 320 807 verum
339 772 383 808 cst
402 767 584 807 Chaldaeum
600 773 814 820 Paraphrasten
829 773 972 810 transfer-

212 842 244 863 re
260 831 320 864 illic
335 838 346 862 1
361 842 415 877 per
439 838 523 880 Ἶᾎὲ
549 829 635 877 post,
661 828 709 865 scd
722 832 804 867 nulla
818 832 972 868 necessita-

209 898 258 925 te,
285 899 354 920 nam
367 889 519 935 Interpres
535 888 634 923 Arabs
647 892 678 923 &
691 888 789 922 versio
804 901 890 923 vetus
904 893 969 924 An-

211 937 329 982 glicana
342 949 375 970 ac
388 949 469 972 nova
486 938 609 984 Belgica
624 939 756 972 retinent
769 940 968 983 conjunffio-

210 998 281 1018 nem
298 990 354 1024 (9¹⁸,
374 986 443 1020 licet
464 999 545 1020 nova
560 987 728 1034 Anglicana
746 991 776 1021 δι
790 989 890 1022 Italica
902 1001 968 1022 eam

210 1046 328 1068 vertant
343 1036 420 1082 possi.
458 1036 517 1069 Sed
533 1035 639 1070 demus
653 1037 715 1070 hoc
730 1036 803 1070 loco
816 1036 901 1084 Jofhae
913 1050 968 1072 ne-

209 1083 333 1117 cessario
347 1083 386 1117 sic
398 1083 667 1124 vertendum,ci1m
681 1096 784 1119 tamen
794 1088 886 1120 vicies
899 1087 969 1120 mil-

208 1134 263 1166 lies
280 1138 310 1167 ὃ(
325 1133 423 1167 multo
442 1132 544 1181 soepius
562 1139 574 1168 i
595 1145 727 1169 vertatur
745 1147 799 1181 per
816 1140 871 1175 &,
892 1136 966 1182 quid

207 1181 259 1215 hic
283 1183 392 1215 unicus
411 1183 497 1217 locus
521 1184 556 1216 ad
579 1194 695 1218 textum
713 1197 771 1230 prae
793 1184 933 1218 manibus
952 1187 964 1217 ?

207 1244 300 1277 quem
316 1232 413 1265 nullus
428 1233 458 1265 in
472 1233 529 1266 ulla
544 1233 645 1280 lingua
660 1234 808 1279 interpres
822 1257 831 1271 ‚
860 1244 961 1270 vetus,

206 1292 317 1318 novus,
330 1282 418 1314 vertit
430 1294 483 1327 per
491 1281 572 1327 post,
582 1282 602 1316 fi
611 1283 735 1316 unicum
748 1281 963 1329 AEthiopicum

207 1330 339 1375 excipias
355 1344 364 1370 ;
389 1343 482 1375 quem
493 1330 594 1364 vidiffe
607 1343 670 1365 non
683 1331 803 1365 videtur
812 1333 962 1376 Heinsim,

204 1378 274 1410 altas
290 1380 497 1424 proculdubio
516 1378 638 1414 citafl'et.
675 1382 844 1427 Utcunque
863 1382 961 1416 nullus

203 1424 313 1460 adferri
327 1427 427 1475 potest
435 1440 545 1467 textus,
564 1430 617 1463 ubi
631 1430 661 1463 in
672 1443 735 1463 uno
748 1430 894 1464 verliculo
904 1430 960 1465 suis

205 1477 327 1522 punftis
358 1476 558 1512 circumcluso
582 1478 818 1514 determinatum
841 1491 962 1528 tempus

205 1536 297 1559 certae
309 1527 426 1560 affloni
443 1528 607 1574 applicatur
626 1541 681 1575 per
705 1530 962 1573 conjunffionem

204 1575 410 1619 copulativam
420 1589 428 1616 ;
440 1577 470 1609 in
488 1589 552 1623 quo
565 1576 643 1611 istud
653 1578 733 1611 idem
747 1589 867 1625 tempus
878 1579 916 1613 ab
929 1591 963 1614 ea

204 1624 328 1658 afflone
343 1623 538 1671 stparandum
554 1625 615 1664 est,
637 1627 712 1662 &ad
727 1627 817 1662 aliam
830 1626 963 1663 referen-

204 1673 296 1712 dum,
312 1674 502 1721 minimeque
515 1677 658 1710 omnium
674 1689 780 1711 verum
796 1677 859 1712 hoc
874 1677 918 1712 est
930 1679 962 1713 in

203 1723 306 1756 verbis
314 1722 443 1764 nostris;
453 1737 521 1758 nam
535 1725 637 1772 aperte
650 1726 841 1773 hicHeinfius
853 1724 962 1762 fatetur

204 1771 388 1807 divisionem
398 1772 528 1808 vestium
539 1775 575 1809 ad
585 1776 703 1810 nullum
715 1787 834 1811 certum
840 1787 961 1825 tempus

204 1820 338 1869 astringi.
369 1823 596 1858 Concludimus
616 1837 708 1873 ergo,
725 1838 790 1860 non
803 1827 840 1861 ad
851 1825 960 1862 horam

204 1871 325 1904 tertiam
339 1871 410 1918 post
421 1872 665 1908 crucifixionem.
682 1875 772 1923 Ergo
786 1876 916 1911 vanaest
927 1881 959 1913 δι

205 1921 334 1955 evanuit,
347 1919 412 1968 ipso
423 1919 549 1962 fatente,
564 1934 628 1958 tota
636 1926 749 1969 Heinsiz'
760 1924 929 1972 disputatio.

254 1969 362 2004 Restat
375 1971 479 2016 quinta
495 1976 525 2006 &
540 1974 644 2007 ultima
657 1971 802 2009 sententia
822 1976 959 2013 calvini,

204 2021 304 2057 Beate,
325 2022 477 2067 (psalteri,
499 2024 602 2055 ‘Pam
609 2047 618 2061 ‚
644 2025 765 2067 ‘quloci
772 2049 782 2064 ,
807 2025 935 2058 Gerardt‘
946 2050 956 2065 ,

204 2068 333 2100 Demm
344 2093 354 2107 ,
368 2070 535 2105 &aliorum
547 2072 800 2108 Protestantium:
813 2073 958 2121 Jansem'i‚

204 2118 382 2150 ledonati
390 2143 398 2157 ‚
412 2123 496 2159 Feri,
511 2124 650 2161 Bczroniz',
665 2122 702 2156 de
719 2122 853 2156 chlentta*
860 2148 869 2163 ,
882 2127 958 2157 Sua-

204 2170 284 2201 reziz'
298 2190 306 2202 ‚
334 2171 366 2202 &
383 2165 447 2202 fere
467 2171 608 2204 omnium
623 2171 862 2207 Pontificiorum
876 2197 883 2209 ,
910 2175 958 2208 lo-

204 2228 259 2249 cos
270 2213 381 2250 scilicet
393 2219 602 2253 conciliandos
610 2221 734 2267 gemina
747 2221 957 2257 distinetione.

204 2266 293 2298 Prior
306 2265 349 2298 est
358 2289 365 2301 ‚
378 2267 464 2300 aliter
476 2267 609 2308 ludaeos,
627 2269 712 2303 aliter
721 2271 885 2304 Romanos
893 2272 958 2304 die-

204 2325 273 2346 rum
287 2317 318 2346 &
334 2315 476 2348 noctium
494 2316 585 2349 horas
599 2319 775 2357 numeraffe.
817 2320 958 2353 Romani

204 2361 392 2408 incipiebant
409 2363 518 2398 diema
536 2365 637 2398 media
655 2367 768 2405 noste,
789 2371 820 2400 &
838 2368 909 2401 inde
921 2369 958 2401 ad

203 2411 336 2444 mediam
364 2412 493 2446 noetem
514 2414 714 2449 numerabant
738 2414 829 2449 horas
849 2416 957 2462 viginti

203 2471 345 2506 quatuor,
356 2461 402 2494 vel
411 2461 455 2495 ob
463 2460 630 2497 faciliorem
640 2462 723 2498 usum
731 2464 957 2512 distinguebant

203 2510 285 2542 diem
299 2511 466 2545 naturalem
480 2513 511 2546 in
523 2512 594 2546 duas
608 2513 817 2553 duodecimas,
838 2513 912 2548 ficut
924 2519 956 2550 &

202 2570 261 2591 nos
269 2558 381 2599 hodie3
395 2561 532 2606 priorem
540 2561 648 2596 horam
659 2564 787 2610 primam
795 2575 956 2598 numeran-

202 2607 271 2652 tesxa
281 2608 379 2642 media
390 2611 497 2649 ηοέὶε,
511 2610 714 2658 posteriorem
724 2612 882 2647 ameridie.
907 2616 955 2648 Iu-

202 2657 258 2690 daei
271 2657 344 2690 vero
358 2659 544 2706 incipiebant
553 2658 638 2694 suum
651 2662 733 2696 diem
746 2662 785 2696 ab
792 2661 898 2697 occasu
907 2663 953 2697 lo-

200 2707 256 2745 lis,
275 2710 306 2741 δι
320 2707 392 2740 inde
405 2709 440 2742 ad
457 2711 633 2755 proximum
651 2710 793 2746 occasum
811 2725 952 2747 numera—

202 2755 275 2788 bant
282 2755 373 2790 horas
380 2758 487 2804 viginti
496 2770 642 2805 quatuor;
659 2765 690 2796 &
703 2761 877 2796 etiamsicut
885 2764 954 2797 Ro-

201 2806 284 2838 mani
302 2806 346 2839 ob
365 2804 536 2841 faciliorem
558 2807 642 2842 usum
662 2809 835 2844 dividebant
848 2822 954 2845 totum

202 2853 287 2888 snum
306 2857 470 2890 naturalem
489 2858 571 2891 diem
593 2856 643 2892 seu
661 2858 801 2898 νυκῖἦμεξσν
820 2860 851 2892 in
870 2859 955 2893 binas

202 2904 415 2945 duodecimas,
429 2919 558 2953 quarum
571 2908 706 2954 priorem
713 2908 843 2953 primam
851 2921 956 2943 nume-

202 2951 308 2985 rabant
326 2953 363 2987 ab
381 2955 487 2991 occasu
501 2981 510 2996 ‚
535 2962 566 2992 &
585 2958 722 3003 priorem
739 2956 955 2992 duodecimam

203 3001 359 3046 ponebant
370 3004 400 3036 in
413 3016 502 3046 ortu,
523 3005 596 3040 sicut
608 3006 811 3054 posteriorem
825 3008 954 3053 primam

203 3050 403 3085 numerabant
415 3052 453 3086 ab
467 3066 554 3095 ortu,
572 3060 603 3090 &
618 3055 823 3102 posteriorem
835 3057 953 3091 duode-

204 3099 315 3132 cimam
330 3101 487 3146 ponebant
500 3104 531 3137 in
544 3103 660 3139 occasu.
685 3103 743 3138 Ista
755 3117 865 3139 omnes
879 3119 954 3140 con-

204 3148 333 3184 cedunt,
352 3162 385 3183 ac
403 3148 492 3187 facile
505 3153 673 3198 probantur
687 3167 723 3187 ex
736 3157 815 3188 Mat.
836 3167 885 3189 20.
899 3155 953 3189 ubi

204 3197 357 3244 posterior
374 3212 440 3246 pars
461 3203 592 3241 wahe-43³5
611 3203 754 3239 dividitur
772 3204 910 3251 expresse
923 3205 953 3239 in

1008 371 1080 405 dere
1103 374 1214 409 nostrae
1237 388 1272 410 ac
1301 378 1520 413 Romanorum
1548 393 1638 416 nonae
1662 394 1760 417 matu-

1008 421 1078 455 tinae
1094 445 1105 460 ‚
1132 423 1377 472 Judaeorumque
1401 424 1512 462 sextam
1539 430 1677 465 diurnam
1701 445 1761 466 no-

1009 468 1075 504 strae
1088 470 1278 506 duodecimae
1286 496 1295 511 ‚
1309 486 1343 507 ac
1355 487 1470 510 nonam
1479 476 1589 511 nostrae
1601 481 1694 514 tertiae
1702 494 1760 528 po-

1007 519 1184 555 meridianae
1193 545 1203 560 ‚
1216 524 1247 556 &
1262 520 1479 559 duodecimam
1492 525 1603 561 nostrae
1616 526 1701 562 sexta:
1709 526 1767 564 vc-'

1009 568 1156 616 spertinae.
1193 569 1258 604 Etsi
1269 581 1370 606 autem
1384 573 1414 606 in
1426 575 1525 610 ludaea
1538 576 1612 609 nulli
1625 577 1656 610 in
1675 590 1758 612 anno

1008 619 1072 653 dies
1092 616 1198 653 strifie
1222 619 1382 667 loquendo
1407 634 1491 657 erant
1517 626 1759 672 AEquinoffiales

1006 678 1114 715 praeter
1127 668 1222 709 duos;
1235 680 1296 704 tam
1305 671 1386 705 enim
1393 672 1451 705 illis
1460 685 1552 720 quam
1561 673 1651 708 nobis
1664 675 1760 722 sphae-

1005 730 1037 751 ra
1050 716 1093 751 est
1106 717 1248 765 obliqua:
1273 730 1375 753 tamen
1388 721 1458 768 quia
1467 721 1534 769 ipsis
1542 723 1641 757 multo
1655 726 1758 759 minor

1006 777 1068 801 erat
1089 767 1216 801 elevatio
1235 768 1299 814 poli
1318 770 1411 816 quam
1429 772 1523 805 nobis
1535 796 1544 809 ‚
1576 777 1608 808 &
1630 774 1757 821 propius

1005 815 1104 850 multo
1124 815 1215 863 quarn
1229 829 1286 851 nos
1304 818 1346 852 illi
1367 819 1551 855 accedebant
1563 822 1599 856 ad
1613 820 1756 869 sphaeram

1004 866 1119 899 reetam
1128 889 1138 904 ‚
1156 869 1186 900 δι
1200 866 1231 899 in
1245 865 1343 901 aestate
1354 880 1464 903 eorum
1475 869 1538 905 dies
1551 869 1662 916 nostris
1672 884 1756 907 erant

1003 914 1159 949 breviores
1167 926 1200 948 ac
1213 915 1244 948 in
1255 915 1364 962 hyeme
1371 918 1529 966 longiores
1537 934 1546 960 ;
1560 919 1631 955 hinc
1639 918 1755 956 factum

1001 974 1034 997 ut
1052 973 1124 997 toto
1142 976 1225 997 anno
1245 977 1355 999 eorum
1370 966 1434 1001 dies
1452 968 1614 1003 artificialis
1636 968 1755 1007 facilius

1001 1013 1205 1056 conjiceretur
1240 1013 1309 1048 uam
1320 1014 1425 1050 noster
1438 1017 1469 1050 in
1477 1017 1642 1053 duodecim
1650 1020 1752 1061 horas,

999 1074 1064 1096 non
1077 1061 1203 1109 quidem
1217 1026 1335 1110 Pemper
1347 1065 1475 1112 aequales
1482 1090 1493 1105 ,
1514 1065 1563 1101 sed
1576 1068 1670 1115 paulo
1684 1070 1755 1104 lon-

999 1111 1102 1159 giores
1116 1109 1231 1151 aestate,
1252 1124 1286 1146 ac
1301 1112 1459 1149 breviores
1472 1115 1593 1163 hyeme.

1045 1170 1166 1212 Major,
1187 1169 1253 1203 imo
1274 1180 1340 1203 tota
1358 1169 1518 1207 difficultas
1539 1173 1629 1208 estin
1645 1175 1753 1210 distin-

998 1217 1105 1250 ctione
1118 1214 1257 1252 secunda.
1289 1219 1481 1255 Dividebant
1488 1223 1588 1269 Judaei
1605 1222 1673 1258 suos
1688 1226 1752 1259 dies

996 1374 1129 1412 quatuor
1150 1365 1330 1412 quadrantes
1341 1391 1351 1406 ,
1379 1381 1517 1415 quorum
1541 1372 1672 1418 quilibet
1690 1385 1751 1408 tres

996 1413 1177 1448 continebat
1190 1414 1280 1449 horas
1291 1431 1299 1457 ;
1312 1417 1492 1462 quadrantes
1505 1420 1564 1454 hos
1579 1423 1683 1456 noctis
1695 1435 1752 1456 vo-

995 1462 1103 1497 cabant
1109 1463 1331 1512 vigilias:quorl
1341 1476 1443 1501 autern
1451 1481 1517 1503 nox
1525 1471 1558 1504 in
1565 1483 1697 1517 quatuor
1704 1473 1752 1506 di-

997 1513 1146 1547 videretur
1158 1513 1386 1561 vigilias‚,variis
1399 1518 1643 1564 Scriptnraelocis
1657 1532 1750 1567 patet,

996 1565 1086 1596 Lucae
1101 1575 1131 1596 12
1138 1589 1145 1597 .
1157 1565 1205 1606 38.
1218 1563 1347 1610 legimus
1359 1565 1397 1599 de
1405 1567 1506 1614 vigilia
1513 1566 1642 1604 secunda
1649 1575 1679 1604 δέ
1687 1581 1751 1604 ter-

995 1613 1048 1646 tia.
1077 1614 1155 1646 Mat.
1165 1624 1214 1658 14.
1223 1624 1262 1656 15.
1295 1613 1425 1661 legimus
1444 1616 1482 1651 de
1506 1618 1608 1664 vigilia
1630 1621 1749 1667 quarta.

995 1658 1117 1707 Psah63.
1126 1666 1156 1695 6.
1169 1661 1206 1696 de
1219 1662 1322 1696 noetis
1336 1664 1444 1710 vigiliis
1457 1666 1488 1700 in
1499 1680 1623 1714 genere.
1659 1672 1749 1719 Qa-

993 1709 1113 1745 drantes
1119 1711 1179 1746 diei
1186 1723 1252 1745 non
1258 1722 1320 1746 tam
1329 1712 1471 1750 distinete:
1478 1718 1659 1763 apparentin
1668 1719 1749 1752 Scri-

993 1770 1078 1806 ptura
1089 1784 1100 1799 ‚
1119 1760 1205 1794 recte
1214 1771 1316 1796 tamen
1329 1763 1432 1811 colligi
1446 1765 1567 1811 possunt
1574 1779 1609 1800 ex
1616 1779 1749 1815 propor-

993 1809 1079 1843 tione
1091 1809 1194 1844 dieiad
1203 1811 1349 1853 ηοέὶειης
1368 1813 1435 1847 imo
1448 1814 1522 1849 vero
1535 1815 1678 1853 distinete
1690 1829 1748 1852 no-

992 1859 1145 1892 minantur
1156 1857 1221 1894 fere
1231 1872 1341 1895 omnes
1350 1863 1529 1909 quadrantes
1537 1865 1597 1899 diei
1606 1866 1637 1900 in
1648 1867 1748 1901 diver-

991 1906 1027 1941 fis
1040 1908 1220 1955 Scripturis;
1234 1911 1318 1945 certe
1329 1913 1433 1951 tertia,
1451 1911 1544 1954 sexta,
1558 1919 1591 1950 δε
1600 1915 1748 1950 nonaho-

991 1969 1040 1996 ra,
1070 1968 1103 1991 ut
1122 1968 1263 2005 tempora
1282 1959 1319 1993 ad
1332 1973 1437 2006 preces
1450 1966 1481 1997 &
1495 1960 1637 1998 sacrificia
1655 1964 1747 1999 desti-

991 2017 1058 2040 nata
1077 2007 1236 2055 multoties
1253 2021 1480 2050 memorantur,
1509 2012 1576 2047 imo
1590 2026 1625 2047 ex
1639 2027 1679 2048 co
1690 2027 1746 2062 pu-

991 2055 1075 2090 blico
1090 2056 1141 2090 usu
1158 2057 1190 2090 in
1203 2057 1267 2091 aliis
1280 2059 1402 2105 privatis
1419 2062 1553 2107 negotiis
1571 2065 1746 2097 communi-

991 2116 1040 2139 ter
1052 2103 1284 2153 uffirpabanrur,
1304 2118 1337 2141 ut
1350 2108 1453 2143 videre
1464 2109 1508 2143 est
1522 2113 1601 2146 Mat.
1610 2124 1659 2145 ao.
1678 2117 1747 2147 &a-

991 2154 1063 2195 libi3
1078 2168 1181 2202 neque
1192 2156 1310 2190 tantum
1323 2154 1402 2204 apud
1409 2159 1550 2205 Judaeos‚
1560 2157 1610 2195 sed
1622 2168 1652 2196 ὅ(
1666 2160 1746 2208 ipsos

992 2205 1156 2239 Romanos
1169 2205 1381 2241 dividebantur
1396 2207 1460 2241 dies
1478 2209 1510 2241 in
1523 2221 1656 2255 quatuor
1671 2223 1746 2257 qua-

990 2253 1110 2287 drantes
1118 2277 1128 2291 ‚
1145 2265 1178 2288 ut
1187 2255 1419 2301 Centuriatores
1430 2257 1666 2306 Magdeburgici
1674 2272 1748 2293 cen-

990 2311 1048 2334 tur.
1062 2313 1085 2334 1.
1099 2301 1153 2335 lib.
1162 2314 1187 2335 1.
1204 2303 1354 2349 probant,
1371 2309 1402 2338 ὅ(
1415 2305 1485 2352 post
1494 2319 1548 2340 eos
1561 2310 1747 2343 Baronimex

991 2347 1184 2389 Censorino;
1198 2362 1301 2385 utrum
1312 2353 1387 2386 vero
1400 2356 1581 2399 quadrantes
1594 2358 1636 2389 illi
1649 2358 1747 2391 deno-

991 2397 1146 2431 minentur
1152 2399 1190 2432 ab
1198 2411 1308 2433 eorum
1318 2402 1418 2446 prima
1425 2414 1461 2434 an
1471 2404 1576 2438 ultima
1585 2429 1594 2443 ‚
1616 2417 1680 2439 non
1689 2419 1746 2453 pu-

988 2457 1085 2480 tamus
1094 2459 1196 2493 operae
1206 2450 1340 2494 pretium
1348 2461 1590 2491 controvertere‚
1599 2454 1743 2490 nimirum

987 2507 1024 2528 an
1038 2497 1153 2542 primus
1165 2497 1313 2544 quadrans
1326 2499 1544 2535 denominetur
1556 2502 1594 2535 ab
1607 2503 1683 2536 hora
1696 2503 1744 2538 sua

989 2545 1103 2592 prima,
1126 2556 1159 2579 ut
1172 2546 1331 2593 plerique,
1348 2561 1385 2581 an
1399 2549 1415 2582 a
1427 2551 1516 2585 tertia
1529 2562 1561 2584 ut
1575 2553 1724 2586 ‘Barom'us
1734 2578 1742 2589 ,

989 2599 1019 2629 &
1033 2594 1081 2628 alii
1093 2595 1190 2641 pauci,
1204 2608 1310 2642 parum
1325 2595 1427 2637 refert,
1441 2599 1539 2632 modo
1557 2600 1606 2633 illa
1618 2599 1666 2635 seu
1680 2604 1743 2649 pri-

989 2656 1037 2678 ma
1049 2641 1099 2678 seu
1111 2644 1215 2678 ultima
1233 2646 1392 2680 contineat
1409 2658 1511 2681 totum
1531 2649 1740 2695 quadrantem,

1033 2701 1093 2734 His
1105 2700 1228 2748 positis,
1248 2700 1360 2737 solutio
1373 2704 1549 2750 quaestionis
1562 2708 1659 2741 evadit
1672 2706 1738 2743 satis

984 2749 1062 2783 clara
1074 2754 1105 2784 &
1119 2748 1224 2785 facilis.
1265 2751 1425 2787 Christum
1443 2753 1502 2788 dici
1526 2756 1704 2792 crucifixum
1720 2759 1737 2793 εὶ

985 2799 1130 2835 Marco
1143 2799 1223 2835 hora
1234 2802 1324 2835 tertia
1337 2826 1346 2841 ‚
1376 2804 1447 2849 quia
1459 2804 1620 2839 crucifixus
1632 2805 1675 2840 est
1688 2808 1737 2841 in-

985 2859 1030 2881 tra
1044 2846 1172 2894 spatium
1184 2848 1267 2884 istius
1281 2851 1469 2897 quadrantis,
1490 2854 1542 2898 qui
1555 2855 1570 2888 a
1583 2857 1669 2889 tertia
1682 2856 1736 2890 de-

986 2898 1180 2932 nominatur:
1207 2898 1317 2933 deinde
1333 2900 1392 2934 dici
1409 2902 1586 2937 crucifixum
1600 2904 1736 2952 affamine

987 2947 1148 2993 &reliquis
1154 2946 1232 2981 hora
1241 2947 1317 2983 sext-3
1324 2973 1333 2988 ,
1348 2961 1398 2983 aut
1406 2950 1483 2986 hora
1491 2949 1553 2985 fere
1561 2951 1649 2993 sexta,
1663 2955 1735 3002 quia

986 2996 1159 3043 quadrantis
1171 2997 1249 3031 illius
1258 2996 1378 3032 secundi
1391 2998 1469 3033 sexta
1482 2998 1538 3034 fuit
1550 3002 1736 3038 alterumex-

985 3056 1118 3078 tremum
1127 3068 1137 3084 ,
1156 3046 1196 3079 ita
1208 3057 1240 3080 ut
1252 3047 1390 3081 affioncs
1403 3049 1479 3082 intra
1492 3052 1610 3086 tertiam
1626 3056 1657 3087 δε
1672 3051 1735 3088 sex—

985 3104 1046 3127 tam
1060 3094 1206 3139 pera‘ftae,
1228 3095 1400 3129 dicerentur
1412 3100 1514 3146 peragi
1527 3101 1575 3134 vel
1588 3103 1677 3136 tertia
1689 3101 1735 3137 vel

986 3140 1065 3177 sexta
1076 3167 1087 3182 ‚
1119 3142 1323 3178 denominatae
1343 3142 1453 3180 scilicet
1465 3149 1503 3182 ab
1525 3151 1670 3186 utrolibet
1682 3164 1735 3185 εις--

985 3202 1103 3231 tremo,
1123 3205 1181 3239 pro
1194 3193 1390 3241 loquentium
1402 3196 1540 3232 arbitrio.

1319 3251 1442 3287 emm
1650 3256 1741 3288 Com

1773 408 1893 437 Romanis,

1765 1195 1897 1230 Drstinlffm

1782 1236 1910 1262 stads-ann}

996 1278 1062 1299 non
1070 1276 1187 1300 tantum
1200 1277 1232 1301 ut
1245 1265 1328 1314 supra
1336 1292 1346 1307 ,
1359 1266 1409 1304 sed
1417 1272 1510 1305 etiam
1516 1272 1682 1308 duodecim
1690 1274 1750 1309 ho-
1763 1246 1818 1302 ‘qam
1831 1285 1857 1301 ἠ
1866 1276 1917 1301 ἅτθ’

997 1328 1042 1348 ras
1062 1325 1124 1349 tam
1150 1317 1253 1350 noetis
1274 1317 1367 1364 quarn
1393 1318 1455 1354 diei
1473 1318 1702 1358 subdividebant
1721 1325 1751 1358 in
1765 1314 1897 1382 ZZJZ‘ZW
