2048 3343
79 216 130 244 urg.
140 217 160 243 3.

458 135 536 162 ετ
592 123 1220 162 CHRoNoLOGIC1
1280 122 1505 161 Lra.II.

247 195 393 229 Tertium
412 205 634 242 argumentum.
671 195 722 228 Eo
743 204 884 239 tempore
897 203 962 225 non

200 243 382 278 accesserunt
400 245 486 292 Magi
506 242 742 278 Bethlehemum
755 265 766 281 ‚
793 241 880 289 quod
894 242 961 275 vitae

198 292 316 327 Christi
338 291 459 328 infantis
480 294 518 327 ab
537 292 654 326 Herode
673 301 803 338 tyranno
827 287 960 322 manife-

197 342 277 377 stum
291 344 460 389 periculum
470 339 630 380 intulisset;
644 340 727 385 atqui
740 337 761 371 fi
776 335 960 372 accessissent

196 393 284 440 Magi
293 390 528 426 Bethlehemum
540 389 663 424 decimo
670 387 764 421 tertio
772 385 787 420 a
795 395 881 433 partu
888 387 959 421 Vir-

197 443 274 489 ginis
287 440 348 474 hoc
359 437 547 487 contigisset,
563 450 634 472 nam
643 437 720 471 inter
734 436 889 471 decimum
898 446 958 470 ter-

197 493 274 525 tium
287 491 303 524 a
316 500 402 537 partu
416 493 446 524 &
461 486 725 535 praesentationem
739 486 825 533 pueri
838 487 869 519 in
878 496 958 519 tem-

197 541 269 587 plo,
289 537 354 572 sunt
366 538 430 572 dies
443 538 552 586 viginti
566 535 688 584 septem.
716 535 845 571 Herodes
858 534 957 569 nihils
975 533 976 542 ¹

196 589 300 636 Magis
318 588 442 622 audiens
454 598 526 621 toto
541 599 581 621 eo
598 597 756 631 tempore,
788 586 842 632 qui
855 595 957 618 tamen

196 650 291 685 pauca
310 637 408 671 solum
428 637 567 670 milliaria
587 636 637 669 vix
656 633 770 682 septem
786 644 836 668 aut
854 634 933 667 οᾶο
945 657 956 673 ‚

197 688 310 735 quibus
340 685 567 733 Hierosolymis
597 683 836 718 Bethlehemum
869 682 958 717 distat

196 734 396 785 profesturos
408 734 435 769 se
448 734 689 782 profitebantur,
718 731 806 768 facile
819 734 851 766 in
864 730 956 779 suspi-

196 787 322 820 cionem
334 784 498 827 deveniss'et
510 784 526 818 a
538 783 640 830 Magis
653 780 682 817 se
697 781 848 821 delusum,
864 786 896 817 &
905 793 956 816 ve-

197 848 230 869 re
243 834 299 868 sibi
308 832 423 881 suoque
432 835 548 881 Regno
556 833 572 867 a
580 844 684 866 recens
693 843 765 866 nato
775 834 863 879 Rege
872 829 955 865 Mes-

197 884 238 919 fifi
252 884 419 931 periculum
433 884 610 918 imminere,
624 881 709 929 quod
723 879 902 916 infanticidii
911 878 955 914 fa-

196 934 304 968 cinore
318 933 418 967 statim
430 931 644 979 depellendum
652 929 878 965 determinssss'ct
885 953 895 969 ,
912 940 955 964 et·

196 984 257 1017 iam
267 994 335 1016 ante
349 981 467 1016 Christi
477 980 683 1016 Bethlehemo
697 978 877 1027 digressum,
901 978 954 1012 sal-

198 1045 261 1067 tem
275 1043 308 1065 ut
320 1033 454 1079 primum
467 1028 640 1077 accepiffit,
663 1042 730 1076 quae
742 1028 878 1076 pastores
891 1040 955 1062 ma-

200 1082 298 1131 gnalia
311 1082 341 1114 in
355 1091 440 1128 partu
454 1104 465 1120 ,
502 1085 532 1115 δε
546 1082 663 1112 Simeon
676 1090 710 1112 ac
725 1081 820 1111 Anna
834 1078 864 1111 in
875 1088 956 1111 tem-

200 1133 256 1180 plo
269 1128 554 1176 Hierosolymitano
562 1130 599 1162 de
607 1140 646 1160 eo
653 1126 955 1174 praedicass'entPe-ri-

203 1181 307 1215 culum
320 1179 382 1213 hoc
394 1179 583 1213 acommoto
590 1176 707 1210 Herode
719 1178 826 1210 vitatur
838 1187 891 1222 per
898 1186 956 1208 tar-

201 1231 323 1264 diorem
337 1232 505 1275 Magorum
518 1228 682 1262 adventum
697 1223 933 1260 Bethlehemum
948 1236 955 1256 :

202 1280 265 1313 hoc
280 1282 311 1312 &
323 1278 386 1311 aliis
399 1277 585 1324 argumentis
601 1276 701 1310 dietus
714 1273 903 1308 doctissimus
911 1274 956 1307 vir

202 1327 380 1361 Guilielmus
391 1326 489 1371 Estius
500 1325 687 1371 Theologiae
695 1324 853 1370 primarius
866 1324 954 1356 Dua-

200 1378 229 1411 ci
247 1373 402 1411 Professor
420 1386 621 1409 communem
642 1372 784 1406 Ecclesiae
804 1373 955 1406 Romanae

201 1424 379 1460 sententiam
391 1424 556 1471 profitetur
563 1421 620 1457 sese
633 1420 783 1461 deserere,
797 1425 828 1456 δι
841 1424 956 1469 Magos

201 1473 440 1510 Bethlehemum
454 1472 564 1508 venisse
576 1472 684 1510 docet,
698 1471 956 1506 nondecimoter-

202 1526 249 1558 tio
262 1523 278 1558 a
290 1534 376 1570 partu
388 1547 398 1562 ,
424 1522 474 1557 sed
491 1523 648 1568 aliquanto
668 1531 810 1568 tempore
828 1519 898 1568 post
910 1522 957 1554 in-

202 1571 292 1607 fantis
307 1574 337 1606 in
349 1573 469 1618 templo
482 1568 758 1619 praesentationem.

250 1623 367 1656 Tertia:
388 1621 477 1667 hujus
493 1620 568 1655 Estii
584 1618 736 1654 sententiae
750 1632 817 1666 pars
830 1618 958 1666 positiva

1720 138 1759 174 71

978 204 980 234 ς
1002 203 1247 232 commutarent,
1272 194 1355 229 certe
1367 192 1571 229 remanserunt
1583 192 1626 228 illi
1639 206 1672 229 ut
1685 198 1716 230 &
1730 197 1756 229 i-

1001 240 1050 286 pse
1064 242 1207 276 Christus
1219 255 1274 288 per
1287 253 1386 276 totam
1399 245 1490 277 vitam
1504 245 1534 277 in
1548 256 1579 276 rc
1588 244 1756 280 admodum

999 292 1101 330 tenui,
1122 293 1161 325 ita
1175 303 1208 326 ut
1220 290 1396 326 sacrificium
1409 293 1590 338 pauperibus
1599 293 1614 326 a
1624 295 1699 327 Deo
1708 295 1756 327 in-

998 340 1141 384 jun6tum
1157 339 1223 374 satis
1241 339 1310 387 apte
1329 341 1506 374 conveniret
1526 345 1654 382 Maria,
1679 342 1755 376 nihil

998 386 1193 422 obstantibus
1216 393 1385 436 Magorum
1408 389 1501 423 donis
1511 413 1519 427 ,
1556 402 1588 424 ut
1612 393 1755 425 omittam

996 435 1193 470 necessariam
1207 437 1316 485 Iosepho
1329 451 1433 472 curam
1446 439 1543 472 viatici
1553 439 1588 472 ad
1601 442 1756 486 AEgyptia-

996 498 1067 520 cum
1081 486 1156 522 iter,
1181 489 1213 521 &
1224 486 1446 533 eleemosynam
1461 488 1552 522 etiam
1566 491 1754 534 pauperiori-

996 535 1054 569 bus
1067 535 1104 570 dc
1119 534 1183 570 istis
1195 535 1288 570 donis
1301 549 1341 570 ex
1355 535 1498 570 charitate
1511 537 1656 571 debitam.

1042 586 1132 619 Dum
1153 585 1217 619 haec
1237 582 1428 631 scripsissem,
1463 598 1520 619 nec
1532 597 1600 619 ante
1614 587 1709 621 incidi
1723 588 1754 621 iu

996 634 1200 668 doctissimam
1209 635 1381 683 Spanhemii
1387 633 1623 669 dissertationem
1632 636 1670 670 de
1682 641 1719 672 M
1723 650 1755 669 a-

997 684 1061 731 gis,
1094 684 1279 718 Dubiorum
1299 685 1561 731 Euangelicorum
1576 697 1636 731 par.
1647 698 1672 718 z.
1687 698 1752 733 pag.

997 744 1056 779 255.
1078 737 1108 768 &
1118 731 1327 781 sequentibus,
1340 733 1455 779 gavisus
1469 732 1532 767 sum
1548 734 1586 767 de
1597 747 1670 767 meo
1683 747 1754 768 cum

996 783 1065 816 viro
1079 781 1198 817 summo
1212 784 1242 816 in
1257 784 1403 817 omnibus
1411 781 1654 829 peneconsensu,
1676 783 1753 818 nihil

995 841 1097 865 tamen
1111 831 1181 879 post
1195 845 1266 866 eum
1285 832 1401 867 leRum
1413 845 1448 866 ex
1468 830 1553 880 supra
1567 831 1683 880 scriptis
1695 846 1754 880 pu-

995 881 1056 916 tavi
1069 881 1306 915 immutandum.

1185 981 1468 1019 QUESTio
1508 982 1561 1008 x1.

994 1043 1066 1092 Qi
1078 1041 1191 1074 loannis
1199 1053 1225 1074 2.
1238 1052 1287 1074 20.
1301 1040 1442 1088 templum
1452 1039 1624 1084 aedtficatum
1635 1041 1754 1074 dicatur

1041 1093 1126 1123 annis
1142 1090 1340 1137 quadraginta
1351 1089 1406 1133 sex
1418 1114 1428 1128 ,
1457 1093 1495 1127 ὠ
1514 1100 1613 1122 tamen
1638 1090 1657 1124 ξι
1675 1091 1753 1122 Solo-

1040 1152 1125 1172 mone
1145 1140 1287 1186 templum
1308 1139 1471 1187 perfeffum
1488 1138 1525 1183 est
1543 1139 1627 1171 anmls
1643 1139 1753 1184 [ἐρίων

1041 1201 1063 1222 1.
1073 1190 1196 1236 Q.6.
1206 1189 1251 1232 38.
1269 1197 1360 1235 prout
1366 1187 1530 1231 secundum
1543 1186 1562 1220 a*
1576 1187 1753 1220 Zorobabele

1041 1240 1069 1273 E
1093 1251 1127 1270 rae
1141 1242 1172 1271 6.
1182 1247 1221 1282 ις.
1249 1237 1411 1285 petfeHum
1425 1235 1461 1280 cst
1477 1249 1553 1269 anno
1568 1239 1662 1270 Darii
1669 1237 1754 1281 sexto

1037 1297 1073 1334 po
1098 1298 1191 1334 quam
1202 1296 1328 1334 caeptum
1339 1285 1398 1329 effit
1412 1289 1480 1333 Cyri
1487 1286 1622 1330 sbcmzdo,
1636 1291 1673 1325 01⁴⁴
1682 1298 1754 1319 mox

1042 1339 1244 1384 interruptum
1256 1334 1299 1367 ad
1306 1336 1407 1368 ‘Darii
1410 1334 1574 1379 secundum
1588 1339 1673 1370 E-zrae
1685 1349 1709 1382 3.
1719 1339 1748 1371 8.

1043 1388 1074 1420 &
1088 1400 1122 1433 4.
1131 1388 1193 1431 24?

996 1475 1082 1556 D
1096 1470 1122 1504 E
1135 1465 1303 1515 quaestione
1310 1466 1512 1514 hacquaedam
1519 1465 1605 1512 supra
1617 1466 1750 1502 diximus

1095 1517 1148 1552 lib.
1160 1530 1185 1553 ι.
1211 1528 1279 1563 cap.
1293 1528 1340 1550 10.
1356 1515 1460 1563 quaest.
1472 1529 1512 1562 13·
1544 1514 1592 1550 sed
1609 1514 1661 1550 hic
1678 1529 1754 1563 pro-

995 1570 1076 1616 prius
1088 1566 1133 1601 est
1145 1569 1209 1611 ejus
1216 1566 1303 1599 locus
1316 1565 1461 1612 ubiplura
1468 1563 1630 1611 suppetunt
1638 1566 1753 1600 adden-

995 1619 1042 1652 da.
1077 1617 1238 1652 Variantes
1252 1614 1422 1650 admodum
1443 1612 1508 1649 sunt
1519 1613 1570 1649 hic
1581 1614 1751 1651 doffikorum

80 1650 98 1666 ΙΙ
117 1649 159 1666 θη·

37 1638 175 1706 {guarim-
203 1684 267 1706 non
281 1672 395 1720 placet,
414 1684 485 1705 nam
500 1669 621 1718 primo,
636 1669 655 1703 li
670 1668 740 1716 post
752 1667 958 1717 praescntatio-
994 1679 1056 1702 tam
1068 1678 1151 1701 nunc
1164 1664 1256 1713 quam
1269 1665 1345 1698 olim
1360 1662 1529 1698 sententiae:
1561 1677 1597 1698 ex
1609 1665 1646 1698 iis
1659 1666 1752 1712 quin-

34 1719 162 1756 wa‘m‘r·
202 1735 273 1756 nem
288 1723 318 1755 in
331 1721 451 1768 templo
464 1718 609 1756 venissent
620 1720 778 1766 Maginon
786 1717 959 1766 reperissent
995 1729 1055 1764 que
1069 1726 1119 1750 aut
1138 1714 1184 1750 sex
1209 1714 1436 1762 perpendimus.
1462 1714 1556 1748 Primi
1571 1724 1676 1761 putant
1688 1711 1752 1749 fru-

200 1784 331 1819 puerum
338 1783 407 1805 curn
416 1781 511 1805 matre
520 1768 730 1803 Bethlehemi:
752 1767 852 1802 statim
866 1769 958 1808 enim,

200 1833 233 1855 ut
246 1820 374 1854 historia
388 1823 472 1854 Lucae
485 1832 544 1866 prae
559 1817 585 1853 se
598 1816 676 1857 fert,
695 1817 828 1867 Joftphus
841 1819 959 1852 Hiero-

994 1765 1053 1800 stra
1070 1765 1201 1799 laborari
1220 1768 1251 1799 &
1265 1766 1331 1808 jure
1344 1764 1459 1811 negligi
1473 1763 1620 1811 quicquid
1633 1763 1683 1798 liic
1696 1764 1752 1798 du-

995 1816 1038 1850 bii
1051 1826 1102 1849 aut
1114 1811 1299 1848 difficultatis
1312 1815 1434 1848 moveri
1449 1813 1556 1859 possit,
1579 1825 1649 1847 nam
1664 1813 1751 1861 quod

200 1868 324 1917 solymis
339 1869 555 1904 Nam-*etham
569 1880 638 1902 cum
647 1880 744 1915 puero
757 1872 788 1902 &
799 1877 893 1901 matre
901 1866 959 1902 dis—

199 1920 297 1959 cessit,
317 1932 381 1953 non
395 1918 633 1954 Bethlehemum
649 1918 751 1952 rediit:
767 1917 853 1964 quod
868 1916 959 1951 habet

200 1970 297 2014 fstms
307 1968 423 2003 rediisse
433 1967 584 2016 Josbphum
595 1966 832 2001 Bethlehemum
840 1991 850 2006 ‚
875 1967 959 2001 utibi

200 2019 315 2053 reculas
335 2017 399 2052 suas
418 2019 569 2064 colligens
589 2014 832 2063 proficisceretur
844 2017 958 2051 Naza-

990 1867 1083 1913 Joan.
1092 1876 1119 1900 2.
1129 1876 1180 1898 ιο.
1192 1863 1321 1897 habetur
1327 1864 1365 1899 de
1372 1861 1576 1897 aedificatione
1582 1864 1689 1909 templi
1696 1876 1748 1896 an-
1763 1871 1879 1899 Dubium

993 1916 1040 1948 nis
1053 1913 1249 1961 quadraginta
1261 1910 1325 1952 sex,
1361 1924 1426 1946 non
1439 1911 1482 1944 est
1498 1909 1642 1945 sententia
1656 1913 1747 1959 Spiri-
1764 1912 1808 1939 hoc
1816 1922 1864 1940 non
1871 1912 1916 1937 ‘⁰¹'-

993 1964 1041 1998 tfis
1056 1966 1086 1998 S.
1108 1961 1156 1997 sed
1166 1959 1368 2010 profanorum
1376 1959 1655 2000 Christihostium,
1668 1974 1748 2008 quo-
1763 1952 1836 1979 detur
1845 1960 1901 1977 ‘⁰⁷³‘

995 2027 1062 2047 rum
1078 2012 1258 2060 ignorantiae
1271 2022 1320 2045 aut
1341 2011 1439 2044 errori
1459 2022 1523 2043 non
1543 2011 1749 2056 patrocinatur
1763 2000 1876 2059 2:⁷7⁷?sp

43 2528 187 2556 communis

34 2566 184 2601 ‚Protestan-

45 2606 165 2643 tiumftn-

46 2653 124 2674 tenna
133 2648 174 2673 de-

40 2685 162 2722 sendimr.

200 2067 317 2102 retham
329 2092 339 2107 ,
378 2066 495 2102 estsine
516 2068 604 2100 omni
615 2077 798 2114 argumento
817 2065 863 2101 vel
875 2065 959 2100 testi-

200 2129 324 2152 monio.

248 2164 430 2210 ‘IQchardus
448 2166 706 2203 fficontacutinss
733 2176 803 2198 cum
817 2165 896 2198 snio
913 2164 956 2198 vi-

202 2215 289 2250 detur
309 2217 478 2262 Magorum
496 2214 658 2248 adventum
685 2212 872 2260 postponere
898 2213 959 2246 diei

203 2264 434 2311 quadragesimo
442 2261 663 2308 purificationis
671 2274 680 2302 3
691 2260 848 2295 mordicus
855 2272 958 2294 tamen

204 2312 339 2346 adhaeret
357 2309 437 2344 festo
456 2310 683 2357 &piphamorum
701 2311 837 2355 Januarii
856 2308 957 2348 sexto,

205 2360 330 2409 quando
349 2359 447 2392 infans
461 2359 525 2392 Dei
545 2357 623 2390 filius
642 2358 744 2403 Magis
762 2357 959 2391 Bethlehemi

203 2408 394 2444 revelabatur
401 2433 410 2447 ‚
418 2407 471 2456 qui
478 2407 541 2441 haec
549 2407 629 2446 duo,
642 2406 714 2441 vere
723 2405 873 2441 contraria
881 2418 958 2440 con-

202 2459 335 2494 cordent
347 2456 407 2505 ipse
420 2457 540 2493 viderit.

254 2511 372 2557 Qarta
382 2504 526 2541 sententia
539 2504 583 2540 est
596 2504 772 2539 communis
786 2503 958 2539 protestan-

205 2558 282 2593 tium
295 2560 326 2591 in
340 2557 402 2604 qua
419 2569 478 2590 nos
492 2553 726 2603 acquies‘cimu5‚
763 2552 875 2588 venisse
888 2556 959 2588 Ma-

205 2620 263 2657 gos
277 2605 347 2654 post
359 2607 513 2640 decimum
525 2605 649 2639 tertium
663 2604 745 2638 diem
757 2603 772 2637 a
785 2614 871 2649 partu
880 2627 890 2643 ,
910 2599 960 2637 sed

205 2669 309 2693 tamen
333 2666 402 2689 ante
431 2653 694 2702 quadragesimum
726 2652 959 2700 purificationis.

208 2711 289 2756 Qae
301 2705 398 2739 tribus
411 2705 566 2751 prioribus
577 2702 731 2737 sententiis
738 2702 907 2737 evertendis
916 2712 960 2736 at-

206 2758 348 2795 tulimus,
372 2754 444 2788 huic
457 2764 568 2801 quartae
581 2753 765 2786 stabiliendae
778 2750 958 2791 inserviunt,

207 2819 265 2840 nec
279 2817 314 2840 ea
326 2815 515 2851 repetemus,
533 2802 634 2850 paucis
647 2801 767 2835 tantum
774 2800 959 2847 quodaqui-

207 2854 331 2889 busdam
345 2854 491 2898 objicitur
502 2853 662 2886 diluamus.

255 2904 287 2937 Si
302 2905 490 2950 Magorum,
505 2902 665 2950 inquiunt,
679 2899 823 2934 adventus
830 2895 960 2931 anteces-

208 2951 284 2987 sisset
300 2951 564 2999 purificationem,
587 2962 655 2986 tum
672 2962 708 2984 ex
727 2960 802 2982 auro
822 2951 853 2983 &
871 2947 961 2981 donis

208 3006 378 3049 Magorum
395 2999 479 3034 facile
488 2999 586 3036 fuisset
598 2999 710 3047 Iosepho
723 3002 753 3033 &
766 2999 879 3031 Mariae
892 3009 960 3042 pre-

210 3051 316 3086 tiosius
336 3048 512 3084 sacrificium
540 3063 597 3096 pro
617 3048 747 3084 Christo
766 3044 909 3081 obtulisse
930 3046 962 3078 in

211 3099 330 3147 templo
344 3098 436 3145 quzim
449 3111 499 3146 par
511 3109 674 3132 turturum.
701 3096 796 3145 Resp.
818 3097 916 3130 Dona
928 3095 961 3128 li-

211 3162 260 3184 cet
272 3162 307 3184 ex
321 3146 462 3182 thesauris
484 3151 652 3196 Magorum
675 3147 872 3195 deprompta,
898 3156 963 3178 non

211 3198 333 3235 fuerunt
345 3209 437 3238 tanta,
451 3208 484 3232 ut
495 3197 606 3232 statum
617 3197 684 3233 vitae
696 3196 845 3244 Iosepho&
853 3196 965 3229 Maria

996 2061 1206 2109 Euangelista‚
1229 2059 1379 2094 narrando
1398 2057 1532 2104 ipsorum
1552 2057 1748 2094 sententiam:

995 2125 1061 2159 quae
1075 2111 1250 2145 Diaboli&
1262 2108 1469 2157 perversissimi
1482 2107 1647 2144 hominum
1660 2107 1750 2143 falsis-

994 2161 1242 2209 simeloquuntur
1257 2157 1468 2205 &impiissime
1478 2168 1611 2203 patrant,
1635 2171 1668 2192 ea
1683 2159 1747 2192 Dei

995 2211 1122 2246 verbum
1130 2209 1279 2245 verissime
1287 2213 1315 2243 &
1325 2206 1502 2241 sanffiffime
1510 2208 1623 2241 recitat.
1647 2207 1747 2257 Qod

994 2257 1093 2292 miseri
1106 2258 1155 2291 isti
1167 2257 1304 2292 infideles
1316 2254 1468 2291 malitiose
1482 2256 1610 2290 Christo
1624 2257 1746 2302 obgan-

994 2308 1139 2341 niverunt
1157 2305 1195 2340 de
1218 2306 1416 2354 quadraginta
1438 2302 1486 2339 sex
1503 2306 1590 2339 annis
1609 2305 1747 2340 aedificati

993 2356 1101 2401 templi
1114 2355 1189 2388 nihil
1202 2355 1325 2401 probat,
1341 2367 1398 2387 nec
1405 2366 1580 2400 quenquam
1587 2365 1748 2400 gravatne-

994 2405 1162 2451 gligentem
1175 2413 1226 2437 aut
1243 2413 1405 2449 negantem
1418 2414 1543 2448 pravum
1556 2401 1691 2448 ipsorum
1703 2413 1747 2437 te-

995 2452 1196 2492 stimonium,
1222 2452 1360 2498 inprimis
1373 2451 1404 2484 in
1423 2451 1565 2486 doGtrinfi
1578 2452 1747 2498 temporis,

996 2502 1050 2536 ubi
1070 2501 1235 2536 doftissimi
1248 2500 1429 2548 Judaeorum
1448 2504 1479 2535 &
1494 2502 1585 2534 etiam
1600 2500 1748 2535 Christia-

996 2563 1109 2586 norum
1122 2551 1158 2584 ad
1171 2550 1252 2584 hunc
1265 2550 1349 2584 diem
1361 2561 1454 2596 pauca
1467 2549 1565 2588 certo,
1576 2550 1706 2596 liquido,
1716 2555 1747 2584 δε

996 2601 1109 2648 absque
1119 2598 1325 2634 controversia
1336 2599 1538 2633 determinare
1548 2598 1747 2646 sepossepro-

996 2650 1136 2685 fitentur:
1150 2650 1251 2697 itaque
1265 2661 1329 2682 non
1343 2649 1430 2695 pauci
1440 2658 1544 2693 putant
1553 2648 1748 2696 negligendas

995 2711 1186 2746 quaecunque
1198 2711 1234 2733 ex
1253 2697 1423 2733 infidelium
1441 2697 1554 2732 horum
1570 2698 1749 2744 Judaeorum

994 2749 1083 2783 dieto
1096 2747 1279 2796 quaestiones
1291 2748 1367 2781 oriri
1379 2746 1512 2794 possunt.
1526 2750 1559 2780 In
1568 2748 1623 2781 hac
1631 2746 1748 2782 senten—

994 2798 1169 2833 tiainvenio
1181 2801 1353 2844 Lyrasmm,
1373 2797 1544 2841 Pchmm,
1565 2799 1749 2830 Emmanue-

995 2849 1052 2880 lem
1066 2849 1123 2882 Sa,
1142 2850 1173 2880 &
1186 2849 1304 2881 Lucam
1316 2845 1503 2894 Brugensem
1515 2870 1524 2885 ‚
1541 2846 1576 2880 ad
1590 2845 1666 2880 hanc
1678 2844 1750 2880 clas-

998 2895 1059 2930 sem
1072 2893 1225 2930 referendi
1238 2896 1378 2931 videntur
1387 2921 1396 2935 ,
1422 2896 1474 2942 qui
1487 2908 1595 2929 omnes
1608 2895 1656 2930 hic
1670 2909 1751 2943 quae-

997 2945 1110 2979 stiones
1122 2944 1300 2986 transiliunt,
1316 2947 1348 2979 in
1358 2958 1422 2992 quo
1436 2957 1566 2979 numero
1580 2943 1645 2979 sunt
1658 2948 1751 2994 φη]-

997 2996 1042 3028 lus
1060 2995 1304 3030 eAlexandrinus
1315 3020 1324 3034 ‚
1358 2998 1460 3028 lamus
1469 3018 1477 3030 ‚
1517 2991 1750 3042 Cartvvrtghtm

997 3046 1147 3090 Heinsius,
1164 3045 1356 3083 Hermo-adm,
1382 3046 1593 3078 Annotatores
1606 3045 1751 3091 Anglica-

998 3096 1028 3128 ni
1043 3095 1176 3142 primi&
1189 3094 1247 3127 alii.
1275 3093 1399 3143 Qibus
1411 3094 1528 3127 animus
1535 3093 1577 3127 est
1587 3093 1661 3127 istos
1669 3093 1750 3141 sequi

999 3144 1086 3178 omni
1100 3141 1127 3178 se
1142 3143 1283 3178 molestia
1296 3141 1397 3177 secure
1409 3142 1570 3184 abdicant,
1594 3141 1644 3177 sed
1658 3144 1751 3177 nobis

998 3205 1063 3228 non
1087 3193 1185 3240 placet
1205 3192 1283 3228 istud
1301 3189 1520 3240 laborifugium
1534 3217 1545 3233 ‚
1581 3191 1648 3228 tum
1666 3192 1753 3239 quod

1652 3252 1757 3275 caetera
