2048 3343
112 2248 237 2275 Pertinaci

111 2289 257 2322 mcogitanti

111 2326 253 2353 obtruditur

112 2368 251 2403 Imperium.

271 116 314 142 22
628 82 1030 129 Opnn1sH

271 168 372 215 aperte
387 164 413 200 se
426 166 497 199 dans
511 164 540 198 in
556 163 661 197 omnia
673 163 745 196 vitia
758 160 943 208 praecipitem
956 181 964 194 ,
989 155 1029 190 eo

273 218 393 252 devenit
406 216 487 252 odii,
508 225 540 246 ut
554 211 612 260 ipsa
627 210 712 246 soror
728 212 843 245 Lucilla
857 220 927 243 cum
937 211 1028 241 Pom-

273 270 383 313 peiano
397 266 506 298 marito
523 267 553 297 ὃ(
568 262 712 309 pleraque
725 260 884 294 nobilitate
894 283 903 297 ,
917 259 949 290 in
958 269 1029 290 eum

273 315 475 360 conjurarint.
502 313 707 362 ant'ianm
720 310 773 356 qui
790 307 917 341 feriendi
931 309 1030 353 Impe-

273 369 381 399 ratoris
396 374 493 409 partes
505 361 679 408 susceperat,
698 359 715 393 ὲ
728 359 903 405 longinquo
917 357 1028 403 pugio*

273 427 344 448 nem
358 413 511 446 ostentans
524 412 539 445 a
552 411 700 445 militibus
714 406 870 442 confossus
884 406 927 440 est
944 415 1027 438 ante‘

273 475 365 510 quam
378 459 580 500 consoderet;
599 459 670 493 hinc
686 460 742 492 lata
757 456 943 491 Commodo
951 465 1026 501 por-

273 524 301 546 ta
314 513 409 559 patuit
422 509 626 544 interficiendi
639 507 800 542 senatores.
942 551 948 557 .

327 563 487 594 Perenmm
507 558 682 593 Commodi
702 557 809 590 oculus
827 562 1027 599 praetorlano-

274 624 341 645 rum
355 607 518 644 Praefeetus
533 621 568 642 ex
583 606 820 655 proscriptorum
829 600 1025 634 bonisinim-

273 657 410 694 mensum
423 658 504 693 dives
518 659 555 692 de
568 656 700 701 imperio
719 652 860 697 cogitans
874 650 993 683 tollitur
1010 649 1027 683 ὲ

273 710 397 744 medio:
411 708 516 744 eadem
531 706 652 740 fortuna
667 701 724 736 fuit
739 701 868 733 aliorum
885 699 939 745 qui
951 710 1025 732 eun-

273 760 344 793 dem
352 748 457 804 postea
469 753 680 803 gratiaelocum
693 759 871 784 tenuerunt:
889 748 1028 780 Cleander

274 807 498 843 &tumultuante
512 801 631 850 populo
639 801 670 834 in
679 799 777 834 oculis
786 796 961 833 Commodi
969 794 1027 832 dis-

274 866 394 901 cerptus
407 853 460 888 est.

319 903 464 938 Tandem
483 902 611 934 Martia
629 899 772 947 pellicum
790 894 978 932 dileffislima
996 894 1034 928 in·

271 952 481 989 necandorum
501 950 643 999 catalogo
664 947 750 983 suum
769 948 874 982 videns
887 957 1003 979 nomen
1016 968 1026 984 ,

272 1016 343 1038 cum
351 1005 426 1036 Laeto
438 1000 694 1049 praetorianorum
701 995 852 1033 Praefeffm
865 995 944 1029 inito
952 1006 1029 1028 con-

272 1053 338 1088 filio
349 1063 501 1088 venenum
514 1050 692 1097 imperatori
707 1048 873 1095 propinat,
886 1057 956 1079 cum
964 1056 1031 1091 quo

271 1103 347 1138 dum
366 1102 472 1149 vigore
492 1102 620 1144 juventae
649 1097 779 1132 lu&atur
792 1121 802 1136 ,
835 1107 873 1129 ne
891 1095 1032 1129 evaderet

273 1162 426 1190 metuens,
435 1152 591 1188 Martia
606 1146 792 1197 Qrczffitm
811 1144 954 1179 athletam
972 1143 1032 1177 im-

273 1202 383 1236 mittit,
405 1201 458 1246 qui
471 1197 614 1234 miserum
628 1196 837 1244 strangulavit:
860 1207 896 1229 ex
910 1194 1031 1240 crapula

273 1251 499 1299 apoplefficum
514 1245 656 1294 expirasse
670 1248 700 1280 in
714 1246 821 1292 vulgus
834 1241 963 1290 sparsum
977 1242 1030 1277 est.

319 1301 482 1336 Herculem
495 1296 659 1345 aliquando
674 1296 734 1330 dici
748 1293 776 1328 se
791 1294 905 1332 voluit,
926 1297 956 1327 δι
966 1304 1041 1330 tum,

274 1362 344 1384 cum
364 1350 448 1383 clava
461 1361 495 1383 ac
507 1348 605 1381 leonis
618 1346 695 1392 pelle
709 1345 770 1379 vias
787 1342 1032 1390 perambulabat:

274 1398 347 1432 alias
369 1398 559 1432 eAmazomLs
573 1395 684 1442 placuit
697 1394 819 1428 habitus
835 1392 878 1426 ob
893 1404 1033 1426 amorem

273 1450 410 1482 Martia.
435 1447 594 1494 Imperavit
608 1445 692 1478 annis
701 1442 884 1481 duodecim,
899 1442 974 1476 vixit
981 1442 1032 1476 tri-

273 1498 358 1545 ginta
373 1497 465 1530 duos:
486 1498 522 1531 ea
534 1493 691 1542 sagittandi
707 1491 815 1539 periti&
826 1489 884 1525 fuit
895 1495 927 1526 &
941 1492 985 1531 vi,
1000 1501 1033 1525 ut

273 1546 427 1580 destinatis
439 1544 555 1579 iet-ibus
568 1568 578 1583 ,
610 1555 666 1576 nec
684 1541 821 1588 repetitis
841 1542 873 1574 in
891 1540 1032 1581 theatro,

272 1597 379 1630 leones
391 1620 400 1634 ‚
427 1607 460 1629 ac
472 1591 666 1642 quascunque
678 1588 759 1625 feras
772 1590 970 1641 trucidaretu-

319 1643 508 1678 Herodianm
521 1646 554 1677 &
566 1645 650 1678 Dion
661 1639 821 1689 scriptores
833 1639 1033 1688 praestantissi-

273 1696 338 1732 mi,
364 1692 552 1729 Commodo
571 1691 718 1727 coaetanei
730 1715 741 1731 ,
771 1691 802 1724 in
821 1693 885 1735 ejus
903 1688 1033 1725 historia

273 1746 367 1779 multa
380 1741 582 1778 diversimode
595 1738 742 1777 referunt.
779 1737 934 1775 Observat
946 1738 1031 1774 τεξὶὲ

273 1797 428 1828 Ἑανοηίιω
441 1819 451 1834 ,
482 1794 568 1841 quod
586 1792 629 1828 est
641 1791 779 1839 inprimis
798 1789 981 1830 notandum,
1000 1790 1031 1824 in

274 1847 387 1878 Marci
399 1845 520 1877 Aurelii
532 1843 643 1890 optimi
651 1840 846 1890 Imperatoris
854 1839 916 1875 vita
924 1851 1033 1887 quam-

274 1894 405 1940 plurima
417 1893 572 1940 perpessos
585 1892 778 1926 Christianos
788 1915 798 1929 ‚
822 1891 853 1923 in
871 1891 1032 1924 Commo-

274 1943 306 1976 di
319 1953 421 1976 tamen
434 1941 626 1976 crudelissimi
645 1942 766 1988 tyranni
779 1939 886 1974 diebus
900 1940 1033 1974 omnino

274 1991 352 2025 nihil
365 2016 374 2030 ,
401 1991 504 2027 divina
520 1989 726 2025 misericordia
745 1989 809 2024 hoc
823 2000 1006 2036 procurante
1023 2013 1034 2030 ‚

274 2039 323 2075 seu
337 2053 391 2087 per
404 2042 560 2076 Martia
573 2039 756 2074 concubinae
768 2040 800 2073 in
813 2036 1031 2074 Ecclefiamfa-

273 2103 402 2130 vorem,
431 2088 479 2124 seu
498 2091 602 2137 potius
616 2088 732 2123 incuffo
751 2087 976 2136 percussoribus
993 2089 1031 2123 de

274 2138 372 2185 seipsis
385 2139 774 2186 quotidieatyrannometu
782 2162 792 2179 ‚
805 2150 858 2185 per
866 2151 959 2187 quem
966 2150 1031 2173 non

275 2187 397 2223 vacabat
410 2188 474 2220 aliis
485 2188 587 2221 turbas
601 2201 712 2222 creare.

322 2237 463 2270 Pertinax
477 2236 576 2270 liberti
585 2236 663 2269 filius
671 2237 946 2270 Arithmetieamin
953 2249 1029 2282 pue-

275 2286 343 2319 ritia
362 2285 466 2319 didicit
486 2285 532 2319 ob
552 2285 643 2331 patris
664 2295 868 2319 mercaturam
882 2307 892 2321 2
922 2283 1029 2331 postea

276 2335 519 2368 Grammaticam
533 2334 639 2367 docuit
650 2358 660 2372 ,
685 2331 782 2367 causas
795 2334 858 2381 egit
870 2357 880 2372 ,
905 2334 937 2366 in
950 2333 1031 2366 mili-

276 2385 350 2418 tiam
358 2384 422 2422 ivit,
435 2383 466 2416 in
476 2381 577 2433 Syriai,
591 2381 888 2422 BritannissDacid,
903 2386 1029 2416 Germa-

275 2432 329 2467 m'ci
347 2431 487 2466 inferiori
499 2444 553 2479 per
566 2444 675 2466 omnes
688 2432 811 2466 ordines
829 2430 975 2466 ascendit:
989 2431 1028 2465 ab

275 2484 401 2517 Aurelio
418 2484 503 2530 Syriae
521 2485 553 2516 &
568 2482 657 2525 osfffiae
669 2504 679 2520 ,
704 2480 791 2526 quod
809 2481 977 2515 maximum
995 2481 1026 2514 in

277 2533 502 2567 militiamunus
516 2541 593 2570 erat,
608 2527 774 2565 Praefeetus
781 2529 826 2564 est
833 2531 1027 2570 constitutus,

276 2582 445 2628 imperante
458 2578 611 2625 Cbmmodo
624 2579 797 2626 aliquandiu
811 2580 939 2615 exulavit
951 2610 962 2626 ‚
981 2593 1029 2615 re-

275 2643 398 2666 vocatus
417 2630 453 2664 ad
470 2628 706 2676 compescendas
724 2629 884 2675 legionum
903 2626 1029 2664 seditio-

275 2692 328 2713 nes
342 2680 508 2714 mittiturin
520 2680 727 2712 Britanniam:
738 2677 788 2711 hic
801 2678 968 2712 comitibus
976 2692 1029 2713 ne-

277 2730 349 2762 catis
363 2727 422 2776 ipse
436 2727 517 2777 quasi
537 2738 678 2761 mortuus
695 2727 774 2760 inter
792 2726 934 2761 cadavera
953 2728 1029 2761 deli‘

277 2779 351 2816 tuit,
366 2791 438 2812 mox
450 2789 552 2812 tamen
565 2787 702 2824 pacatum
715 2776 881 2811 exercitum
894 2775 973 2810 caesis
980 2789 1029 2811 re-

278 2827 408 2861 bellibus
424 2828 567 2874 reliquit,
586 2827 616 2860 in
635 2825 781 2870 Africam
793 2824 955 2872 praefefims
968 2827 1027 2860 itu-

278 2888 328 2909 rus
342 2891 349 2910 :
369 2876 440 2911 hinc
459 2878 598 2910 Romam
615 2873 745 2909 reversus
760 2875 855 2910 Urbis
867 2873 1025 2922 praest&us

279 2923 378 2958 fastus
391 2925 435 2959 est
447 2950 456 2963 ‚
480 2926 621 2973 quotidie
638 2936 747 2958 necem
769 2923 785 2958 a
804 2921 957 2968 Commodo
975 2938 1027 2959 ex-

281 2976 412 3019 ptftanti
437 2976 597 3009 nunciatur
616 2973 712 3008 noste
731 2973 831 3008 mediti
850 2972 945 3008 adesse
964 2977 1026 3009 Lae-

281 3031 361 3058 tum,
386 3025 466 3057 mori
484 3036 677 3071 nequaquam
696 3023 806 3058 dubius
822 3025 899 3068 jacet
912 3023 1026 3069 irnper-

282 3072 401 3104 territus
414 3096 423 3111 ‚
458 3079 489 3109 δι
508 3074 806 3121 appropinquantem
823 3076 937 3108 Latum
956 3085 1025 3107 exe-

280 3120 335 3174 qui
350 3117 465 3153 securus
478 3122 563 3164 jubet
575 3123 714 3157 mandata
726 3123 865 3157 Domini
879 3124 1026 3170 quaejam-

280 3168 332 3202 diu
345 3169 539 3216 expefflrffet:
551 3170 600 3205 hic
614 3174 764 3207 Commodi
776 3182 912 3209 mortem
923 3172 1006 3208 audit
1017 3195 1028 3213 ‚

1060 93 1434 120 ISTORICI

1066 160 1096 191 &
1111 155 1267 190 Martia
1286 165 1319 187 ac
1333 155 1406 188 Lati
1418 164 1522 199 preces
1536 162 1569 186 ut
1582 152 1744 200 imperium
1758 153 1830 186 vel-⁷
1872 172 1873 182 i

1065 206 1105 239 lct
1115 206 1251 252 accipere
1263 203 1313 237 vix
1325 214 1477 241 exoratus,
1491 202 1634 235 omniurn
1641 204 1718 237 votis
1727 203 1757 236 in
1765 204 1820 236 Se-

1065 266 1135 289 natu
1148 263 1329 300 acceptatur,
1344 263 1496 285 annorum
1505 250 1700 298 septuaginta,
1717 253 1819 299 Impe-

1065 316 1150 338 rator
1167 304 1303 338 decimus
1316 314 1427 335 nonus.

1111 354 1212 387 Prima
1225 353 1253 386 ei
1265 364 1335 386 cura
1353 352 1384 384 in
1403 349 1597 397 reprimenda
1613 349 1816 384 Praetoriano-
1829 365 1857 390 A
1871 366 1956 389 Praea-
2003 347 2007 351 ¹

1064 414 1132 436 rum
1146 400 1307 436 insolentia
1320 415 1328 434 :
1353 401 1384 434 in
1399 401 1514 435 caeteris
1526 399 1604 433 adeo
1618 398 1771 446 benignus
1785 410 1817 432 ut
1830 405 1908 430 ramas
1919 412 1963 428 ne-

1063 451 1100 484 ab
1116 450 1263 483 omnibus
1281 461 1443 485 amaretur.
1476 449 1602 484 Barbari
1622 448 1727 482 audito
1742 450 1816 482 Per·
1829 450 1902 488 ΨΜ
1923 445 1982 469 ΡΗ·
1994 456 2002 460 ’

1062 500 1193 533 tinacem
1208 511 1347 546 regnare,
1365 499 1422 532 viri
1434 509 1518 532 metu
1531 495 1689 532 confeffim
1703 498 1817 544 ubique
1830 491 1912 510 tmax.

1061 546 1266 596 deposuerunt
1278 560 1376 589 arma3
1390 546 1439 581 sed
1452 548 1711 582 Praetorianorum
1725 546 1818 594 perfi-

1062 598 1109 632 dia
1123 598 1220 633 virum
1236 597 1391 644 optimum
1405 607 1537 644 quatuor
1548 596 1686 643 integros
1700 594 1818 630 menses

1062 660 1126 681 non
1139 647 1204 681 sivit
1218 648 1382 693 imperare:
1398 646 1472 680 dum
1485 643 1616 679 seditiosi
1630 645 1748 693 aliquot
1755 646 1818 692 pleq

1062 698 1229 736 (iterentur,
1243 697 1290 730 alii
1300 695 1359 729 sine
1374 697 1464 731 morai
1472 696 1576 729 armati
1585 705 1676 728 ruunt
1689 696 1720 728 in
1733 695 1818 730 Pala-

1061 748 1138 780 tium
1148 771 1157 785 ‚
1170 746 1308 780 Pertinax
1322 744 1427 792 fugere
1439 746 1469 778 in
1477 745 1585 778 urbem
1594 768 1603 781 ‚
1618 743 1818 779 vellaterein-

1062 795 1209 829 decorum
1222 794 1394 829 existimans
1412 794 1516 841 prodit
1534 795 1659 828 inermis
1676 819 1686 834 ‚
1712 799 1742 829 &
1755 795 1817 841 pri-

1063 857 1132 878 mos
1145 843 1294 877 orationis
1308 843 1461 887 majestate
1474 842 1672 890 compescens
1685 843 1701 877 a
1714 843 1817 890 poste-

1062 893 1196 927 rioribus
1209 891 1393 926 irruentibus
1407 890 1596 926 confoditur.
1627 895 1670 927 Ita
1681 891 1815 940 sapiens,

1063 941 1165 982 fortis,
1180 942 1311 976 dileetus
1327 941 1507 988 imperator,
1519 942 1633 975 Romae
1646 943 1751 976 medio
1764 942 1814 976 die

1063 993 1078 1027 a
1091 992 1238 1027 militibus
1252 992 1319 1039 plus
1331 992 1431 1025 minus
1443 991 1589 1025 trecentis
1602 991 1664 1027 vita
1683 992 1814 1039 privatur

1063 1047 1094 1077 &
1107 1041 1240 1090 imperio
1246 1064 1255 1080 ,
1269 1041 1362 1088 idque
1375 1040 1500 1076 inultus.

1115 1093 1148 1126 ln
1164 1090 1266 1126 castris
1286 1091 1460 1139 aliquandiu
1473 1099 1559 1125 metu
1573 1089 1678 1138 populi
1693 1088 1722 1125 se
1741 1102 1815 1124 con-
1827 1094 1941 1122 Iulianas
1955 1095 1975 1123 a

1065 1141 1163 1176 tinent
1176 1141 1353 1176 Praetoriani
1365 1138 1450 1187 „sed
1462 1153 1536 1174 mox
1550 1140 1588 1174 de
1606 1139 1738 1174 turribus
1757 1140 1817 1174 cla·
1830 1137 1963 1179 Pretoriu-

1065 1201 1150 1225 mant
1161 1192 1264 1226 venale
1277 1190 1439 1237 imperium
1447 1215 1457 1230 ‚
1476 1189 1558 1224 adest
1570 1189 1607 1223 ab
1621 1189 1709 1224 Urbe
1721 1191 1818 1238 Sulpi-
1830 1184 1871 1240 ΖΞ
1884 1185 1937 1241 '1⁷⁷⁹'
1937 1185 1982 1202 ca-

1064 1243 1162 1274 tianus
1177 1237 1343 1275 Praefe&us
1355 1241 1519 1275 Pertinacis
1531 1238 1631 1274 socer:
1651 1239 1753 1273 Didio
1761 1240 1819 1285 Ju-
1831 1222 1975 1282 raa-„3224

1065 1290 1146 1324 liano
1159 1287 1288 1324 senatori
1302 1288 1546 1337 pecuniosissimo
1559 1288 1718 1336 prandenti
1731 1288 1820 1323 affer-
1830 1295 1961 1323 occiditur.

1065 1350 1113 1373 tur
1125 1340 1300 1374 licitationis
1320 1340 1467 1375 nuncium
1479 1363 1489 1378 ‚
1516 1351 1550 1373 ac
1568 1338 1705 1374 convivis
1718 1338 1754 1372 ad
1767 1351 1820 1372 au-

1066 1390 1204 1424 &ionem
1216 1389 1408 1436 propellitur,
1416 1387 1498 1422 adest
1506 1388 1543 1423 ad
1551 1386 1654 1427 castra,
1669 1390 1820 1432 majorem

1064 1439 1227 1486 Sulpitiano
1241 1437 1388 1474 summam
1403 1436 1517 1478 offert;
1536 1437 1670 1476 auditur,
1691 1435 1772 1471 scalis
1790 1438 1821 1470 in

1065 1487 1158 1522 castra
1171 1487 1360 1535 protrahitur
1367 1511 1377 1526 ,
1402 1487 1544 1520 adoratur
1558 1489 1731 1532 Imperator
1747 1499 1756 1525 3
1774 1498 1822 1519 ar-

1065 1538 1139 1571 mati
1152 1538 1307 1571 deducunt
1318 1537 1350 1570 in
1363 1538 1519 1575 Senatum,
1528 1534 1600 1568 hinc
1613 1535 1645 1568 in
1659 1534 1823 1576 Palatium3

1066 1587 1208 1635 populus,
1217 1586 1395 1634 ubicunque
1402 1585 1550 1633 prodiret,
1557 1594 1734 1619 execrantur
1740 1597 1824 1618 mer-

1067 1647 1214 1675 catorem,
1226 1636 1338 1683 patitur
1350 1634 1412 1670 sine
1424 1635 1468 1669 ira
1477 1634 1698 1673 contumelias,
1716 1633 1823 1668 militi-

1067 1687 1124 1721 bus
1137 1685 1224 1734 quod
1236 1685 1372 1733 pollicita
1386 1697 1451 1719 non
1464 1683 1629 1732 praestaret,
1650 1695 1725 1717 mox
1737 1682 1773 1717 fit
1784 1696 1823 1716 o-

1067 1737 1133 1776 dio,
1139 1736 1324 1771 Pannonicae
1331 1735 1469 1783 legiones
1480 1736 1657 1784 Septimium
1663 1735 1825 1774 Severum3

1067 1786 1192 1833 Syriacae
1209 1785 1429 1830 ‘Peftenm'num
1449 1785 1600 1833 Q'grum
1617 1786 1823 1831 Imperatores

1066 1835 1209 1871 statuunt.
1233 1838 1360 1869 Severus
1372 1832 1491 1869 festinat
1503 1835 1534 1868 in
1546 1833 1823 1879 Italiam‚Julianus

1068 1897 1149 1933 parat
1162 1887 1205 1920 ire
1218 1885 1355 1925 obviam,
1369 1882 1419 1919 sed
1427 1881 1647 1918 Praetorianiad
1659 1880 1822 1916 seditiones

1066 1937 1199 1984 aptiores
1213 1948 1307 1984 quarn
1318 1934 1355 1969 ad
1368 1946 1501 1982 pugnas,
1519 1930 1635 1967 diutinzi
1647 1943 1720 1978 pace
1732 1928 1824 1964 effoe-

1066 1987 1172 2021 minati
1186 1986 1296 2020 animis
1309 1984 1416 2019 cadere
1428 2008 1439 2023 ‚
1464 1981 1578 2017 recusat
1590 1983 1717 2015 Severus
1726 1979 1824 2027 Julia-

1065 2049 1140 2071 num
1153 2036 1316 2084 collegam,
1328 2033 1451 2069 tandem
1464 2034 1591 2067 Senatus
1605 2031 1734 2078 inopem
1746 2041 1824 2063 con-

1066 2086 1120 2120 filii
1135 2086 1292 2135 Julianum
1311 2097 1439 2120 cernens
1452 2108 1462 2123 ‚
1492 2093 1526 2116 ut
1543 2080 1703 2127 indignum
1722 2079 1822 2123 impe-

1065 2137 1115 2170 rio
1128 2137 1312 2183 deponunt,
1337 2138 1483 2168 Severum
1501 2129 1704 2178 pronunciant
1719 2128 1821 2172 Impe-

1066 2196 1201 2220 ratorem
1216 2199 1223 2219 :
1244 2182 1432 2231 percussores
1446 2178 1568 2214 immiffi
1577 2177 1734 2224 Julianum
1747 2187 1819 2209 cum

1063 2235 1169 2266 amicis
1183 2234 1355 2278 plorantem
1368 2229 1525 2263 inveniunt
1536 2228 1566 2261 in
1574 2227 1705 2265 Palatio,
1721 2228 1751 2259 &
1760 2224 1819 2258 ob-

1061 2290 1201 2314 truncant
1213 2278 1342 2327 septimo
1354 2275 1597 2324 Imperiimense.
1622 2278 1747 2311 Severus
1756 2276 1816 2308 Im-
1829 2293 1937 2317 gemm,

1062 2340 1185 2376 perator
1197 2328 1358 2375 vigcfimus
1372 2328 1488 2374 primus
1500 2325 1594 2372 Lepti
1608 2324 1638 2357 in
1652 2321 1755 2360 Africa
1763 2335 1816 2356 na-
1830 2333 1959 2358 Praetoria-

1062 2389 1109 2412 tus
1122 2378 1168 2413 vir
1179 2378 1312 2412 literatus
1325 2377 1529 2424 &eloquens,
1548 2372 1674 2408 decurso
1683 2384 1753 2407 toto
1761 2371 1816 2406 sta·
1829 2381 1869 2397 ⁷⁷05
1878 2381 1957 2415 exaa-

1061 2428 1114 2462 dio
1127 2438 1189 2462 tam
1202 2428 1379 2461 militarium
1396 2425 1489 2474 quam
1501 2435 1673 2472 togatarum
1686 2423 1817 2470 dignita—
1829 2412 1947 2438 5⁰'aw''

1061 2489 1146 2514 tum,
1164 2476 1282 2512 summa
1300 2473 1494 2510 festinatione
1512 2476 1652 2509 Romam
1670 2484 1816 2519 propera-

1061 2528 1119 2563 vit:
1127 2538 1290 2574 antequam
1302 2526 1424 2561 intravit
1430 2524 1549 2560 urbem,
1559 2523 1761 2558 Praetorianos
1770 2522 1816 2555 in-

1061 2590 1162 2611 ermes
1174 2576 1252 2622 juffit
1264 2587 1441 2615 occurrere,
1455 2578 1487 2609 &
1499 2570 1816 2618 circumclusoslegio-

1061 2627 1150 2661 nibus
1164 2625 1221 2661 suis
1233 2626 1384 2673 pugiones
1398 2637 1431 2658 ac
1444 2622 1524 2671 sagas
1543 2623 1700 2669 deponere
1713 2645 1723 2661 ‚
1748 2632 1814 2654 tum

1062 2675 1265 2710 damnationis
1289 2674 1363 2708 dixit
1386 2673 1563 2707 sententiam
1576 2696 1586 2711 ‚
1618 2669 1813 2717 deponendas

1062 2727 1165 2760 zonas
1178 2750 1189 2764 ,
1220 2727 1253 2758 &
1272 2724 1380 2758 Roma
1399 2733 1523 2757 centum
1546 2720 1715 2756 miliaribus
1739 2729 1814 2752 exu-

1061 2775 1192 2809 landum.

1107 2825 1253 2859 Proxima
1264 2835 1334 2858 cura
1346 2822 1404 2858 fuit
1418 2824 1449 2857 in
1460 2822 1564 2866 Asiam
1570 2828 1749 2866 properare3
1764 2815 1813 2851 sed
1826 2813 1949 2860 Albiaum

1061 2886 1099 2908 ne
1119 2874 1253 2907 Albinus
1274 2886 1345 2907 cum
1364 2870 1576 2918 potentissimis
1594 2867 1755 2902 Britanniae
1769 2867 1809 2900 le·
1817 2854 1916 2892 fiscella.

1060 2922 1205 2969 gionibus
1224 2921 1253 2955 se
1266 2923 1372 2967 procul
1387 2919 1506 2954 absente
1521 2918 1661 2951 Romam
1677 2929 1811 2962 occupa-

1060 2981 1106 3006 ret
1119 2995 1129 3011 ,
1153 2982 1223 3006 eum
1243 2982 1278 3003 ex
1292 2969 1418 3003 Senatfis
1432 2965 1580 3001 sententia
1592 2964 1742 3001 Caesarem
1755 2965 1811 2999 sibi

1061 3020 1092 3054 in
1109 3020 1244 3067 Imperio
1265 3018 1417 3065 collegam
1435 3015 1614 3051 constituit:
1635 3013 1704 3062 post
1716 3015 1811 3049 multa

1061 3083 1131 3106 curn
1144 3068 1300 3116 Nigrianis
1313 3066 1440 3101 ducibus
1453 3067 1484 3099 in
1502 3063 1575 3109 Afid
1588 3063 1715 3099 secunda
1726 3076 1810 3111 proe-

1060 3121 1113 3159 lia,
1126 3119 1247 3153 tandem
1255 3118 1285 3150 in
1300 3118 1402 3150 Cilicia
1411 3115 1563 3150 littoribus
1572 3114 1608 3150 ad
1614 3114 1730 3148 Issicum
1738 3113 1810 3146 hor-

1061 3169 1141 3205 ribili
1152 3165 1316 3204 commissa
1328 3169 1431 3215 pugna
1438 3177 1547 3203 omnes
1555 3166 1646 3213 thri
1652 3159 1810 3244 copiasdsu-

1768 3220 1789 3243 it
1804 3226 1811 3244 2
