2048 3343
98 1691 202 1721 Petavii
217 1691 250 1724 &a

99 1734 243 1769 Spavhemrt'

100 1773 136 1799 ad
150 1772 195 1798 huc
209 1783 253 1798 sir-

95 1820 244 1849 gurssemum

101 1852 254 1888 responsiones

101 1892 254 1929 refictamur.

173 1942 183 1959 1
191 1952 196 1958 .

244 87 282 136 33
626 73 922 113 OPERrs

243 158 304 206 pejo
317 178 327 193 ,
352 156 381 186 &
396 154 483 184 Sexto
497 148 621 196 Apttlejo
638 160 648 178 :
672 145 711 179 ab
724 157 763 178 eo
777 143 826 177 die
839 155 897 190 pro
912 153 1001 175 more

245 207 465 239 Romanorum
475 223 483 238 ‚
504 196 581 243 apud
594 208 675 243 quos
688 191 890 228 successorum
906 193 1004 237 impe-

245 254 288 287 ria
303 249 555 285 numerabantur,
577 244 677 278 statim
691 244 707 278 a
720 241 910 277 decessorum
924 241 1005 274 exitu

247 302 343 348 coepit
359 298 475 332 Tiberii
489 296 672 342 imperium,
695 294 735 327 ita
749 303 781 325 ut
806 290 927 324 Tiberii
945 290 1006 337 pri-

247 363 333 388 mus,
363 348 498 394 Angusta·
516 345 657 383 ultimus,
678 348 708 377 &
723 340 841 375 Christi
854 340 1008 374 decimus-

247 398 345 434 sextus
367 405 595 430 concurrerent.
631 391 719 426 Istius
732 391 801 424 anni
819 388 1008 437 Septembris

247 447 394 483 vicesimo
413 445 542 492 septimo
564 442 673 476 accidit
699 438 870 474 universalis
892 436 1008 483 eclipfis

248 499 326 532 lunae
340 495 503 530 secundum
524 495 659 529 ‘Dionem
672 515 681 530 ,
712 491 868 527 mitum,
890 492 920 522 &
934 487 1009 518 alios

248 545 416 581 historicos
434 543 490 577 hac
508 543 539 576 in
558 554 591 575 re
610 553 676 574 non
695 539 795 573 dubia:
808 537 879 570 fidei
895 550 902 569 :
928 545 1009 567 anno

248 595 324 631 vero
339 593 484 641 superiori
501 593 515 636 ζ
519 601 610 637 prout
624 603 659 623 ex
675 592 771 621 Dione
783 583 943 627 &Enfi’l'u'o
955 581 1010 615 ha-

250 646 307 680 bet
323 646 477 677 Petamus
499 641 552 674 lib.
565 652 607 673 12.
621 640 679 683 4.)
701 634 815 680 eclipsis
829 633 920 666 Solis.
958 633 1011 664 Se-

252 694 395 729 curidum*
407 691 555 726 calculum
573 688 837 721 Astronomorum
855 682 904 715 illa
917 683 1012 714 Lunae

254 742 371 790 eclipsis
385 741 532 788 reperitur
545 739 576 770 in
589 747 670 769 anno
683 731 800 767 Christi
814 731 936 765 decimo
950 728 1013 763 sci(-

254 804 306 832 to,
321 796 351 827 &
366 791 429 824 haec
443 788 511 822 solis
525 788 556 819 in
570 785 692 831 decimo
701 782 812 829 quinto
825 795 832 814 ;
845 778 894 814 sed
907 778 1014 813 secun-

254 842 327 876 dum
346 852 435 874 aeram
453 836 611 883 vulgarem
630 845 725 866 annus
742 829 856 879 Ttbcrii
876 829 991 876 primus
1004 852 1014 867 ,

254 890 390 938 Augusti
402 887 526 921 ultimus
540 908 550 924 ‚
576 886 608 917 &
623 881 847 929 eclipsis‘Lunae
860 877 971 913 cadunt
983 879 1014 911 in

254 950 367 974 annum
381 937 702 981 decimumquartum,
722 927 877 976 &eclipsis
891 928 970 962 Solis
984 927 1015 960 in

254 989 409 1024 decimum
425 984 566 1019 tertium:
583 994 658 1029 ergo
673 980 801 1028 vulgaris
813 990 870 1013 aera
878 976 1017 1025 'sequitur

254 1050 362 1074 verum
376 1035 471 1069 natale
485 1044 516 1067 ut
530 1033 694 1067 minimum
708 1029 848 1063 biennio.

302 1084 452 1122 Praeteiea
465 1095 535 1117 cum
548 1082 684 1116 decimus
697 1078 795 1113 sextus
808 1076 926 1112 Christi
939 1088 1017 1111 con-

255 1136 356 1170 veniat
370 1147 440 1168 cum
455 1131 602 1180 effugasti
616 1131 729 1164 ultimo
745 1128 794 1162 seu
807 1125 1017 1174 quinquagesi-

257 1199 324 1222 mo,
342 1183 488 1231 septimo,
506 1181 631 1229 Juliano
645 1176 900 1226 quinquagesimo
913 1188 1017 1215 nouo,

257 1234 377 1269 Christi
398 1233 513 1280 primus
531 1230 694 1265 conveniet
712 1241 783 1262 cum
798 1227 924 1274 Juliano
943 1238 1017 1272 qua-

258 1282 429 1331 dragesimo
443 1281 551 1319 tertio,
575 1277 702 1326 Augusti
713 1275 945 1324 quadragesimo
959 1275 1020 1321 pri-

259 1346 315 1367 mo
329 1330 524 1378 Olympiadis
537 1327 707 1362 centesimae
720 1324 923 1372 nonagesimae
931 1335 1021 1371 quar-

260 1393 298 1416 tae
312 1380 463 1419 secundo,
488 1376 578 1414 Coss.
598 1378 724 1412 Lentulo
739 1380 769 1410 &
784 1374 959 1419 Meffizlz'no:
978 1383 1022 1406 at-

259 1432 314 1478 qui
327 1431 442 1478 primus
456 1441 519 1463 aerae
534 1427 663 1474 vulgaris
676 1438 741 1460 non
754 1425 900 1459 convenit
914 1435 984 1457 cum
997 1422 1024 1456 i-

259 1481 312 1514 stis
334 1480 382 1512 sed
401 1491 471 1513 cum
487 1477 614 1525 Juliano
636 1473 867 1523 quadragesimo
888 1473 1000 1520 quinto
1014 1497 1023 1512 ‚

259 1528 421 1576 Augustali
440 1525 673 1574 quadragesimo
695 1526 789 1559 tertio
803 1548 813 1564 ‚
838 1521 930 1558 Coss.
952 1521 1025 1565 Colss

261 1579 391 1613 Cornelio
404 1577 529 1613 Lentulo
543 1580 574 1611 &
587 1573 746 1623 Cizlpnrnio
765 1573 864 1617 Pisone
873 1597 883 1612 ,
910 1573 1024 1619 Olym—

264 1628 358 1677 piadis
371 1626 541 1661 centesimae
554 1623 757 1672 nonagesiinae
778 1633 890 1671 quartae
903 1633 1023 1670 quarto.

310 1676 425 1712 Adhoc
440 1685 653 1723 argumentum
662 1673 847 1709 eludendum
860 1672 1025 1720 plurimum

266 1728 398 1774 pulveris
418 1726 489 1774 post
508 1725 663 1761 Petavium
682 1722 885 1771 Spanhemius
906 1723 1026 1756 excitat.

267 1778 322 1811 Ait
335 1776 452 1824 primo,
484 1778 602 1809 Len-am
616 1772 748 1808 omnino
762 1772 1027 1808 non.connec0tere

268 1827 424 1861 decimum
449 1826 592 1872 quintum
621 1823 739 1858 Tiberii
774 1835 845 1856 cum
868 1820 1025 1857 tricefiino

268 1875 403 1915 christi,
430 1874 480 1909 scd
493 1874 613 1908 tantum
627 1886 697 1908 cum
711 1872 926 1920 praedicatione
940 1876 1027 1906 loan-

268 1927 327 1964 m‘s,
352 1937 499 1972 magnum
511 1934 614 1957 autern
627 1921 685 1957 esse
698 1921 841 1956 diastema
855 1923 933 1957 iuter
946 1923 1029 1970 capi-

268 1976 306 2009 tis
328 1975 409 2008 tertii
428 1971 543 2008 versum
562 1973 695 2019 primum
714 1972 946 2007 &tricesimum
966 1983 1027 2007 ter-

267 2025 357 2063 tium,
370 2022 436 2057 imo
445 2022 518 2058 vero
529 2023 661 2056 omnino
671 2020 778 2056 nesciri
791 2034 939 2070 quantum
948 2033 1029 2057 tem-

268 2074 353 2120 poris
372 2074 450 2107 inter
462 2074 579 2106 [omnia
595 2072 844 2119 praedicationem
863 2077 894 2107 &
912 2072 1029 2107 Christi

268 2121 452 2169 baptismum
475 2120 637 2156 effluxerit.
664 2122 804 2168 Replica.
840 2120 1030 2157 Condonfis-

219 2216 221 2218 Ι
271 2170 461 2217 semJesuitae
481 2171 651 2217 quamlibet
663 2171 839 2217 importuna
853 2182 1030 2206 commenta

270 2222 308 2254 ad
327 2219 467 2254 Ecclesiae
484 2221 636 2253 Romanae
656 2232 775 2253 errores
792 2221 926 2253 tuendos
938 2245 947 2259 ‚
980 2220 1030 2253 sed

270 2280 305 2303 ut
317 2282 350 2302 ea
363 2271 551 2302 mutuaretur
563 2267 663 2301 multo
673 2267 923 2314 praestantiffimus
934 2270 1028 2313 Span-

269 2318 390 2352 hemius
404 2330 467 2352 non
481 2315 569 2352 facile
583 2316 744 2350 condono.
776 2313 873 2349 Certe
888 2325 956 2349 ante
970 2318 1027 2349 Pe-

270 2368 385 2403 tavium
398 2391 408 2407 ‚
429 2365 576 2413 quantum
591 2366 750 2411 intelligo,
770 2365 869 2397 nullus
883 2364 931 2398 vel
944 2374 1027 2399 vete-

270 2430 338 2451 rum
350 2417 395 2450 vel
414 2415 621 2462 recentiorum
628 2438 638 2454 ‚
666 2411 714 2448 seu
728 2412 966 2448 Protestantium
980 2412 1029 2447 seu

270 2465 509 2501 Pontificioriim
517 2465 638 2499 vocavit
650 2463 816 2499 indubium
825 2476 860 2496 an
867 2463 949 2498 tertii
963 2465 1027 2497 Lu-

272 2528 306 2549 cae
325 2516 440 2560 primus
451 2514 620 2549 coliaereret
632 2526 702 2546 cum
717 2512 863 2547 vicefimo
875 2513 979 2551 tertio,
992 2524 1029 2545 an

275 2564 393 2598 szerii
404 2564 541 2598 decimus
557 2564 681 2611 quintus
699 2575 770 2596 cum
787 2560 903 2596 christi
916 2560 1030 2596 tricesi-

274 2627 329 2647 mo
348 2613 528 2648 consonaret
541 2637 551 2652 ,
576 2625 612 2646 an
631 2613 747 2645 loannis
765 2612 941 2658 praedicatio
959 2623 1031 2645 cum

275 2663 391 2696 Christi
404 2660 556 2710 baptismo
569 2661 682 2696 eodem
696 2660 799 2694 saltem
812 2672 893 2693 anno
902 2664 1031 2705 conjun-

275 2723 397 2759 geretur
412 2726 420 2752 3
441 2724 511 2745 nam
525 2711 685 2757 primarius
697 2713 783 2744 Luca
795 2707 902 2755 scopus
914 2710 969 2742 illo
982 2710 1030 2742 lo-

276 2774 315 2794 co
330 2760 372 2794 est
387 2762 474 2795 unius
493 2759 610 2795 Christi
622 2770 762 2806 tempora
775 2757 934 2804 disponere
947 2772 954 2792 :
981 2770 1031 2792 ca-

275 2810 346 2855 pitis
360 2808 479 2844 secundi
492 2807 576 2844 versu
590 2807 820 2856 quadragesimo
833 2804 966 2841 secundo
978 2820 1032 2841 an-

276 2870 350 2892 num
363 2859 479 2893 Christi
492 2859 712 2893 duodecimum
723 2867 821 2897 notat,
830 2858 936 2903 capitis
950 2857 1032 2891 tertii

278 2906 361 2941 versu
379 2908 533 2942 triccfimo
550 2908 644 2942 tertio
659 2917 673 2947 ‚‘
700 2909 764 2952 ejus
783 2906 967 2940 tricesimum
993 2905 1032 2939 si-

279 2968 348 3002 gnat
357 2980 365 2995 ‚
386 2957 422 2990 ad
435 2971 527 3003 quein
538 2957 745 2990 illustrandum
753 2955 835 2992 versu
843 2956 945 3003 primo
953 2955 1032 2988 mul-

279 3015 382 3038 torum
400 3006 485 3040 valde
503 3006 632 3054 insignes
651 3017 829 3053 temporum
843 3004 1031 3039 characteres

280 3064 446 3108 connotat,
470 3066 581 3090 annum
606 3054 718 3090 scilicet
737 3055 933 3103 Imperatoris
960 3055 1031 3088 Ro-

280 3114 364 3135 mani
383 3125 391 3139 ,
422 3114 494 3136 item
519 3115 798 3151 contemporaneos
822 3117 888 3138 non
914 3114 1031 3138 tantum

281 3150 532 3185 Gubernatorem
546 3152 652 3199 Judaeae,
665 3154 714 3190 sed
727 3155 818 3191 etiam
830 3165 891 3190 tres
904 3155 1032 3189 Tetrar-

981 62 1427 108 H'1sa‘oR101

1044 139 1113 175 thas
1128 140 1296 173 vicinarum
1317 137 1480 184 regionum
1495 159 1506 175 ,
1534 139 1565 171 δε
1580 136 1657 171 duos
1675 138 1810 185 denique

1045 189 1210 225 Pontifices
1226 202 1233 222 z
1258 186 1518 232 Chronologicos
1537 184 1631 220 hosce
1651 186 1808 222 charadie-

1045 252 1091 274 res
1107 237 1302 286 Euangelista
1317 236 1481 282 conjungit
1494 247 1565 268 cum
1578 235 1735 280 Baptismo
1755 237 1808 285 Jo-

1043 290 1128 322 anm‘s
1162 299 1359 335 nequaquam
1390 286 1421 318 in
1448 283 1577 331 gratiam
1608 283 1727 332 Joanmls
1757 286 1807 320 sed

1044 337 1162 372 Chi-isti
1178 362 1187 376 ,
1225 348 1258 370 ut
1280 349 1344 369 non
1372 344 1490 368 tantum
1516 333 1647 368 istorum
1674 335 1806 380 capitum

1046 381 1205 421 connexus
1224 384 1430 423 demonstrat,
1449 381 1500 417 sed
1513 394 1546 417 ut
1564 381 1625 430 ipse
1638 384 1728 417 etiam
1741 387 1809 418 Lu-

1047 449 1094 469 cas
1108 433 1234 480 scipsum
1247 435 1374 481 exponit
1387 434 1497 466 Aitor.
1508 444 1527 465 1.
1543 444 1594 466 20.
1619 432 1671 466 ubi
1688 444 1808 480 tempus

1049 482 1189 530 baptismi
1206 487 1238 517 &
1251 482 1474 530 praedicationis
1488 481 1605 516 Christi
1619 480 1741 529 ejusque
1756 496 1809 530 ap-

1048 533 1188 579 pareutiae
1210 533 1240 565 in
1260 532 1389 579 publico
1405 544 1536 565 munere
1556 530 1716 567 manifeste
1732 544 1810 565 con-

1046 583 1183 629 jungitur
1196 594 1266 615 cum
1279 592 1421 628 tempore
1435 579 1581 627 Baptismi
1597 580 1717 628 Joanmls
1730 604 1738 617 ,
1764 583 1806 615 ita

1049 643 1081 666 ut
1093 631 1147 665 ista
1155 630 1287 678 separare
1300 630 1440 677 inprimis
1453 640 1525 663 toto
1535 641 1637 663 annuo
1650 628 1811 665 diastema-

1047 692 1095 720 te,
1109 681 1244 715 videatur
1262 681 1353 714 nimis
1370 678 1531 713 manifesta
1543 682 1629 714 Lucae
1637 692 1812 727 repugnan-

1049 732 1100 765 tia.
1121 733 1155 763 In
1165 729 1224 764 isto
1237 730 1398 765 movendo
1409 729 1511 776 lapide
1524 728 1612 776 quod
1619 729 1664 763 vir
1672 728 1813 776 praestans

1050 790 1232 826 protervum
1248 778 1398 827 Jesuitam
1421 777 1564 826 sequutus
1579 778 1632 819 sit,
1657 791 1722 813 non
1738 791 1813 826 pro-

1052 830 1169 862 bamus.
1611 836 1614 839 ’
1855 865 1859 869 .

1098 879 1153 912 Ait
1161 876 1304 917 secundo,
1316 875 1429 910 'Ttbera'i
1436 876 1589 911 decimum
1598 878 1739 924 quintum
1747 890 1811 912 non

1052 926 1218 962 necessario
1242 939 1314 960 cum
1335 925 1455 969 Christi
1469 925 1628 960 tricesimo
1641 929 1788 962 connecti
1803 952 1813 968 ,

1053 991 1092 1012 eo
1106 976 1193 1025 quod
1208 975 1376 1010 nesciamus
1385 988 1422 1009 an
1438 975 1552 1009 szem·
1564 988 1660 1009 annos
1668 977 1813 1024 Euange-

1053 1027 1118 1062 lista
1132 1037 1274 1060 numeret
1288 1038 1377 1060 more
1392 1025 1571 1066 Hebraico,
1588 1039 1624 1060 an
1638 1026 1789 1060 Romano
1803 1039 1813 1067 ;

1051 1077 1118 1112 esto
1133 1076 1274 1110 Romani
1292 1086 1457 1110 numerent
1477 1076 1676 1123 Imperatoris
1698 1088 1813 1110 annum

1052 1128 1186 1174 primum
1200 1125 1299 1159 statim
1315 1124 1332 1160 a
1348 1135 1451 1159 morte
1464 1124 1753 1172 decefforis‚Judaei
1767 1136 1814 1160 ta-

1053 1189 1125 1211 men
1139 1173 1262 1208 suorum
1277 1176 1456 1222 Principum
1469 1188 1566 1208 annos
1580 1176 1782 1209 numerabant
1797 1175 1814 1210 εἰ

1053 1224 1233 1261 Pascliate&
1249 1224 1370 1258 averno
1385 1223 1487 1258 mense
1500 1223 1612 1258 Nisan:
1627 1225 1666 1258 ita
1679 1224 1814 1274 ‘josephus

1055 1284 1194 1310 numerat
1207 1286 1302 1307 annos
1316 1275 1442 1308 Herodis
1456 1279 1487 1309 δι
1501 1273 1712 1322 Calvifimipse
1720 1276 1815 1309 docet

1055 1324 1094 1359 sic
1108 1335 1269 1358 numerare
1283 1322 1379 1358 solere
1395 1326 1425 1357 S.
1442 1325 1629 1371 Scripturam
1641 1336 1740 1358 anuos
1749 1325 1817 1359 Re-

1057 1386 1147 1423 gum,
1161 1385 1223 1407 tam
1238 1373 1451 1421 apudJudaeos
1468 1386 1560 1420 quam
1576 1371 1730 1408 Israelitas.

1105 1425 1249 1471 &Replicm
1263 1425 1474 1469 importunam
1488 1422 1566 1456 hanc
1575 1435 1751 1470 novamque
1761 1425 1818 1456 Pe-

1057 1473 1128 1509 tavii
1143 1473 1362 1517 objectionem
1383 1470 1518 1506 nimium
1536 1471 1704 1518 amplificat
1723 1474 1819 1518 Span-

1057 1522 1189 1557 hemius.
1214 1520 1348 1555 Herodes
1371 1530 1518 1568 tyrannus
1536 1521 1611 1554 nulli
1631 1518 1794 1554 succedens
1808 1544 1820 1560 ,

1059 1572 1162 1619 Regni
1176 1569 1218 1605 sui
1227 1583 1323 1605 annos
1330 1595 1340 1611 ,
1349 1581 1387 1607 'ut
1395 1570 1654 1618 placaretJudaeos
1660 1594 1671 1610 ‚
1691 1568 1822 1604 inchoa-

1058 1635 1090 1657 re
1103 1621 1205 1669 potuit
1218 1620 1234 1654 a
1247 1633 1313 1668 quo
1323 1619 1378 1667 ipsi
1391 1620 1501 1654 liberet
1514 1630 1672 1666 tempore:
1687 1617 1820 1654 omniuo

1059 1683 1162 1706 tamen
1175 1670 1297 1704 videtur
1309 1670 1449 1705 absimile
1462 1681 1556 1710 vero,
1571 1669 1755 1717 Judaeorum
1772 1679 1822 1704 aut

1059 1720 1257 1756 Israelitarum
1269 1721 1376 1768 Reges
1389 1722 1501 1769 Regna
1513 1718 1561 1754 sua
1575 1718 1701 1754 nonnisi
1712 1718 1823 1753 amen-

1060 1771 1088 1806 se
1103 1769 1199 1806 Nisan
1208 1796 1219 1811 ,
1241 1781 1291 1805 aut
1304 1769 1446 1806 Paschate
1459 1768 1628 1818 auspicatos
1643 1794 1653 1809 ,
1677 1781 1747 1803 nam
1761 1769 1825 1804 Ni-

1062 1820 1110 1856 san
1118 1846 1127 1862 ‚
1142 1821 1195 1856 etsi
1204 1821 1235 1855 in
1243 1817 1330 1856 sacris
1338 1833 1405 1855 non
1413 1820 1556 1855 tamenin
1563 1819 1701 1855 civilibus
1711 1817 1822 1853 mensis

1062 1873 1177 1920 primus
1191 1868 1265 1912 fuit,
1279 1884 1336 1906 nec
1344 1871 1422 1905 olim
1435 1869 1704 1908 Deimandatum‚
1718 1868 1824 1902 autul-

1067 1922 1223 1970 laJudaici
1237 1921 1346 1969 populi
1360 1912 1550 1956 consuetudo
1565 1919 1664 1954 civilia
1682 1918 1794 1964 Regna
1807 1915 1825 1950 a

1050 1997 1057 2004 .
1064 1970 1165 2007 mense
1172 1970 1268 2006 Nisan
1276 1982 1325 2005 aut
1333 1971 1349 2005 a
1357 1968 1551 2005 Paschatibus
1569 1967 1715 2003 inchoare
1729 1978 1826 2014 coge-

1065 2023 1149 2057 bant.
1175 2020 1318 2056 Instantia
1331 2021 1451 2065 Calvtfii
1465 2019 1528 2053 hoc
1540 2031 1605 2052 non
1619 2016 1730 2065 probat
1743 2030 1751 2056 3
1775 2028 1826 2050 ec-

1066 2073 1140 2120 quid
1148 2071 1221 2107 vero
1230 2072 1384 2105 moriente
1395 2072 1486 2118 Rege
1495 2069 1618 2104 decimo
1626 2065 1709 2101 sexto
1718 2063 1824 2103 Nisaia,

1067 2122 1181 2156 interea
1195 2123 1342 2169 Regnum
1356 2123 1420 2165 ejus
1436 2118 1557 2165 semper
1569 2115 1686 2150 duravit
1701 2114 1824 2161 integro

1066 2184 1150 2206 anno
1158 2172 1259 2205 donec
1272 2169 1425 2215 sequentis
1432 2167 1526 2201 Nisan
1539 2166 1589 2199 die
1601 2164 1725 2197 decimo
1734 2163 1826 2210 quin-

1065 2231 1100 2253 to
1115 2232 1235 2261 novum
1245 2217 1354 2251 Pascha
1367 2216 1489 2249 rediret.
1521 2215 1569 2248 Ex
1584 2211 1780 2247 lsra‘e'litarum
1794 2215 1826 2246 &

1061 2267 1244 2313 Judaeorum
1272 2265 1414 2312 Regibus
1439 2264 1557 2309 aliquot
1581 2262 1683 2307 paucis
1707 2260 1826 2295 tantum

1065 2313 1220 2348 menfibus
1234 2316 1410 2360 regnarunt,
1426 2313 1478 2359 qui
1492 2310 1561 2358 post
1574 2308 1766 2345 decessorum
1779 2310 1827 2344 ul-

1064 2364 1177 2397 timum
1191 2360 1301 2397 Pascha
1314 2361 1394 2396 finiti
1407 2359 1473 2395 sunt
1487 2371 1556 2395 ante
1571 2358 1683 2394 Pascha
1698 2371 1826 2400 novum,

1065 2425 1138 2446 num
1152 2413 1257 2459 Reges
1269 2412 1328 2445 hos
1342 2423 1377 2446 ex
1386 2412 1512 2458 Regum
1521 2410 1680 2458 Catalogis
1689 2409 1826 2456 Scriptu-

1066 2475 1096 2496 ra
1109 2462 1210 2496 delet?
1234 2460 1358 2495 Tertio.
1376 2459 1682 2510 Qomodocunque
1695 2457 1825 2505 scripto-

1067 2525 1114 2545 res
1128 2511 1257 2545 Hebraei
1270 2509 1396 2545 suorum
1414 2511 1591 2557 Principum
1603 2521 1700 2543 annos
1714 2520 1824 2542 nume-

1062 2557 1133 2595 'rant
1147 2585 1156 2600 ,
1184 2573 1222 2595 an
1241 2572 1345 2595 tamen
1365 2558 1607 2594 Monarcharum
1625 2569 1824 2592 externorum

1067 2622 1208 2657 tempora
1222 2610 1258 2644 ad
1271 2609 1424 2656 exemplar
1432 2608 1613 2655 Judaeorum
1626 2605 1824 2642 conformare

1067 2660 1170 2695 conati
1190 2657 1284 2693 sunt?
1310 2661 1362 2692 An
1382 2657 1686 2706 Nebuchadnezaris
1698 2681 1709 2696 ,
1737 2659 1822 2704 Cyri,

1068 2709 1289 2747 eArtaxerxz's,
1309 2718 1360 2741 aut
1373 2718 1555 2742 caeterorum
1568 2705 1617 2741 seu
1630 2706 1823 2753 Assyriorum

1068 2757 1117 2792 seu
1136 2755 1314 2798 Persarum3
1332 2755 1381 2791 seu
1401 2757 1588 2791 Graecorum
1600 2759 1823 2802 Imperatorum

1068 2820 1165 2841 annos
1183 2817 1291 2841 contra
1304 2819 1507 2841 communem
1522 2810 1554 2841 δε
1571 2806 1604 2839 in
1616 2814 1686 2838 toto
1699 2803 1823 2849 Imperii

1067 2857 1146 2891 orbe
1166 2854 1338 2903 usurpatum
1357 2857 1390 2890 in
1408 2855 1583 2890 afflonibus
1601 2851 1747 2887 omuibus
1766 2864 1825 2898 pu-

1068 2906 1156 2940 blicis
1176 2917 1298 2938 morem
1312 2929 1322 2944 ,
1348 2905 1385 2939 ad
1398 2906 1545 2951 privatam
1566 2900 1622 2936 suae
1635 2902 1733 2949 gentis
1746 2914 1824 2935 con--

1068 2953 1256 2995 suetudinem
1270 2964 1461 2986 commutare
1469 2951 1570 2998 Judaei
1583 2951 1628 2987 vel
1640 2950 1824 2998 potuissent,

1067 3003 1113 3039 vel
1126 3001 1246 3036 fuissent
1253 3001 1313 3035 anfi
1324 3005 1334 3037 Ρ
1346 3001 1527 3037 Novitatem
1535 3011 1648 3035 tantam
1662 2998 1774 3048 absque
1786 2999 1826 3034 fi-

1069 3053 1107 3088 de
1128 3053 1230 3100 dignis
1249 3050 1377 3085 testibus
1395 3063 1460 3084 non
1480 3048 1671 3098 persuadebit
1691 3050 1826 3098 Spanhe-

1069 3103 1165 3141 mim,
1187 3099 1301 3135 etiamsi
1313 3098 1496 3147 persuaserit.
1864 3111 1867 3114 ’

1114 3152 1169 3186 Ait
1180 3149 1286 3191 tertio,
1294 3148 1413 3187 Christi
1425 3149 1612 3188 tricesimum
1626 3149 1747 3186 extendi
1747 3145 1826 3231 spesi

1759 3210 1775 3232 e
1787 3209 1802 3230 a
