2048 3343
196 157 238 193 ⁷3
252 156 383 191 raimoni
393 151 554 188 mirabilis
562 151 641 187 vero
653 153 874 187 numeratoris
887 152 945 196 lefie

194 206 298 242 christi
318 202 457 237 consilio
469 215 554 250 opus
575 201 634 237 css'e
645 213 771 235 certum
784 201 838 234 est.
879 198 945 244 lpse

190 253 480 301 ProphetaDaniel
492 265 524 295 9.
537 264 586 285 v.1
596 266 627 295 4.
639 250 778 284 similem
789 248 845 284 scd
859 247 941 281 mul-

18 320 19 337 i
190 302 420 339 tofaciliorem
442 301 485 335 de
506 298 713 347 temporibus
726 297 942 344 quaestionem

17 342 20 414 J
187 353 314 389 solvere
334 364 403 386 non
421 350 554 397 poruit,
573 349 686 383 donec
705 359 779 381 eam
801 345 945 394 Angelus

191 404 324 438 Palmoni
333 395 544 446 explicuiss’et.
814 443 817 445 Δ

33 463 94 502 Quia
101 464 149 490 Pe·
239 451 378 486 Nomen
389 450 456 483 hoc
466 444 694 493 compositum
706 444 762 486 est,
775 444 828 480 seu
837 458 872 480 ex
884 457 946 480 vo-

36 504 159 534 loniail-
191 501 285 537 cibus
305 498 373 534 sere
394 494 674 543 proverbialibus,
696 497 794 531 Pelom'
814 498 946 536 Almoni,

35 546 109 575 moni.
189 549 383 586 notantibus
394 547 567 582 hominem
576 544 763 580 mirabilem
771 544 824 579 vel
834 548 949 584 talem,

189 605 280 646 cujus
291 610 415 634 nomen
427 597 566 632 tacitum
587 595 631 629 est
643 607 711 630 non
730 593 923 643 expressum,
932 593 949 628 a

191 655 250 690 ³⁴⁸3
276 649 417 684 mirabilis
444 647 495 682 vel
524 645 699 692 absconditus
717 646 779 692 fuit
798 668 808 681 ‚
835 648 870 678 &
891 644 951 681 1:³52>-

190 701 354 738 obmutuit,
366 698 463 744 filule.
501 694 561 729 Ista
584 695 700 729 Chriffo
720 692 850 741 optime
866 704 949 726 eon-

191 751 347 786 veniunt,
366 750 457 790 qu'us
469 742 637 781 mirabile,
659 743 892 778 absconditum
912 746 947 777 &

190 798 352 834 secretum
363 807 484 830 nomen
494 794 549 828 est.
559 795 632 832 Vel,
643 805 678 828 ut
689 794 756 827 vult
768 795 903 827 Calvinus
912 795 947 826 &

190 849 242 884 alii
251 860 290 881 ex
301 851 357 885 ⁸⁸32,
369 850 404 881 &
417 851 469 884 τῆς
487 843 670 878 numeravit
683 868 692 883 ‚
713 844 756 875 ita
768 854 805 876 ut
818 841 950 876 Palmom‘

190 895 351 945 significet
379 893 563 928 mirabilem
592 902 838 928 numeratorem
859 916 870 933 ,
896 889 949 925 seu

190 956 440 981 numeratorem
454 954 646 990 temporum
658 939 869 981 secretorum,
879 951 950 986 quae

191 998 283 1030 Deus
294 995 334 1028 ab
348 994 502 1027 humanis
514 993 620 1026 oculis
629 989 800 1024 abscondit
814 1014 824 1029 ‚
847 989 949 1023 adeo-

192 1057 257 1092 que
266 1042 446 1078 dubiorum
455 1043 606 1076 omnium
619 1038 949 1086 Chronologicorum

194 1094 430 1128 enodatorem.
466 1091 623 1136 Elogium
634 1087 700 1121 hoc
713 1089 790 1122 nulli
801 1088 893 1134 aeque
911 1098 950 1120 ac

196 1144 309 1179 Christo
320 1141 455 1176 infinita:
472 1140 572 1187 patris
593 1135 756 1184 sapientiae
768 1137 950 1183 adaptatur.

197 1195 309 1238 Hujus
321 1203 383 1238 ope
394 1190 468 1225 freti
491 1183 716 1235 perdifficilem
727 1186 849 1220 hancce
858 1198 947 1234 quae-

195 1242 338 1275 stionem
355 1237 579 1287 aggredimur.

243 1292 296 1324 De
313 1287 528 1328 transsatione
554 1297 677 1319 vocum
704 1296 774 1318 non
799 1281 948 1333 litigabi-

34 1327 175 1378 “7¹9³'‘
194 1351 268 1374 mus
289 1353 297 1373 τ
317 1337 374 1372 etsi
386 1339 473 1371 enim
485 1337 568 1370 inter
583 1334 764 1369 Chaldaica
775 1336 890 1382 capitis
901 1332 950 1367 se-

35 1370 174 1449 Zffissssm
194 1390 291 1437 primi
307 1392 340 1423 &
357 1386 523 1421 Hebraica
537 1385 653 1431 capitis
668 1396 716 1419 12.
733 1384 843 1431 aliqua
854 1380 950 1416 diffe-

34 1454 155 1489 estminu·
193 1439 299 1474 tentia
318 1436 354 1471 sit
376 1461 386 1477 ‚
413 1447 490 1470 nam
510 1434 609 1482 priori
627 1434 705 1468 loco
727 1432 952 1468 transsationes

36 1501 72 1523 u.
195 1499 315 1522 omnes
331 1486 479 1534 vulgares
500 1496 576 1517 cum
597 1485 667 1518 Aria
686 1491 827 1518 Montano
846 1493 886 1520 ηις
911 1485 952 1523 ὴὲ)

190 1535 280 1573 reste*
315 1546 445 1570 vertunt
471 1542 584 1580 partem
604 1535 735 1581 temporis
750 1557 760 1572 ‚
787 1544 856 1566 non
876 1543 951 1566 cum

192 1587 326 1633 vulgata.
360 1585 477 1618 Latina
502 1584 653 1618 dimidium
686 1584 814 1630 temporis
836 1607 845 1622 ,
879 1581 953 1628 post

198 1638 519 1676 Lxx.1nterpretum
533 1633 621 1675 ἦμισὺ
633 1632 737 1678 menapi,
755 1644 830 1667 cum
844 1641 952 1665 tamen

196 1685 385 1733 principalis
395 1681 623 1717 controvetfiae
637 1681 738 1715 cardo
758 1691 829 1715 non
850 1691 951 1714 verta-

196 1746 248 1769 tur
259 1736 293 1767 in
306 1731 491 1768 differentia
501 1743 625 1765 vocum
634 1733 726 1778 partis
740 1731 951 1767 &dimidti‚¹&

195 1782 373 1829 verocap.1
385 1783 569 1830 2.legamus
584 1793 624 1817 ’κε’
642 1781 791 1816 dimidium
814 1797 826 1825 3
852 1791 952 1826 atque

196 1832 420 1880 Apostolusin
435 1829 630 1878 Apocalypsi
643 1830 685 1864 nd
697 1841 874 1878 utrumque
885 1837 950 1864 Da·

195 1885 273 1917 melis
285 1881 396 1917 locum
410 1905 419 1921 ,
434 1891 472 1915 ut
485 1880 614 1915 videtur
628 1905 638 1920 ‚
655 1879 827 1924 respiciens
838 1878 953 1914 scribat

196 1931 349 1967 dimidium
362 1956 372 1972 ‚
395 1942 536 1977 cumque
547 1929 771 1978 particularius
784 1928 953 1965 descendit

197 1984 249 2017 vel
263 1981 305 2015 ad
318 1993 423 2014 annos
435 1978 485 2013 vel
498 1980 537 2013 ad
546 1980 762 2027 dics‚praecise
775 1991 827 2014 tot
838 1990 952 2014 nume-

196 2042 245 2065 ret
266 2041 349 2077 quot
369 2030 446 2064 anni
464 2029 641 2063 dimidium
654 2029 860 2063 constituunt
878 2044 887 2062 t
918 2038 954 2062 ut

195 2081 300 2114 nolim
321 2091 396 2113 cum
416 2077 606 2114 doetiffimo
623 2081 703 2113 Iunio
720 2082 755 2113 &
774 2080 887 2113 multis
906 2077 952 2113 se-

195 2129 355 2177 quacibus
367 2130 464 2163 nimis
475 2140 625 2175 premere
643 2128 768 2162 dietum
782 2129 900 2163 decem
912 2128 954 2162 ad

198 2191 304 2214 annos
314 2190 380 2213 tres
393 2177 663 2212 additamentum
677 2201 687 2217 ‚
702 2179 746 2212 ita
757 2190 866 2225 neque
879 2189 954 2212 cum

198 2229 266 2262 aliis
287 2228 520 2262 omnimodam
539 2227 676 2261 istorum
696 2225 847 2261 locorum
861 2227 954 2261 iden*-

201 2279 330 2310 titatem
344 2302 354 2317 ‚
369 2275 458 2323 quast
469 2276 560 2323 quod
571 2278 603 2310 in
614 2288 732 2323 genere
743 2274 883 2310 vocasset
898 2283 957 2310 Da-

202 2327 258 2359 niel
278 2337 406 2370 partem
425 2338 495 2372 cap.
508 2338 543 2370 7.
560 2325 626 2370 ipse
646 2325 854 2359 duodecimo
877 2351 888 2365 ‚
921 2328 956 2358 &

207 2373 388 2421 Apostolus
408 2376 440 2408 iu
461 2371 655 2420 Apocalypsi
665 2373 904 2408 determinasset
915 2374 958 2407 ad

203 2421 396 2471 ipsissimum
407 2422 597 2456 dimidium.

201 2491 204 2494 ⁴
253 2475 304 2507 De
322 2485 355 2507 re
377 2470 446 2520 ipsa
464 2473 606 2514 majores
625 2468 700 2503 sunt
721 2468 958 2506 controversiae.

206 2521 320 2557 Primo
340 2520 515 2555 sententias
526 2533 594 2567 qnae
608 2518 783 2566 displicent
801 2517 960 2554 refutabi-

206 2585 291 2612 mus,
310 2570 430 2605 deinde
448 2582 548 2616 quam
561 2568 752 2617 putabimus
765 2581 845 2604 vero
859 2567 960 2603 simil-

204 2622 321 2656 limam
333 2618 619 2655 confirmabimus.

14 2675 16 2713 ’ς
52 2685 179 2716 smmi„
225 2686 228 2688 ’
256 2673 368 2705 l’rimo
408 2669 486 2704 loco
526 2670 694 2714 rejicimus
736 2666 960 2701 recentiorum

14 2719 16 2748 1
54 2725 174 2767 Rabbino-
207 2720 445 2756 Rabbinorum
465 2728 699 2752 commentum
718 2742 728 2756 ‚
753 2726 857 2763 prout
878 2713 961 2750 illud

14 2768 16 2788 ¹
54 2770 191 2806 nmimpu-
210 2771 372 2806 laccbiades
393 2770 433 2802 ad
453 2768 581 2803 Danielis
600 2766 729 2812 septimi
748 2766 907 2799 ostavum
926 2767 960 2798 &

14 2811 15 2827 ἶ
52 2816 153 2847 ‘vam'
212 2819 453 2854 duodecimum
472 2815 609 2865 explicat
629 2813 717 2863 apud
738 2815 964 2860 L‘empereurcm.

213 2871 358 2916 Exponit
377 2870 429 2903 ille
441 2877 546 2914 tempus
558 2869 591 2900 &
605 2874 733 2911 tempora
749 2863 963 2897 constitutum

213 2929 413 2962 temporum,
426 2917 477 2950 seu
489 2914 714 2964 tempestatem
725 2913 865 2947 duorum
879 2922 962 2944 tem-

214 2978 334 3014 porum
353 2979 361 3000 ε
387 2967 454 3000 duo
474 2977 583 3000 autem
600 2965 651 2998 illa
664 2974 817 3011 tempora
827 2961 896 2997 vult
907 2971 962 2994 an-

214 3027 277 3050 nos
290 3015 340 3048 bis
352 3015 450 3055 mille,
464 3017 541 3061 quia
553 3014 672 3049 scilicet
686 3014 763 3047 Deo
776 3012 844 3046 dies
855 3010 966 3045 secun-

215 3066 293 3100 dum
315 3065 408 3107 Mosen
435 3063 514 3099 Psal.
536 3076 591 3105 90.
612 3064 798 3097 extenditur
820 3062 859 3094 ad
879 3058 968 3094 mille

216 3125 336 3151 annos,
354 3116 386 3146 ὃς
399 3113 475 3147 vero
489 3114 611 3147 adamus
628 3124 775 3146 mortuus
785 3110 829 3145 est
845 3108 967 3144 eodem

217 3165 269 3200 die
288 3175 357 3203 cmo
380 3163 523 3205 comedit
544 3161 587 3196 de
603 3160 722 3196 arbore
745 3158 843 3197 vetit&
857 3187 865 3202 ‚
892 3159 971 3207 qnia

37 1292 167 1327 Intorpar·

0 0 5 230 Ι
439 77 1224 117 ETCHRoNoLoetct

0 237 4 261 Ι

0 292 7 423 ἰ

1287 79 1404 117 Lrn.
1436 79 1465 118 Ι.
1662 91 1735 126 243

993 163 1061 186 non
1074 151 1256 198 complevit
1268 163 1391 186 annum
1404 150 1623 187 millesimum.
1638 154 1745 195 Quod

992 202 1034 235 ad
1045 201 1235 248 particulam
1249 203 1408 247 temporis
1427 213 1498 235 cam
1520 204 1659 250 exponit
1676 211 1745 237 lac-

991 252 1102 285 chmcles
1121 250 1163 284 de
1182 261 1274 296 parte
1302 249 1471 284 millenarii
1500 254 1593 285 annis
1617 250 1739 287 scilicet

991 301 1275 345 trecentis.ltaque
1288 298 1443 333 statutum
1454 299 1595 334 duorum
1606 311 1741 348 tempo-

989 357 1061 381 rum
1081 351 1116 381 δε
1134 359 1259 394 partem
1274 347 1436 394 temporis
1448 347 1516 381 vult
1533 351 1746 398 intelligian-

991 408 1053 430 nos
1063 395 1113 430 bis
1125 397 1214 431 mille
1227 408 1496 443 trecentos,quos
1507 398 1551 430 ait
1561 400 1744 446 Dan-8:14.

991 445 1106 491 diserte
1118 447 1300 493 exprimere
1313 468 1321 481 .
1341 444 1461 492 quibus
1482 448 1617 492 peradicis
1637 452 1746 491 Messias

992 495 1036 530 est
1049 507 1202 529 venturus
1215 498 1247 529 &
1260 493 1363 541 Judaei
1376 493 1576 538 resurrefturi
1589 521 1600 536 ‚
1627 506 1662 529 ut
1675 509 1748 541 pcr-

993 556 1091 592 agant
1109 545 1144 580 in
1162 547 1297 579 terrenis
1315 544 1545 592 voluptatibus
1563 557 1637 579 cum
1650 546 1748 592 Messid

992 606 1099 628 annos
1113 605 1171 628 eos
1188 605 1353 628 trecentos
1365 607 1451 641 quos
1465 606 1627 628 memorat
1640 597 1748 629 Daniel

994 644 1027 676 in
1040 642 1107 678 fine
1124 655 1151 677 e.
1167 656 1179 677 1
1190 655 1214 676 2.
1233 644 1411 678 &tandem
1423 644 1554 678 mundo
1565 644 1695 678 abolito
1711 647 1745 678 δε

993 692 1194 738 corporibus
1205 693 1237 725 in
1250 692 1389 728 nihilum
1408 693 1555 727 resolutis
1566 692 1624 742 ipsi
1642 695 1675 728 in
1688 703 1749 740 pu-

994 743 1034 776 ris
1046 740 1109 776 suis
1119 742 1292 776 animabus
1305 754 1379 775 cum
1394 739 1490 788 Messid
1505 745 1617 778 vivant
1631 745 1664 776 in
1678 755 1750 777 coe-

995 792 1063 826 lesti
1082 795 1115 827 &
1129 790 1285 839 perpetua
1295 791 1408 839 glotiri.
1436 792 1628 827 Numerant
1637 804 1748 827 autem

993 840 1035 875 ab
1047 843 1144 876 initio
1157 841 1276 875 mundi
1289 841 1330 874 ad
1351 841 1418 891 Cyri
1434 845 1467 876 &
1479 844 1751 889 Danielmempo-

996 903 1028 925 ra
1047 901 1156 924 annos
1175 900 1224 923 ter
1251 891 1338 924 mille
1366 902 1535 925 trecentos
1570 893 1752 939 nonaginta

995 950 1098 973 unum
1110 962 1121 979 ‚
1147 937 1270 985 quibus
1279 939 1402 973 addunt
1416 938 1465 972 bis
1475 940 1563 974 mille
1574 951 1754 980 trecentos,

995 989 1040 1021 ita
1069 999 1106 1021 ut
1135 998 1389 1035 praeterptoptet
1413 988 1455 1021 ad
1483 1001 1607 1023 annum
1634 991 1756 1024 mundi

994 1038 1171 1084 quinquies
1187 1035 1400 1072 millesimum
1426 1035 1753 1084 septingentesimum

995 1098 1152 1121 venturus
1162 1085 1199 1120 fit
1211 1089 1321 1134 Messt'as
1332 1112 1341 1126 ‚
1369 1090 1405 1121 δε
1421 1087 1454 1119 in
1469 1086 1533 1120 sine
1543 1089 1639 1121 sexies
1650 1085 1757 1121 mille-

995 1134 1067 1169 simi
1086 1135 1302 1172 destruendus
1323 1135 1468 1169 mundus
1487 1160 1497 1176 ‚
1523 1135 1613 1182 quasi
1632 1137 1666 1169 in
1685 1135 1752 1169 fine

995 1184 1071 1219 sexti
1089 1186 1153 1221 diei
1173 1186 1290 1219 divinae
1308 1184 1553 1226 hebdomadis,
1575 1187 1655 1220 utin
1668 1185 1755 1219 sab-

997 1233 1077 1269 bato
1088 1247 1125 1269 ac
1134 1235 1187 1269 die
1198 1234 1340 1281 septimo
1352 1261 1361 1275 ,
1380 1236 1478 1268 initio
1494 1234 1610 1280 septies
1621 1232 1755 1268 millesi—

998 1287 1070 1326 mi,
1103 1285 1242 1330 incipiat
1263 1295 1382 1319 aeterna
1405 1286 1488 1320 novi
1514 1286 1626 1319 mundi
1646 1283 1755 1318 felici·

997 1344 1058 1368 tas.

1047 1381 1253 1418 Sententiam
1272 1379 1355 1414 hanc
1376 1383 1596 1417 recentiorum
1620 1380 1752 1416 Rabbi-

999 1442 1213 1473 norum,utut
1223 1434 1255 1465 in
1268 1431 1365 1464 nimis
1377 1434 1489 1466 multis
1501 1444 1576 1466 curn
1587 1433 1754 1467 recentio-

1000 1495 1072 1516 rum
1086 1484 1119 1515 in
1132 1479 1249 1528 Anglifi
1270 1479 1502 1515 Chiliastarum
1520 1482 1637 1517 delirio
1657 1493 1755 1515 com-

1001 1528 1153 1571 munem,
1165 1530 1332 1578 rejicimus
1344 1531 1391 1564 ob
1406 1532 1507 1565 multa
1516 1543 1587 1578 quae
1601 1530 1753 1565 continet

1001 1579 1087 1615 falsa.
1112 1582 1233 1615 Praeter
1244 1579 1334 1613 enim
1354 1583 1496 1627 primum
1519 1584 1554 1615 ὅ(
1572 1582 1755 1614 maximum

1002 1629 1180 1665 absurdum
1193 1629 1233 1664 de
1245 1630 1424 1672 rejiciendo
1434 1630 1578 1664 adventu
1588 1631 1689 1678 Messiae
1700 1639 1758 1662 to-

1004 1678 1146 1714 tismille
1165 1678 1379 1727 septingentis
1394 1680 1489 1713 annis
1507 1679 1579 1727 post
1601 1675 1757 1725 tempusa

1001 1732 1121 1765 Daniele
1132 1726 1359 1776 expressissime
1376 1740 1530 1763 notatum
1542 1741 1614 1775 cap.
1626 1741 1659 1772 9.
1673 1739 1756 1774 pau-

1001 1778 1117 1826 loante
1128 1777 1263 1813 excisam
1275 1777 1462 1812 &Romanis
1473 1776 1759 1824 Hierosolymam:
1793 1784 1796 1789 ’

1001 1828 1179 1864 secundum
1191 1828 1290 1861 etiam
1304 1827 1483 1863 absurdum
1496 1851 1505 1867 ,
1524 1827 1618 1875 quod
1631 1838 1757 1874 corpo-

999 1881 1100 1914 ralem
1130 1876 1323 1924 Judaeorum
1350 1877 1625 1912 resurrectionem
1651 1885 1757 1923 ponat

1001 1929 1094 1964 annis
1107 1928 1260 1961 trecentis
1271 1933 1348 1961 ante
1359 1925 1460 1960 finem
1471 1926 1588 1960 mundi
1604 1951 1614 1966 ,
1634 1929 1669 1960 &
1681 1926 1759 1959 uni—

1003 1976 1120 2014 versale
1137 1977 1297 2020 judicium
1319 1989 1327 2012 ε
1355 1977 1452 2010 ctiam
1477 1977 1634 2014 tertium,
1661 1973 1758 2020 quod

1003 2028 1120 2062 onmia
1140 2027 1296 2059 omnium
1317 2037 1454 2071 corpora
1469 2025 1500 2058 in
1522 2035 1681 2058 aeternum
1701 2022 1758 2056 de-

1003 2077 1104 2112 struat
1116 2101 1127 2116 ,
1150 2078 1185 2109 &
1197 2074 1272 2108 solis
1283 2073 1458 2108 animabus
1478 2072 1545 2107 fine
1561 2071 1758 2121 corporibus

1003 2129 1104 2162 vitam
1117 2136 1269 2160 aeternam
1282 2124 1436 2171 largiatur
1447 2149 1456 2164 ,
1482 2133 1674 2157 contranon
1687 2132 1758 2154 tan-

1003 2175 1075 2210 tum
1096 2177 1216 2211 multas
1227 2176 1427 2221 Scripturas,
1451 2171 1507 2207 sed
1529 2175 1563 2206 δε
1582 2171 1708 2205 multos
1720 2181 1757 2204 ex

1004 2225 1078 2273 ipsis
1091 2223 1270 2259 Rabbi'nis.

1045 2273 1115 2309 -His
1132 2271 1256 2307 omissis
1274 2270 1334 2304 alia
1347 2279 1503 2303 notamus
1517 2269 1549 2302 in
1563 2268 1623 2303 hac
1634 2269 1762 2304 senten-

1006 2322 1047 2358 [ἰέὶ
1060 2322 1231 2370 peculiaria
1251 2320 1387 2355 absurda
1408 2332 1416 2353 :
1442 2330 1510 2351 non
1527 2318 1666 2363 quidem
1688 2330 1761 2350 eam

1006 2384 1152 2406 taxamus
1170 2383 1245 2405 cum
1266 2372 1478 2414 L’empereure‚
1499 2368 1592 2412 quod
1609 2377 1762 2411 quartam

1007 2420 1143 2457 bestiam
1155 2428 1297 2467 exponat
1311 2417 1353 2451 de
1366 2416 1497 2451 Romanis
1517 2426 1588 2448 non
1600 2417 1738 2449 Antiocho
1749 2439 1760 2455 ‚

1008 2481 1061 2505 aut
1079 2470 1194 2504 decem
1221 2470 1332 2515 Reges
1349 2466 1391 2501 de
1412 2463 1650 2511 capessentibus
1669 2463 1764 2498 simul

1009 2531 1075 2554 non
1086 2515 1257 2552 successive
1270 2526 1378 2563 partes
1391 2513 1536 2548 Romani
1550 2514 1702 2559 Imperii,
1726 2517 1762 2548 &

1003 2579 1128 2616 parvum
1140 2576 1225 2600 cornu
1245 2564 1287 2598 de
1300 2575 1367 2597 uno
1379 2561 1431 2596 vel
1449 2562 1590 2610 geminis
1601 2561 1762 2611 religione

1010 2614 1143 2653 diversis
1164 2608 1259 2650 Turcti
1278 2617 1311 2648 &
1333 2619 1461 2647 Romano
1480 2612 1624 2657 Pontifice.
1658 2614 1695 2645 ln
1713 2612 1763 2646 his

1009 2665 1226 2713 patoramatis
1244 2661 1387 2709 sequitui·
1407 2661 1578 2708 L'empercur
1597 2661 1763 2709 hypothe-

1008 2717 1054 2752 ses
1072 2716 1246 2758 lunhnas,
1273 2724 1354 2760 quas
1366 2709 1759 2757 nossuprtircfutavimus.

1009 2757 1074 2801 Sed'
1082 2765 1150 2798 h-aec
1162 2762 1235 2797 sunt
1248 2774 1319 2808 quae
1336 2764 1371 2796 in
1381 2763 1505 2796 raccin'a.
1518 2773 1531 2795 e
1543 2772 1620 2793 cnm
1639 2762 1761 2808 L'empe·

1008 2825 1088 2850 reure
1098 2823 1254 2846 taxamus.

1058 2860 1180 2898 Primo.
1207 2860 1314 2907 Qod
1335 2859 1433 2894 scenae
1452 2856 1512 2892 suae
1533 2855 1672 2893 serviens
1693 2868 1762 2892 tex-

1011 2923 1082 2946 tum
1094 2910 1217 2945 sacrum
1231 2907 1608 2958 corrumpat,delc{1tque
1620 2910 1762 2951 conjun-

1013 2964 1162 2997 ctionem
1185 2963 1222 2999 όν
1236 2984 1244 2997 ,
1266 2972 1340 2994 cum
1359 2959 1490 2992 codices
1515 2969 1632 2991 omnes
1650 2959 1761 3006 legunt

1011 3022 1118 3058 ternpus
1147 3012 1183 3048 ἐφ’
1211 3019 1339 3056 tempora
1358 3006 1448 3048 ,illc-
1469 3008 1632 3053 expnnffito
1658 3013 1696 3045 (y
1714 3008 1763 3041 le-

1009 3063 1057 3107 git
1073 3071 1181 3108 tempus
1192 3069 1349 3105 temporum
1371 3057 1423 3090 scu
1431 3057 1576 3103 statutum
1590 3067 1761 3104 temporum,

1011 3112 1078 3145 hoc
1092 3111 1193 3157 pasto
1206 3112 1344 3154 jungens
1361 3108 1440 3140 duas
1461 3118 1561 3141 voces
1582 3108 1616 3140 in
1634 3107 1765 3152 regimi-

1010 3173 1070 3202 ne,
1090 3159 1191 3195 efficit
1207 3169 1243 3192 ut
1262 3169 1326 3195 vox
1347 3158 1454 3238 prirlna
1474 3165 1581 3204 tempus
1601 3167 1643 3190 ne
1661 3164 1765 3190 unum

1362 3206 1395 3239 H
1414 3217 1427 3238 ι
1458 3217 1476 3238 z
1695 3203 1770 3248 qni.
