2048 3343
29 2172 113 2199 cmii
134 2171 168 2205 &a

28 2210 136 2247 Cordefiz

28 2251 118 2277 audax
130 2261 169 2278 er-

28 2299 79 2318 ror.

460 89 537 114 ετ
594 75 1234 114 CHR0N0L0G101

205 152 243 184 na
257 149 318 183 fide
332 147 502 184 credenda,
526 148 601 182 nihil
615 159 717 182 tamen
724 146 774 181 hic
783 145 885 180 obstat
892 145 968 191 quin

204 199 340 233 historia:
354 197 392 231 ab
406 195 554 232 Africano
567 198 682 232 traditae
691 196 822 230 humana
830 193 906 227 fides
914 194 967 227 ad-

203 248 306 283 hiberi
320 247 425 295 poffit,
440 258 472 281 ut
486 247 550 281 aliis
563 246 665 280 multis
674 246 704 279 in
712 243 842 278 historia
856 242 966 276 Eccle-

204 296 319 331 smsticfi
331 296 573 334 narrationibus,
587 306 688 341 neque
701 292 774 327 vero
789 290 966 337 Spanhemii

205 357 255 381 aut
267 348 398 380 aliorum
406 345 456 378 hic
464 342 615 378 sententiae
623 341 817 389 particulares
828 337 895 375 sunt
902 346 966 374 ma-

204 398 251 444 gis
265 401 385 438 325quch
403 398 434 429 &
448 394 480 427 iu
499 392 662 440 Scripturis
681 389 820 439 exprcffae
835 418 847 436 ,
871 389 966 438 quam

205 443 353 480 Africani.

252 491 439 529 Secundum.
450 491 591 526 Historia
606 491 769 536 Africani,
783 488 903 536 inquit,
921 487 965 522 est

207 547 345 586 ἐνπγςρέφη
358 567 367 581 ,
393 543 464 589 quia
482 540 554 576 facit
574 540 695 574 Melchi
713 540 857 573 maritum
875 538 965 583 Esthae

206 602 324 638 patrem
338 592 549 626 immediatum
563 593 605 625 8Ιὶ
612 616 621 630 ,
635 595 665 626 &
674 587 821 624 tertiumzi
835 586 964 636 Joftpho;

207 640 279 675 esim
297 652 399 675 tamen
419 643 519 676 Lucas
545 641 667 674 Melchi
681 638 769 673 faciat
787 638 931 685 quintum
949 636 965 671 a

207 689 342 739 Joscpho,
356 695 387 726 &
401 693 451 726 Eli
463 702 579 738 patrem
593 689 701 724 statuat
712 700 777 722 non
791 687 942 723 melchi
954 710 963 723 ‚

207 738 258 773 sed
274 741 419 773 ,Mamur
432 742 485 787 qui
497 738 554 774 fuit
567 740 646 773 filius
660 741 759 777 Levi,
778 741 809 772 &
823 735 943 770 Melchi
953 760 963 775 ,

205 801 312 835 nepos.
340 789 423 836 Resp
437 790 542 824 Grave
556 789 618 824 hoc
631 797 846 837 argumentum
854 785 964 834 magna

206 837 450 873 consideratione
464 841 591 887 dignum
610 838 680 873 effe.
714 838 843 884 Regcro
861 847 964 870 tamen

205 888 321 936 primo,
337 890 410 923 dato
424 889 535 936 lapsum
549 888 600 923 hic
611 888 766 921 memoria
776 888 964 934 Africanum

206 938 360 975 Melchi
374 951 432 985 pro
449 938 594 971 stlatthat
607 936 768 972 scribendo
785 960 794 973 ‚
828 948 916 971 error
932 936 965 968 in

205 987 263 1021 hac
275 987 501 1024 circumstantia
514 986 603 1024 facil'e
620 984 821 1021 emendabilis
841 997 906 1019 non
920 984 962 1018 la-

205 1035 342 1071 befaetat
361 1036 512 1072 sententiae
524 1035 718 1072 substantiam
732 1039 764 1070 δε
781 1032 961 1070 fundamen-

205 1097 271 1121 tum
284 1112 294 1126 ,
326 1087 413 1134 quod
438 1089 469 1121 in
494 1086 557 1121 hoc
580 1085 715 1134 politum
748 1083 793 1119 est
804 1110 815 1125 ,
856 1094 888 1118 ut
911 1086 961 1116 la-

206 1136 257 1170 cob
282 1141 314 1171 &
332 1138 383 1171 Eli
406 1135 519 1170 fuerint
542 1137 605 1171 veri
630 1133 736 1169 fratres
749 1158 760 1174 ‚
792 1135 865 1167 alter
890 1132 960 1176 Iose-

205 1186 258 1232 phe'
270 1197 354 1232 pater
370 1186 528 1225 naturalis,
548 1186 622 1220 alter
635 1185 750 1233 legalis,
768 1193 961 1229 matremque

203 1235 369 1269 habuerint
387 1247 589 1270 communem
602 1259 612 1274 ‚
637 1240 670 1270 &
688 1229 821 1268 diversos
840 1242 955 1278 patres,

202 1284 331 1318 alterum
346 1297 381 1317 ex
393 1286 567 1323 Solomonia,
585 1285 727 1320 Alterum
741 1294 777 1315 ex
793 1281 961 1330 chanis

202 1332 373 1377 stemmate.
413 1336 529 1367 Utrum
555 1342 657 1366 autem
682 1341 767 1379 pater
791 1333 842 1366 Eli
866 1329 960 1365 fuerit

200 1383 377 1419 Matthat
389 1395 425 1416 an
440 1383 576 1421 Mekhi,
603 1380 674 1416 facit
689 1380 816 1428 quidem
831 1381 867 1414 ad
881 1381 955 1415 veri-

197 1443 294 1467 tatem
307 1430 550 1472 sscraehistoriae‚
565 1430 614 1465 sed
623 1429 962 1478 paruimfiquicquam,

199 1482 238 1516 ad
251 1481 430 1516 sententiam
454 1493 515 1525 prae
540 1480 681 1515 manibus
694 1503 703 1515 ,
730 1492 765 1513 ea
777 1481 861 1514 enim
874 1479 961 1528 aeque

200 1529 326 1566 salvatur
339 1543 393 1577 per
407 1529 623 1566 Matthatac
630 1541 685 1576 per
694 1528 823 1563 Melchi.
847 1531 959 1563 Secun-

199 1581 254 1615 do.
284 1582 475 1630 Quicunque
487 1579 537 1614 hic
549 1592 635 1614 error
648 1578 692 1613 est
706 1578 738 1611 iu
751 1579 960 1626 expunffione

199 1633 282 1664 Lem
296 1655 305 1669 ‚
333 1635 364 1664 &
377 1630 555 1666 vaatthat
573 1643 610 1664 ex
629 1627 747 1663 Christi
760 1629 958 1677 genealogia,

199 1692 272 1716 eum
286 1681 500 1727 imputandum
513 1692 578 1714 non
590 1690 654 1713 tam
667 1679 833 1724 Africano,
854 1680 958 1727 quam,

197 1731 247 1765 vel
261 1728 362 1764 seculo
377 1731 424 1765 vel
438 1731 513 1764 loco
526 1729 557 1764 in
572 1742 637 1777 quo
654 1729 737 1762 vixit.
775 1731 856 1763 Puto
871 1731 956 1777 equi-

197 1780 269 1814 dem
283 1781 369 1815 recte
383 1779 532 1827 disputare
549 1778 764 1828 Spanhemium
780 1784 811 1814 &
826 1780 957 1816 nervose

196 1840 307 1863 contra
320 1829 462 1865 Cordefii
483 1829 638 1864 canonici
658 1828 890 1864 Lemoviceufis
909 1830 957 1864 ni-

196 1879 292 1913 miam
305 1879 475 1916 audaciam,
502 1891 595 1927 quam
608 1878 727 1913 temere
752 1880 852 1927 Hugo
867 1879 956 1914 Gro-

197 1928 257 1961 tius
276 1929 313 1962 ad
335 1930 438 1964 Lucae.
452 1942 474 1974 3.
489 1943 530 1975 33.
543 1929 661 1963 videtur
676 1927 833 1969 excusare,
858 1928 879 1964 fi
891 1942 957 1965 non

197 1975 374 2012 defendere.
403 1980 503 2026 Urget
517 1978 725 2012 Cordefiusin
738 1979 879 2027 originali
893 1982 957 2014 Lu-

196 2039 238 2061 cae
257 2038 343 2062 textu
361 2026 506 2062 infastum
526 2027 542 2062 εἰ
561 2027 690 2062 librariis
705 2041 861 2065 errorem,
882 2030 956 2064 dum.

195 2088 257 2111 ver.
267 2089 318 2122 24.
338 2078 484 2111 Matthat
496 2081 527 2113 &
542 2080 623 2111 Levi
634 2079 713 2112 inter
728 2080 777 2112 Elt
791 2082 822 2114 &
837 2079 958 2113 Melchc'

195 2124 375 2166 insererent,
385 2139 479 2175 quem
488 2128 708 2175 corrigendum
716 2128 811 2163 dietat
817 2141 872 2176 per
878 2129 957 2164 duo-

195 2187 264 2209 rutn
284 2175 415 2211 istorum
429 2177 686 2224 expunctionem.
734 2178 877 2212 Cordesii
891 2178 956 2213 haec

195 2225 353 2261 conclusio
360 2226 397 2260 ab
412 2226 561 2261 omnibus
575 2228 602 2260 S.
619 2226 781 2271 Scripturae
788 2226 958 2273 perfeetio-

198 2285 270 2307 nem
297 2274 517 2321 profitentibus
535 2275 720 2307 eliminanda
733 2274 794 2310 est:
825 2276 856 2309 in
868 2276 958 2310 variis

196 2332 299 2356 tamen
311 2325 506 2370 optimorum
519 2324 642 2356 Patrum
650 2321 783 2368 antiquis
796 2324 958 2357 codicibus

196 2370 261 2405 duo
273 2370 328 2406 ista
343 2373 470 2406 nomina
483 2369 570 2405 fuisse
582 2368 692 2405 omiffa
705 2382 770 2405 non
787 2370 889 2418 potest
901 2383 957 2405 ne·

196 2422 260 2469 gari
272 2445 280 2457 ‚
313 2432 347 2456 ut
370 2433 440 2456 ante
465 2420 652 2456 Cordefium
677 2420 797 2467 prolixe
821 2420 958 2455 ostendit

197 2470 302 2513 Voffius
315 2471 346 2504 in
365 2471 415 2507 sua
427 2470 465 2505 de
478 2483 592 2518 genere
604 2468 723 2505 Christi
736 2468 954 2517 disceptatione

196 2532 265 2567 pag.
275 2533 320 2554 22.
339 2520 436 2557 Certe
444 2533 511 2568 quae
523 2519 734 2555 adtestmonia
747 2523 860 2557 frenai,
875 2522 957 2554 Am-

198 2569 296 2614 brofii,
323 2573 515 2618 Hieronymi,
541 2569 661 2614 Eustbii
674 2593 683 2609 ,
709 2574 742 2605 &
754 2570 885 2604 aliorum
899 2572 955 2604 Pa-

198 2631 280 2653 trum
294 2619 458 2668 respondet
475 2620 673 2669 Spanhemius
687 2620 737 2653 vix
750 2630 897 2655 enervant
909 2632 956 2653 ar-

199 2670 339 2717 gumenti
358 2669 541 2704 Cordefiani
563 2670 746 2704 antecedens
764 2694 774 2709 ‚
808 2670 955 2704 nimirum

199 2720 370 2753 multorum
383 2722 507 2754 Patrum
519 2718 617 2754 {aeros
629 2719 753 2754 codices
766 2721 859 2755 Lucae
872 2731 957 2766 3.24.

201 2781 268 2803 non
285 2768 387 2817 legisse
405 2769 549 2803 Mitthat
566 2774 598 2804 &
617 2771 707 2802 Levi.
737 2770 797 2803 Sed
810 2769 957 2815 quicquid

202 2817 255 2851 fiat
263 2819 300 2852 de
306 2819 516 2858 antecedente,
526 2816 778 2866 consequentiam
787 2829 859 2851 cum
867 2819 958 2866 Span-

204 2866 299 2899 hemia
318 2867 513 2903 libentiffime
534 2869 711 2903 damnamus
719 2866 729 2907 ,⁴
754 2867 902 2901 nimirum
916 2863 958 2900 sa-

205 2928 290 2950 crum
297 2915 393 2951 hodie
400 2918 541 2953 codicem
549 2918 585 2953 ad
592 2919 674 2952 illam
680 2928 820 2952 veterum
828 2916 958 2951 istorum

203 2965 375 3000 leerionem
399 2969 634 3016 corrigendum,
659 2967 732 3003 cum
754 2968 787 3001 in
811 2966 959 3001 omnibus

204 3028 271 3063 quae
284 3014 380 3050 hodie
393 3027 497 3051 extant
509 3016 718 3066 manuscriptis
731 3015 958 3065 exemplaribus

202 3065 347 3097 Alatthat
366 3069 398 3099 &
417 3068 496 3100 Levi
515 3066 658 3103 distinere
669 3070 817 3116 legantur.
843 3065 958 3100 Tertio

201 3113 276 3150 Post
285 3114 402 3147 ‘Bedam
415 3115 650 3163 &Euthymium
662 3119 739 3152 olim
752 3118 789 3152 ad
810 3131 834 3163 3.
847 3119 955 3155 Lucre,

200 3165 338 3213 plerique
356 3164 451 3200 hodie
475 3166 529 3214 qui
553 3167 698 3212 Africani
721 3166 898 3203 sententiam
916 3164 960 3201 se-

1290 72 1428 111 LIB.
1487 72 1544 110 II.
1725 79 1763 111 61

1002 155 1136 192 quuntur
1144 141 1231 178 facile
1238 145 1409 190 argumenti
1417 144 1469 190 huj
1474 158 1506 179 us
1514 145 1575 178 vim
1583 144 1760 187 retundunt,

1001 193 1190 242 corrigendo
1202 193 1350 238 Africani
1361 191 1473 240 lapsum
1489 195 1519 228 in
1533 192 1677 241 persona,
1691 194 1759 242 lege

1001 244 1084 277 enim
1099 256 1158 289 pro
1171 241 1291 276 Melcht¹
1304 242 1462 279 Mamas,
1487 244 1533 278 vel
1547 255 1579 277 ut
1597 243 1691 277 habet
1703 247 1759 277 Be-

1000 291 1054 327 da,
1082 293 1230 326 Matthat
1242 289 1328 326 fuiffe
1341 291 1536 326 binominem
1550 304 1759 340 vocatumque

1000 340 1092 373 etiam
1107 342 1229 374 Melchi
1240 340 1344 388 (quod
1357 341 1551 389 Spanhemius
1565 346 1594 376 &
1609 345 1758 376 Gomarus

999 386 1124 423 asserere
1136 400 1291 436 coguntur
1303 391 1335 424 in
1354 392 1418 435 ejus
1432 389 1499 423 filio
1511 392 1576 429 Eli,
1603 404 1697 438 quem
1711 403 1758 426 et-

1000 439 1061 473 iarn
1074 439 1209 482 Eliakg'm
1220 439 1268 473 vel
1280 440 1396 482 Ioakg‘m
1408 439 1527 473 dictum
1540 439 1663 478 volunt,
1690 439 1756 474 abs-

1000 501 1061 535 que
1073 489 1161 522 omni
1175 488 1349 536 Scriptura)
1372 487 1435 522 hoc
1446 489 1540 536 ραᾶο
1553 488 1756 535 gravissimum

999 537 1173 587 Spanhemii
1195 548 1412 586 argumentum
1431 539 1539 573 evadet
1559 539 1622 574 leve
1640 542 1671 572 &
1688 540 1756 572 nul-

999 588 1074 622 lum.

1046 636 1193 671 Tertium
1207 636 1379 685 Spanhemii
1396 647 1628 685 argumentum:
1641 636 1707 670 Etsi
1720 649 1756 671 ex

998 687 1147 732 Africani
1159 688 1332 720 narratione
1345 689 1391 731 jus
1405 685 1547 720 leviratfis
1564 697 1757 733 competeret

998 735 1100 769 Iacobo
1113 741 1144 771 &
1157 739 1238 770 Levi
1248 737 1325 771 veris
1337 733 1480 771 fratribus
1491 761 1501 776 ‚
1525 736 1641 770 nullum
1653 747 1757 770 tamen

998 783 1148 830 ejusmodi
1160 788 1207 832 jus
1214 783 1368 832 spectabat
1380 785 1417 820 ad
1433 798 1544 820 eorum
1551 797 1648 832 patres
1661 785 1758 819 Eflhae

998 836 1126 869 maritos
1138 859 1148 874 ‚
1172 836 1226 882 qui
1239 835 1310 869 licet
1323 836 1354 869 in
1367 835 1474 869 eadem
1486 835 1585 875 tribu,
1614 847 1650 868 ex
1668 832 1757 868 fami—

998 885 1045 917 liis
1059 895 1162 918 tamen
1175 895 1262 918 erant
1274 897 1390 932 magno
1400 885 1560 919 intervallo
1573 884 1676 919 diffitis
1685 908 1694 924 ‚
1714 884 1757 918 al-

997 944 1043 967 ter
1056 946 1092 967 ex
1104 933 1279 972 Solomonis,
1294 935 1368 967 alter
1380 946 1416 967 ex
1428 933 1580 968 Nathanis
1593 934 1709 974 domo;
1725 937 1757 968 &

998 982 1074 1018 vero
1083 983 1173 1018 vidua
1184 983 1262 1030 apud
1271 983 1397 1030 Judaeos
1411 984 1447 1017 ad
1459 983 1641 1017 nubendum
1651 983 1757 1029 proxi-

997 1045 1053 1066 mo
1065 1033 1165 1067 mariti
1179 1042 1290 1080 agnato
1303 1032 1529 1080 astringebatur.
1542 1029 1635 1079 Resp.
1648 1033 1758 1066 Nemo

997 1094 1132 1129 unquam
1145 1081 1305 1129 praetendit
1323 1081 1465 1117 levirarfis
1483 1084 1531 1126 jus
1556 1082 1589 1115 in
1607 1082 1757 1128 conjugio

997 1131 1093 1164 Esshae
1100 1156 1109 1171 ,
1120 1132 1208 1179 quod
1217 1140 1345 1165 mortuo
1353 1131 1474 1164 Melcht
1483 1130 1553 1178 post
1560 1132 1699 1178 genitum
1708 1134 1757 1163 la-

994 1180 1116 1220 cabum,
1143 1179 1290 1213 Matthat
1301 1180 1432 1213 Efbham
1445 1180 1580 1219 duxerit,
1594 1180 1625 1214 id
1639 1178 1757 1213 fachun

993 1242 1030 1264 ex
1043 1242 1132 1264 mero
1145 1229 1277 1277 partium
1291 1229 1438 1270 arbitrio,
1463 1242 1565 1278 neque
1578 1229 1634 1263 ulla
1647 1230 1692 1263 lex
1707 1239 1757 1263 aut

994 1278 1185 1314 consuetudo
1204 1278 1284 1325 apud
1297 1279 1444 1325 Judaeos‚
1475 1289 1529 1313 aut
1554 1279 1646 1314 ullam
1665 1279 1755 1312 aliam

994 1339 1118 1376 gentem
1136 1325 1258 1363 viduam
1277 1340 1346 1375 quae
1366 1327 1537 1368 haercdem,
1567 1341 1702 1375 eumque
1715 1326 1754 1361 fi-

994 1379 1068 1414 lium
1082 1378 1177 1426 priori
1196 1377 1309 1411 marito
1322 1377 1497 1424 peperisset,
1523 1377 1559 1411 ad
1572 1377 1753 1413 nubendum

993 1430 1139 1476 proximo
1153 1427 1253 1462 mariti
1268 1438 1380 1474 agnato
1396 1427 1613 1474 compellebat.

1042 1482 1210 1529 Qartum.
1234 1476 1311 1510 Dici
1324 1488 1389 1509 non
1402 1475 1505 1525 potest
1523 1477 1573 1511 cui
1588 1477 1676 1511 bono
1689 1478 1754 1510 Lu-

994 1541 1044 1563 cas
1058 1540 1121 1563 tam
1135 1527 1262 1575 longam
1279 1526 1391 1561 lineam
1411 1526 1530 1561 duxerit
1544 1524 1688 1574 prosapiae
1701 1524 1753 1574 Jo-

987 1578 1070 1627 fi’phi
1093 1577 1196 1625 legalis
1209 1600 1219 1616 ‚
1247 1575 1301 1623 qui
1320 1585 1439 1610 tantum
1461 1577 1614 1626 putativus
1632 1575 1753 1611 christi

993 1640 1078 1676 pater
1091 1638 1172 1668 erat;
1192 1625 1297 1660 amiisfi
1308 1625 1527 1666 Mariaelinea,
1552 1638 1619 1674 quae
1633 1623 1753 1661 Christi

993 1690 1063 1712 vera
1075 1676 1134 1712 fuit
1151 1687 1258 1711 mater.
1277 1673 1370 1723 Resp.
1386 1688 1412 1711 1.
1436 1675 1591 1710 lubricum
1610 1675 1693 1710 valde
1706 1674 1752 1709 est

992 1727 1056 1762 hoc
1076 1737 1308 1776 argumentum,
1334 1737 1445 1773 negare
1468 1723 1585 1759 fretum
1599 1736 1649 1760 aut
1661 1724 1698 1759 de
1708 1721 1753 1758 fa-

992 1779 1047 1812 ἑὶο
1055 1777 1210 1816 dubitare,
1226 1777 1311 1820 cujus
1318 1787 1452 1810 rationes
1466 1780 1498 1811 &
1511 1775 1752 1810 commodanon

992 1826 1103 1875 poffint
1116 1825 1201 1860 illico
1224 1824 1357 1859 ostendi.
1368 1837 1394 1859 2.
1424 1827 1577 1861 Veterum
1594 1824 1753 1859 recentio-

991 1889 1122 1925 rumque
1134 1875 1240 1914 turba‚
1267 1887 1333 1923 quae
1343 1873 1571 1922 Euangelistam
1584 1885 1751 1922 utrumque

991 1927 1208 1976 genealogiam
1221 1922 1301 1959 suam
1315 1923 1352 1958 ad
1366 1923 1519 1973 lvfiphum
1532 1924 1698 1958 terminare
1706 1921 1752 1957 as-

990 1977 1075 2017 serit,
1096 1976 1207 2011 multas
1220 1973 1412 2018 divinihujus
1425 1971 1498 2007 facti
1507 1974 1642 2007 rationes
1652 1971 1750 2012 affert,

990 2040 1065 2076 quas
1077 2025 1154 2060 nihil
1167 2024 1274 2058 attinet
1287 2034 1468 2069 repetere.3.
1483 2022 1535 2056 Ab
1544 2022 1691 2056 omnibus
1699 2034 1753 2055 ne-

991 2089 1078 2126 gatur
1091 2076 1235 2112 Mariae
1248 2072 1463 2121 genealogiam
1475 2072 1665 2119 praetermitti
1673 2096 1683 2112 ‚
1701 2069 1751 2105 sed

992 2129 1023 2161 in
1038 2126 1151 2176 Jofi’phi
1169 2135 1284 2172 genere
1303 2122 1433 2161 includi,
1464 2132 1498 2155 ut
1517 2119 1558 2154 sui
1571 2121 1705 2168 proximi
1717 2133 1749 2154 a-

992 2178 1090 2224 gnati.
1103 2189 1136 2222 4.
1164 2173 1337 2208 Rationem
1351 2173 1368 2205 a.
1385 2170 1493 2215 Pseudo
1506 2169 1613 2214 Instmo
1631 2171 1749 2204 allatam

991 2226 1071 2259 male
1083 2224 1183 2267 rejicit
1193 2222 1405 2269 Spanhemius,
1427 2232 1602 2267 quanquam
1617 2220 1699 2254 enim
1713 2219 1750 2252 ad

990 2283 1089 2307 totam
1103 2270 1210 2306 seriem
1224 2282 1288 2304 non
1301 2269 1416 2317 spchet
1429 2294 1438 2309 ‚
1474 2268 1538 2302 satis
1555 2280 1658 2304 tamen
1672 2268 1715 2302 est
1729 2267 1750 2302 si

990 2323 1027 2354 ad
1040 2322 1167 2354 ultimos
1181 2318 1265 2352 seriei
1284 2321 1413 2365 gradus,
1443 2318 1556 2364 quibus
1575 2320 1642 2351 unis
1655 2317 1749 2351 desti-

991 2369 1135 2408 nabatur,
1161 2367 1331 2402 commode
1351 2367 1497 2413 applicata
1511 2365 1564 2400 sit:
1597 2367 1628 2399 id
1646 2376 1749 2399 autem

990 2418 1071 2453 belle
1083 2416 1200 2452 factum
1212 2416 1346 2452 videtur,
1360 2427 1431 2449 nam
1444 2415 1497 2462 qui
1510 2414 1607 2461 aptius
1619 2415 1749 2448 illustra-

990 2469 1014 2502 ri
1027 2468 1129 2515 potuit
1140 2492 1150 2507 ‚
1181 2465 1342 2501 Christum
1357 2465 1460 2500 datum
1473 2464 1585 2513 Iosepho
1603 2465 1634 2498 in
1648 2464 1747 2498 filium

990 2517 1119 2565 legalem
1132 2529 1169 2551 ex
1188 2513 1305 2548 Mami
1323 2516 1457 2561 conjuge
1470 2513 1531 2547 fine
1544 2515 1633 2547 omni
1645 2511 1699 2548 suo
1712 2526 1748 2548 o-

990 2579 1063 2615 pere
1075 2592 1086 2607 ,
1117 2577 1209 2614 quam
1223 2578 1259 2599 ex
1278 2563 1366 2599 fimili
1382 2563 1452 2609 (etsi
1470 2575 1535 2597 non
1553 2562 1701 2597 omnibus
1714 2576 1747 2597 a-

990 2618 1064 2665 pto)
1079 2629 1144 2663 quo
1157 2612 1218 2663 ipse
1230 2615 1322 2649 etiam
1334 2613 1350 2648 a
1363 2624 1458 2648 matre
1471 2612 1521 2647 sua
1532 2614 1619 2662 legali
1631 2613 1708 2660 patri
1720 2613 1747 2647 i-

989 2666 1069 2715 psius
1081 2667 1146 2705 Eli,
1183 2662 1297 2712 absque
1308 2664 1396 2698 omni
1415 2665 1480 2708 ejus
1499 2675 1611 2709 opere,
1636 2663 1747 2710 pariter

990 2716 1156 2752 secundum
1169 2715 1251 2763 leges
1265 2712 1378 2748 Israelis
1392 2713 1477 2748 datus
1489 2712 1544 2746 fit?

1036 2769 1149 2800 Praeter
1160 2764 1225 2799 haec
1236 2775 1385 2811 quatuor,
1400 2764 1454 2797 alia
1463 2775 1575 2798 novem
1582 2774 1746 2810 argumen-

991 2827 1021 2850 ta
1033 2812 1152 2862 profert
1172 2814 1368 2862 Spanhemius
1388 2824 1495 2847 contra
1519 2813 1667 2857 Africani
1680 2810 1746 2846 sen-

992 2865 1118 2899 tentiam
1126 2864 1158 2898 in
1170 2864 1279 2900 eidem
1291 2863 1452 2902 Diatriba‚
1469 2875 1584 2910 paragr.
1595 2874 1640 2898 12.
1654 2875 1690 2897 ex
1697 2861 1745 2896 his

992 2915 1058 2950 duo
1076 2924 1194 2948 tantum
1212 2916 1359 2961 attingam
1379 2912 1539 2961 septimum
1558 2917 1588 2947 &
1607 2925 1744 2953 nonum,

993 2975 1100 3000 caetera
1109 2962 1245 3004 transeo,
1277 2963 1364 3011 quod
1377 2963 1427 2997 vel
1439 2975 1509 2997 cum
1523 2962 1677 3009 prioribus
1689 2973 1746 2996 co-

992 3015 1144 3050 incidant‚
1169 3013 1218 3048 vel
1235 3013 1364 3048 minoris
1383 3012 1440 3047 fint
1457 3012 1618 3046 momenti.
1646 3012 1746 3059 Septi-

993 3077 1079 3099 mum
1094 3063 1157 3097 hoc
1169 3062 1224 3097 est.
1249 3065 1334 3099 Cum
1347 3074 1423 3097 unus
1437 3062 1516 3097 filius
1530 3060 1748 3097 secundumle-

994 3126 1046 3162 ges
1061 3113 1203 3147 levitatfis
1215 3115 1294 3149 duos
1306 3111 1411 3147 fratres
1423 3112 1516 3147 habet
1529 3124 1587 3160 pro
1600 3112 1748 3160 patribus,

994 3165 1122 3200 alterum
1141 3175 1202 3212 pro
1218 3175 1303 3213 patre
1315 3163 1461 3204 naturali,
1485 3163 1613 3198 alterum
1627 3175 1685 3211 pro
1703 3161 1748 3194 le-

1353 3212 1418 3252 Hh
1441 3227 1455 3260 3
1670 3210 1747 3257 gali,
