2048 3343
0 1058 2 1074 i

22 1088 134 1118 Setrdum

0 1128 2 1165 ξ
17 1138 77 1158 ame
90 1128 161 1157 Chri-

0 1169 2 1200 ἷ
12 1170 139 1207 stamfuit

0 1241 1 1253 ἵ
18 1211 129 1246 miserri-

19 1261 90 1280 mm.

21 2075 60 2096 tu
75 2067 150 2104 Syrie

28 2230 153 2268 adjungit·

403 95 486 120 ετ
547 84 1217 125 CHR0N0L00,1cl

1281 85 1401 122 L113.
1432 86 1459 124 Ι.
1645 94 1726 134 287

179 170 301 194 certum
312 167 439 204 tempus
449 157 557 192 referri
570 156 830 206 posse,p:iulatirri
841 157 929 191 enim
974 157 1148 190 convertit.
1175 154 1283 190 Urbes
1293 157 1416 203 aliquot
1429 158 1570 197 Galilxae
1584 160 1613 193 vi
1626 162 1723 207 capit,

178 209 218 243 ab
229 210 308 242 urbe
322 207 359 240 ad
369 206 452 241 solos
466 220 577 242 muros
587 219 661 240 cuin
678 209 786 253 paucis
796 204 931 240 aed1bus‚

179 262 213 292 ὅ(
233 258 307 291 inde
319 257 356 290 ad
371 269 472 291 meras
485 259 590 291 ruinas
609 260 639 289 &
658 255 768 289 rudera
787 255 851 288 line
867 252 929 286 ullai

179 308 209 340 vi
221 304 359 340 humani«
372 305 434 339 iolfi
445 318 543 338 manu
558 305 619 338 Dei
630 303 850 338 evanescebat:
863 301 925 337 do'-

177 368 237 390 nec
260 356 300 390 :ib
320 357 443 402 aliquot
465 354 576 388 seculis
595 353 658 398 ipsa
670 353 780 387 rudera
799 351 926 387 ati-ans—

175 406 328 439 euntibus
346 406 397 438 vix
412 402 531 451 possint
544 401 634 437 certo
644 403 813 450 cognosci.
842 404 926 444 Quae

175 457 262 488 enim
281 453 297 487 ῖι
317 451 509 499 quibusdam
532 453 615 500 apud
633 449 812 495 Purclmfium
825 452 883 486 lib.
901 463 927 485 1.

177 516 245 551 cap.
259 515 315 538 20.
337 501 565 536 itinerantibus
586 515 643 549 pro
662 501 769 549 priscae
788 501 928 548 Babylo-

179 555 229 586 nis
249 553 416 587 ruderibus
438 564 569 600 accepta
585 555 674 591 lunt,
702 552 765 598 ipsa
781 550 839 585 effe
861 563 929 584 non

179 602 306 651 poliunt
316 629 325 642 ‚
337 601 412 636 cum
423 603 455 635 in
466 602 570 636 medici
581 601 682 648 prope
695 599 745 634 vizi
755 603 837 634 inter
847 603 930 647 Bag-

179 655 285 687 datam
297 651 347 686 seu
358 653 534 686 Seleuciam
545 656 575 686 δέ
586 650 717 699 priscam
727 650 930 697 Babylonem

177 713 316 748 jaceant.

359 798 445 833 CA
479 809 599 832 ιἰιτ
648 798 756 832 XIlI.

180 899 235 931 De
246 887 349 930 rebus
356 887 454 944 gestis
467 886 602 943 Epochae
613 884 878 942 nobssstptimm
888 883 932 923 ab

222 944 225 947 ’
257 947 470 984 Aristobuli
481 958 519 982 m
534 942 643 986 Iudaea
655 949 813 994 Regnum
826 940 873 979 ad

376 1011 500 1039 natum
512 998 721 1038 Christum.

274 1085 539 1124 Uemadmodum
554 1081 759 1118 clariffimum
775 1095 867 1117 mane
878 1094 933 1116 an-

275 1137 419 1172 tecedere
428 1135 531 1169 solent
541 1131 726 1167 crassissimae
738 1131 888 1170 tenebrae,
898 1134 932 1165 &

178 1188 463 1236 appropinquante
474 1182 665 1231 crepusculo
677 1179 854 1216 obscuritas
867 1181 934 1228 ple-

179 1248 318 1283 rumque
329 1234 427 1283 quam
440 1235 474 1268 iri
486 1232 590 1267 media
600 1232 696 1266 ῃοᾶε
710 1234 824 1276 major,
838 1232 879 1264 ita
890 1230 933 1264 se·

179 1286 288 1321 culum
299 1283 502 1318 clarissimam
523 1287 553 1316 &
566 1280 777 1316 feliciffimam
795 1281 934 1315 Domini

177 1336 386 1370 nativitatem
414 1332 612 1380 praecedens,
638 1332 782 1378 priorum
793 1331 934 1378 quodvis

176 1386 313 1432 caligine
323 1380 398 1418 cum
409 1384 620 1427 iniquitatum
630 1392 699 1415 tum
710 1381 932 1415 calamitatum

176 1433 349 1482 superabat.

228 1482 329 1529 Apud
349 1480 478 1524 Judaeos
502 1480 564 1514 Dei
584 1479 742 1528 populum
755 1491 801 1512 res
815 1478 855 1513 fic
872 1476 934 1513 sese

176 1543 247 1567 tum
265 1532 426 1579 temporis
443 1529 616 1563 habebant.
642 1527 815 1563 Aristobulo
826 1542 864 1563 ex
880 1526 934 1561 As—

173 1581 338 1617 samonae³s
351 1583 458 1630 primo
469 1580 558 1626 Rege
568 1577 743 1618 defunfflo,
762 1578 871 1627 Regni
890 1577 933 1611 sui

173 1645 261 1666 anno
275 1628 345 1679 ipso
357 1631 465 1678 primo
478 1653 486 1664 ‚
500 1634 567 1674 eJ'us
578 1641 656 1662 uxor
667 1630 780 1662 salome
791 1633 805 1672 (
817 1630 867 1662 cui
880 1640 935 1662 co-

173 1693 366 1728 cognomen
386 1678 589 1718 Alexandra)
608 1675 801 1725 sagacissima
818 1679 937 1712 mulier

174 1731 282 1765 mariti
306 1742 369 1765 tres
389 1728 570 1774 superstites
587 1726 699 1762 fratres
719 1729 877 1765 vinculis,
902 1729 935 1761 in

175 1793 246 1828 quae
267 1779 306 1814 ab
335 1776 495 1816 Aristobulo
517 1778 657 1820 conjecti
678 1789 770 1812 erant
788 1802 797 1815 ‚
816 1777 934 1816 solvit,

174 1842 360 1877 eorumque
383 1839 463 1862 natu
485 1829 668 1861 niaximum
688 1828 828 1861 lunnaeum
848 1831 933 1871 (co-

175 1891 359 1927 gnomento
371 1877 596 1915 Alexandrum)
607 1877 639 1910 in
649 1877 748 1924 Regis
759 1877 835 1912 cum
847 1877 936 1912 thro·

178 1941 223 1962 no
236 1940 305 1961 tum
319 1939 395 1961 toro
406 1927 594 1961 collocavit.

227 1978 373 2011 Primum
397 1975 567 2010 Alexandri
590 1973 717 2009 facinus
731 1975 791 2009 fuit
803 1973 932 2009 fratrem

127 2041 136 2045 ·
177 2023 384 2061 alterumsibi
399 2025 602 2060 insidiantem
615 2024 829 2059 obtruncare:
857 2024 934 2059 alte-

178 2089 248 2110 rum
263 2077 386 2124 ingenii
398 2076 582 2123 placidioris
594 2076 626 2108 in
640 2073 702 2108 vitii
713 2073 823 2123 quieta'i
835 2076 930 2123 dege-

148 2163 156 2167 *
178 2137 209 2160 re
222 2126 384 2171 permisit,
415 2125 584 2172 ipseomni
600 2123 663 2158 vitai
676 2124 827 2171 perparvsi
848 2125 934 2159 Pon-

180 2173 322 2210 tificatt'is
341 2173 414 2209 curii
424 2176 526 2209 mestus
540 2197 548 2210 ,
567 2175 600 2207 in
625 2174 742 2219 Regno
754 2184 844 2207 totus
857 2173 936 2207 nihii

181 2225 267 2257 aliud
294 2224 389 2271 quam
426 2225 568 2258 Martem
609 2222 759 2272 armaque
788 2219 934 2269 spirabat.

182 2271 330 2306 Subaetis
340 2274 455 2308 vicinis
469 2274 561 2319 Syriae
574 2273 686 2305 multis
697 2271 844 2317 oppidis,
859 2272 937 2305 Pto-

183 2321 352 2355 lemaidem
372 2321 522 2355 obsedit:
549 2318 662 2353 obsessi
684 2319 865 2353 Ptolemaeum
878 2323 937 2353 La-

182 2368 296 2414 thyrum
307 2382 344 2406 ex
356 2372 484 2417 Cypro,
505 2368 560 2402 ubi
574 2368 727 2416 Cleopatrae
740 2370 852 2402 matris
873 2370 937 2402 vim

181 2418 370 2467 fraudesque
389 2422 491 2454 vitans
507 2417 622 2465 agebat
639 2442 649 2457 ,
677 2418 834 2452 vocabant
854 2419 887 2451 iu
903 2431 937 2451 o·

182 2481 267 2517 pem.
321 2471 413 2502 Dum
441 2470 474 2501 in
509 2469 592 2501 viam
627 2465 655 2501 se
683 2464 813 2500 dedisset
839 2466 938 2500 Ptole-

183 2531 270 2553 maeus
287 2530 362 2552 cum
385 2518 511 2565 maguis
529 2517 633 2563 copiis
646 2541 656 2557 ,
684 2527 864 2551 metuentes
875 2516 937 2550 ob—

185 2566 254 2602 seffi
274 2580 312 2601 ne
336 2571 427 2615 pejus
446 2568 462 2601 a
481 2565 632 2600 Ptolemm
652 2565 754 2612 quam
773 2566 812 2600 ab
841 2565 939 2600 eAle-

184 2617 296 2651 xandro
321 2618 551 2651 mulctarentur
571 2639 579 2652 ‚
613 2617 767 2650 auxilium
797 2619 866 2660 ejus
889 2629 940 2650 re·

184 2665 379 2715 pudiiirunt‚
399 2668 550 2700 necintra
564 2665 676 2699 urbem
689 2667 866 2700 voluerunt
883 2665 937 2698 ad-

185 2717 322 2750 mittere.
352 2714 530 2750 Alexander
541 2725 630 2747 metu
643 2714 787 2748 Ptolemaei
800 2714 938 2749 solverat

185 2764 412 2801 obsidionem,
444 2764 495 2798 sed
521 2762 735 2797 animadversa
760 2765 938 2797 Ptolemai-

188 2813 332 2848 densium
352 2814 369 2848 a
390 2813 538 2848 Ptolemaeo
558 2813 774 2851 alienatione,
800 2824 875 2845 cum
898 2825 939 2846 eo

189 2864 338 2897 amicitiae
355 2862 464 2898 foedus
480 2865 542 2898 init
559 2888 568 2902 ,
596 2863 705 2909 paRus
728 2862 942 2910 quadraginta

192 2911 326 2949 talenta5
341 2923 376 2945 ut
388 2925 472 2947 arma
483 2911 585 2947 secum
598 2924 709 2946 contra
721 2913 874 2945 inimicos
887 2911 939 2946 so—

193 2963 290 2995 ciaret
325 2961 446 2995 Interea
460 2975 536 2996 curri
550 2960 692 2996 Ptolemae
704 2972 803 2995 matre
816 2965 846 2995 &
860 2960 941 2995 iufe-

192 3007 321 3045 stislimzi
336 3009 463 3044 inimicia
482 3013 561 3044 clam
575 3011 691 3058 agebat
703 3036 712 3050 ‚
726 3012 823 3044 utilla
836 3013 942 3057 copias

192 3070 388 3098 maturaret,
412 3059 531 3105 quibus
542 3057 645 3093 filium
663 3059 832 3106 depelleret
854 3059 942 3107 Syria

191 3110 223 3143 in
238 3110 358 3155 priores
370 3108 470 3155 Cypri
481 3108 616 3142 latebras
634 3133 643 3148 ,
673 3110 836 3143 Ptolemaem
849 3123 937 3144 com-

191 3157 279 3204 perti
294 3156 466 3193 Alexandri
482 3156 592 3192 fraude
603 3181 613 3198 ‚
631 3162 746 3194 contra
764 3171 838 3194 eum
852 3172 941 3195 arma

973 205 1073 238 multa
1094 204 1284 249 Judaeomm
1311 206 1414 238 millia
1439 207 1538 243 delet,
1565 212 1597 243 &
1618 208 1724 243 versus

971 251 1236 300 Hierosolymam
1257 254 1404 288 moventi
1423 259 1562 290 occurrit
1585 258 1727 292 Alexan-

969 299 1021 333 der
1032 301 1070 334 ad
1088 302 1263 348 jordanem
1277 315 1351 337 cum
1373 303 1520 337 millibus
1531 308 1721 353 offitoginta:

970 349 1095 383 strenue
1112 363 1272 397 pugnatur
1285 353 1459 400 utrimque,
1473 355 1599 388 tandem
1613 368 1724 391 tamen

971 398 1056 446 fugit
1079 399 1255 447 Alexander
1275 401 1355 435 caesis
1375 415 1412 435 ex
1433 401 1655 450 suistriginta‚
1681 405 1725 439 se-

972 450 1116 483 cundum
1128 449 1627 497 alios,quinqiiagintamillibus,
1655 457 1725 487 Pto-

971 497 1427 547 lemaeusquoscunqueinvicis
1439 502 1729 538 naftuselhmem·

975 547 1089 581 bratim
1120 546 1266 582 dill'effi'tos
1287 550 1382 596 coqui
1406 553 1438 583 &
1453 548 1538 584 assari
1559 554 1729 600 pracepit,

975 596 1043 644 quo
1059 599 1210 640 majorem
1224 597 1341 642 Judaeis
1360 597 1487 633 suoiuin
1505 613 1628 634 metum
1644 601 1730 648 quafi

976 645 1202 692 disspwrroooe'ywv
1218 649 1388 682 incuteret.
1425 648 1567 684 Vastanii
1585 651 1730 698 Judaeam

977 694 1124 729 Ptolemaeo
1135 695 1314 742 supervenit
1333 710 1405 730 cum
1428 701 1554 745 magnis
1574 701 1677 747 copiis
1690 700 1732 734 ab

979 748 1118 792 AEgypto
1130 745 1286 792 Cleopatra
1298 770 1306 781 ‚
1325 745 1409 780 filius
1422 758 1456 780 ut
1479 761 1614 783 vacuam
1630 762 1732 784 occu-

977 806 1061 840 paret
1076 795 1254 841 AEgyptuni
1267 794 1306 829 eo
1325 798 1527 842 properavit:
1556 799 1605 833 sed
1617 801 1732 833 omnia

977 854 1042 877 tam
1064 844 1167 890 probe
1203 846 1329 878 munita
1358 847 1529 891 reliquerat
1557 848 1732 896 Cleopatra,

978 903 1012 925 ut
1025 892 1145 926 necesse
1159 891 1306 927 habuerit
1322 893 1490 928 Ptolemaeus
1507 897 1544 929 ad
1564 898 1731 943 pristinum

978 940 1069 975 suum
1087 942 1219 975 exilium
1233 943 1264 975 in
1278 943 1390 989 Cypro
1403 945 1611 981 retrocedere.

1028 990 1220 1026 vilrxander
1240 993 1467 1039 AEgyptiorum
1488 1005 1577 1028 metu
1598 993 1681 1029 liber
1696 995 1734 1029 ad

978 1041 1098 1075 vicinae
1113 1041 1206 1084 Syriae
1225 1041 1317 1075 urbes
1330 1041 1532 1090 occupandas
1546 1043 1574 1077 se
1592 1056 1732 1078 conver-

977 1091 1043 1123 tit:
1079 1090 1205 1124 Gazam
1233 1091 1422 1137 proditione
1449 1103 1575 1139 captam
1603 1103 1733 1126 tantum

978 1150 1048 1172 non
1069 1137 1217 1173 funditus
1235 1141 1359 1175 evertit.
1395 1142 1486 1175 Dum
1516 1140 1561 1175 ob
1582 1143 1733 1176 vietorias

977 1189 1068 1222 laetus
1080 1189 1111 1221 iti
1122 1189 1250 1235 templo
1260 1187 1463 1230 sacrificaret,
1478 1189 1734 1226 :il’liarisaeorum

978 1237 1172 1284 quibusdam
1201 1239 1402 1274 contumeliii
1437 1239 1569 1274 affectus
1595 1240 1740 1290 eousque

979 1287 1173 1326 excanduit,
1202 1299 1237 1321 tit
1257 1300 1371 1323 eorum
1393 1288 1445 1324 sex
1467 1289 1565 1325 millia
1587 1301 1741 1331 necaret,

981 1336 1148 1383 propterea
1161 1336 1311 1371 homines
1324 1340 1495 1386 populares
1506 1344 1536 1374 δέ
1549 1338 1673 1374 faeliosi
1684 1353 1740 1386 per

980 1398 1084 1420 totam
1103 1389 1204 1421 vitam
1235 1388 1351 1421 multas
1375 1388 1431 1435 ipsi
1462 1389 1572 1423 turbas
1591 1387 1742 1423 concita-

982 1447 1054 1470 runt
1072 1462 1081 1476 ‚
1110 1437 1143 1470 in
1159 1433 1279 1483 quibus
1298 1449 1366 1471 nori
1385 1441 1552 1484 pauciores
1574 1441 1739 1486 quinqua-

979 1487 1070 1533 ginta
1088 1486 1233 1520 millibus
1261 1485 1450 1530 Judaeorum
1463 1490 1646 1535 perierunt:
1675 1489 1738 1521 ali-

980 1535 1111 1582 quando
1123 1538 1207 1569 enim
1223 1536 1357 1576 Arabas,
1371 1537 1542 1583 aliquando
1557 1540 1667 1584 Syros,
1679 1538 1738 1570 ali·

980 1585 1114 1632 quando
1125 1585 1204 1618 alios
1223 1585 1384 1619 vocabant
1397 1585 1528 1620 rebelles
1541 1588 1578 1620 ad
1593 1586 1647 1630 sibi
1662 1585 1739 1634 stip-

983 1637 1083 1680 petias
1106 1633 1293 1673 ferendum
1315 1648 1389 1668 cum
1409 1637 1528 1683 quibus
1554 1635 1624 1669 Rei<
1647 1638 1737 1669 vario

982 1684 1090 1718 Marte
1102 1685 1245 1721 certavit,
1259 1683 1367 1718 donec
1381 1686 1510 1719 tandem
1526 1687 1629 1719 vieior
1642 1687 1743 1719 niaxi-

983 1733 1036 1767 nie
1065 1732 1289 1768 seditiosorum
1320 1736 1529 1782 ostingentos
1553 1733 1744 1782 Hierosoly-

981 1793 1068 1817 mam
1082 1783 1236 1817 αάἀυὲὶοε
1249 1785 1400 1819 crucibus
1411 1783 1523 1822 affixit,
1536 1785 1692 1819 uxoribus
1703 1797 1740 1818 ac

979 1833 1086 1867 liberis
1102 1835 1135 1866 in
1154 1831 1297 1878 ipsorum
1311 1835 1488 1881 conspeetu
1501 1833 1588 1881 prius
1602 1846 1740 1868 contru-

982 1882 1194 1920 cidaris‚dum
1206 1883 1271 1928 ipse
1283 1884 1411 1917 interim
1425 1896 1497 1917 cum
1510 1885 1689 1918 luisamicis
1703 1886 1737 1917 δε

981 1931 1175 1966 concubinis
1188 1929 1352 1978 splendide
1362 1935 1605 1967 convivaretur.

1030 1982 1076 2014 Ex
1098 1981 1290 2014 temulenti&
1312 1982 1443 2016 tandem
1471 1979 1625 2029 quartana
1650 1979 1734 2015 febri

981 2041 1151 2077 correptus
1162 2054 1170 2066 ‚
1190 2029 1258 2076 post
1269 2031 1429 2065 triennem
1442 2031 1597 2065 morbum
1616 2028 1631 2063 ὲ
1645 2030 1735 2064 bello

981 2091 1151 2127 nunquam
1177 2077 1292 2113 cessans
1311 2081 1444 2114 interiit.
1488 2083 1576 2114 Ante
1595 2090 1736 2114 mortem

982 2130 1109 2177 lugenti
1123 2131 1214 2163 uxori
1235 2128 1336 2165 suasit,
1346 2141 1381 2163 ut
1393 2141 1512 2176 corpus
1525 2128 1615 2163 suum
1627 2129 1736 2163 Phari-

982 2177 1042 2212 saeis
1056 2191 1092 2211 ex
1114 2176 1255 2223 ipsorum
1278 2179 1411 2213 arbitrio
1432 2179 1655 2213 dilaniandum
1674 2190 1740 2212 tra-

981 2227 1083 2265 deret,
1094 2224 1157 2259 fide
1166 2225 1236 2260 data
1249 2226 1345 2273 ipsam
1360 2241 1427 2262 non
1443 2228 1499 2262 nisi
1512 2241 1549 2262 ex
1564 2241 1679 2262 eorum
1692 2240 1744 2262 ar-

982 2276 1080 2309 bitrio
1094 2277 1247 2321 Regnum
1261 2279 1292 2309 i'n
1313 2277 1477 2324 posterum
1501 2278 1739 2311 administratu-

983 2337 1062 2358 ram.
1097 2326 1170 2357 Hac
1193 2337 1260 2359 arte
1280 2329 1446 2360 conciliati
1469 2325 1611 2359 Pharisaei
1629 2325 1742 2358 omnia

984 2373 1073 2406 bona
1085 2373 1123 2406 ad
1136 2374 1296 2420 populum
1310 2376 1350 2409 de
1362 2373 1537 2409 Alexandro
1552 2377 1586 2407 ὃ(
1599 2374 1743 2408 Alexan-

983 2421 1035 2455 dri
1045 2425 1280 2457 concionantes
1292 2448 1301 2463 ‚
1324 2425 1369 2458 illi
1394 2422 1681 2471 splendidiffimam
1696 2421 1744 2455 se-

985 2472 1168 2517 pulturam,
1196 2475 1228 2505 &
1246 2472 1322 2506 huic
1348 2473 1496 2507 securum
1524 2483 1743 2519 pacatumque

985 2522 1139 2568 Regnum
1153 2518 1378 2566 praestiterunt.
1407 2520 1584 2555 Alexandro
1595 2520 1659 2555 duo
1673 2519 1743 2554 fue-

984 2582 1060 2603 runt
1073 2568 1309 2610 filhfincanm,
1329 2570 1445 2617 placidi
1460 2573 1491 2604 &
1506 2571 1613 2617 ignavi
1627 2572 1673 2604 vir
1692 2571 1743 2604 in-

982 2620 1091 2667 genii,
1110 2616 1330 2661 eArtstobulus,
1360 2618 1528 2654 ambitiosi
1552 2632 1586 2653 ac
1609 2619 1740 2653 turbidi.

986 2667 1180 2702 eAlexandra
1199 2667 1426 2703 Pharisaeorum
1447 2667 1556 2703 favore
1566 2666 1691 2703 suffulta
1702 2679 1742 2702 ex

985 2719 1091 2752 mariti
1103 2717 1317 2752 Testamento
1330 2718 1471 2753 habenas
1484 2719 1591 2765 Regni
1610 2717 1664 2752 sibi
1683 2716 1743 2752 soli

985 2768 1119 2800 retinuit
1132 2789 1140 2801 ,
1153 2766 1348 2802 pontificatu
1362 2770 1501 2803 Hermo,
1512 2772 1542 2801 δέ
1552 2767 1670 2812 opibus
1682 2769 1744 2813 pri-

986 2817 1067 2848 vatis
1078 2814 1242 2855 Artstobulo
1254 2817 1420 2852 concessis
1451 2819 1483 2851 Si
1500 2830 1553 2863 per
1566 2817 1742 2850 Pliarisaeo-

986 2877 1055 2898 rum
1069 2866 1235 2898 avaritiam
1248 2870 1277 2900 δι
1292 2867 1473 2913 superbiam
1488 2866 1625 2900 licuisset
1637 2890 1646 2905 ,
1668 2878 1744 2912 pru-

986 2913 1063 2948 dens
1082 2914 1196 2947 rnulier
1222 2927 1355 2962 gentem
1381 2919 1411 2950 in
1430 2928 1506 2963 pace
1525 2919 1560 2949 δέ
1575 2913 1744 2962 opulentiz‘i.

989 2962 1195 2997 continuilset
1207 2977 1214 2996 :
1227 2965 1332 2999 alebat
1342 2969 1428 3000 enim
1443 2977 1591 3011 magnam
1607 2978 1743 2999 manum

986 3024 1210 3046 extraneorum
1237 3016 1382 3048 militum
1406 3039 1415 3054 ,
1450 3016 1505 3060 qui
1529 3027 1582 3061 per
1608 3013 1745 3061 prasidia

985 3061 1109 3109 dispersi
1124 3061 1350 3097 seditiosorum
1363 3075 1474 3097 motus
1489 3074 1523 3096 ut
1536 3065 1675 3111 primum
1688 3076 1743 3098 or-

985 3123 1036 3145 tos
1046 3111 1306 3156 supprimebant.

1038 3162 1174 3196 Vicinos
1199 3160 1234 3196 efi
1259 3160 1448 3209 tempestate
1474 3160 1628 3197 intestina
1655 3159 1742 3242 bglla

1662 3221 1679 3242 a
1703 3219 1742 3242 eo

1752 994 1879 1023 „Alexan-

1754 1034 1795 1062 der
1806 1035 1875 1062 Pha-

1749 1076 1796 1112 ηρ
1800 1086 1865 1101 orum

1746 1125 1789 1154 per
1799 1124 1883 1143 ‹cutor-

1752 1981 1882 2011 ,Alexan-

1755 2021 1800 2049 dra
1814 2022 1883 2050 Pha-

1757 2063 1823 2097 risu'a
1834 2061 1896 2089 adu-

1759 2104 1804 2130 lari
1813 2105 1878 2141 cogi-

1759 2152 1810 2172 tur.
