2048 3343
150 1104 282 1141 Bullingeri

308 160 382 192 252
660 144 969 182 OPER1S

304 230 392 256 ruut.
431 217 588 252 Calculus
613 216 667 251 hic
692 229 760 251 non
786 216 891 264 potest
907 214 1059 262 probari,

306 281 381 305 nam
400 269 489 303 nulla
505 268 648 314 tyrannis
663 267 808 301 Romani
825 263 996 301 Pontificis
1008 277 1062 312 ap·

308 319 413 367 paruit
424 317 538 351 diebus
549 316 747 360 Constantini,
767 329 826 350 nec
848 327 921 350 ante
940 327 1062 348 annum

308 365 566 403 trecentesimum
586 366 656 413 post
676 365 896 413 Constantinum
914 364 1065 412 Bonifatio

310 418 401 464 Papae
410 415 562 451 concessit
575 414 682 450 Pham
693 418 870 462 Imperator
880 413 1064 450 universalis

311 463 467 513 Episcopi
477 467 620 501 titulum.
649 465 776 499 Deinde
789 465 810 499 fi
822 465 839 498 a
851 464 990 508 Sylveslro
1005 475 1065 495 nu-

308 528 472 554 meremus
482 528 583 550 annos
603 515 692 550 mille
704 514 862 549 ducentos
881 513 1046 558 sexaginta
1056 534 1065 549 ,

307 565 480 600 incidimus
492 567 524 600 in
537 577 658 600 annum
670 577 737 599 nou
749 563 957 597 millesimum
970 561 1064 607 quin-

307 615 523 662 gentesimum
543 613 772 662 sexagesimum
786 636 796 650 ‚
820 611 871 644 sed
889 613 923 644 in
943 620 1066 643 annum

309 664 517 699 millesimum
544 661 847 713 quingentesimum
873 656 1064 707 septuagesi-

307 726 400 748 mum
413 715 544 751 tertium
558 738 567 753 ‚
584 710 717 759 quando
738 708 855 744 nullibi
870 707 886 743 ἆ
905 710 1063 743 Romano

306 762 469 797 pontifice
487 764 551 796 ulla
571 759 710 797 defeetio
719 756 804 792 faeta
819 757 873 792 est.
912 759 1064 805 Denique

305 811 549 846 reformaturum
561 808 774 842 Ecclefiarum
784 805 801 841 ὲ
810 808 966 842 Romano
976 810 1065 840 Pon-

308 860 397 895 tifice
425 858 552 894 seceffio
594 859 707 892 multis
736 859 829 892 annis
854 856 1064 891 millesimum

307 907 605 955 quingentesimum
623 907 855 955 sexagesimum
872 909 1046 942 antevertit
1058 929 1068 942 ‚

307 957 376 992 imo
398 957 474 993 vero
490 959 560 1006 post
573 970 647 992 eum
660 969 781 991 annum
802 957 871 1002 plus
882 958 1065 991 incremen—

304 1010 328 1041 ti
346 1006 448 1055 quam
465 1007 665 1043 decrementi
682 1004 899 1041 Pontificium
912 1007 1066 1054 Regnum

307 1058 404 1105 cepit.

355 1107 485 1142 Ultima
505 1105 661 1141 sententia
682 1107 715 1140 in
733 1103 796 1154 qufi
812 1118 872 1139 nos
892 1104 1065 1154 acquiesci-

145 1144 269 1180 sffl'm‘ia
310 1169 382 1191 mus
393 1156 439 1190 est
449 1154 620 1205 Bullingeri,
634 1154 812 1195 Bibliandri,
825 1153 951 1193 Abbm,
964 1157 1066 1193 Paraei,

150 1195 215 1214 vera.

310 1210 342 1240 &
352 1207 501 1241 aliorum.
527 1207 573 1241 Hi
585 1219 746 1241 annorum
766 1217 921 1240 numeros
935 1207 1021 1239 Dan.
1033 1218 1065 1252 7.

310 1259 343 1290 &
363 1256 504 1302 Apocal.
520 1267 572 1289 11.
594 1268 644 1290 12.
669 1259 702 1289 δι
724 1267 775 1301 ¹3·
808 1268 874 1289 non
894 1254 1066 1290 illubentes

308 1304 499 1339 concedunt
511 1304 722 1351 Propheticos
734 1303 793 1338 esse
805 1329 815 1343 ‚
836 1317 941 1352 neque
954 1305 1066 1338 omni-

307 1367 353 1387 no
371 1352 636 1393 Astronomicos5
663 1352 715 1388 sed
732 1353 944 1400 propheticos
959 1354 1067 1400 potius

309 1402 517 1442 indefinitos:
531 1400 712 1449 largiuntur
723 1401 967 1437 definitissimos
979 1405 1067 1443 Deo,

308 1452 362 1487 sed
374 1466 487 1487 eorum
509 1455 669 1488 terminos
688 1452 786 1500 usque
798 1452 880 1487 adeo
900 1453 941 1486 ab
953 1450 1065 1487 homi-

309 1500 405 1536 nibus
420 1502 561 1542 celatos,
589 1514 624 1537 ut
634 1502 821 1550 simpliciter
837 1502 1066 1538 indetermina-

310 1561 361 1584 tos
374 1552 602 1597 pronuncient.
795 1590 801 1594 ,,

358 1601 463 1643 Quod
482 1601 647 1645 objiciunt
666 1602 886 1640 aAnnotatores
901 1599 1067 1650 Anglicam'

308 1662 345 1683 ex
366 1650 541 1684 Bellarmmo
556 1674 564 1688 ‚
582 1653 616 1685 in
630 1650 793 1697 Scriptura
812 1663 967 1686 numeros
985 1652 1066 1684 inte-

309 1711 385 1746 gros
397 1699 474 1734 stare
486 1697 572 1747 posse
584 1714 641 1747 pro
655 1699 834 1735 indefinitis
847 1726 856 1741 ,
871 1712 938 1734 non
957 1710 1067 1734 autem

307 1748 441 1789 fractos,
453 1748 578 1784 dudum
590 1748 742 1785 refutavit
754 1753 909 1791 Paraem,m
916 1750 982 1784 ulta
993 1748 1069 1783 affe-

310 1810 381 1833 rens
396 1811 611 1834 numerorum
631 1799 804 1834 fraRorum
819 1797 1068 1834 indefinitorum

309 1849 467 1895 exempla:
480 1850 598 1884 Matth.
611 1862 622 1883 1
633 1850 699 1886 8.v.
708 1862 721 1883 1
732 1863 762 1884 z.
776 1849 918 1884 Remittes
926 1849 1011 1891 fratri
1019 1860 1069 1883 tuo

302 1898 464 1947 septuagies
476 1900 598 1945 septies3
623 1901 669 1933 nil
691 1899 775 1933 aliud
796 1897 849 1934 hic
870 1896 1068 1946 significatur

311 1945 408 1994 quam
422 1949 602 1982 multoties.
632 1950 734 1995 Apoc.
749 1960 801 1994 14.
813 1962 846 1984 v.
861 1961 890 1983 1.
909 1946 1068 1997 Signaban-

309 2007 357 2031 tur
367 2007 482 2030 centum
497 1997 684 2045 quadraginta
695 2009 812 2046 quatuor
827 1996 916 2032 millia
924 2022 934 2038 ,
945 1996 997 2033 hic
1005 2011 1068 2033 nu-

308 2046 391 2079 meti
401 2043 492 2079 fraffi
506 2059 574 2080 non
586 2046 667 2081 stant
680 2060 738 2094 pro
750 2048 820 2082 ullo
838 2058 928 2082 certo
940 2051 974 2083 &
985 2046 1068 2083 defi-

308 2096 390 2128 nito.
414 2095 455 2129 Et
470 2096 546 2129 versi
563 2108 616 2130 20.
639 2096 740 2131 Stadia
752 2097 829 2132 mille
838 2097 976 2143 sexcenta
987 2121 996 2137 ,
1009 2099 1067 2133 ali-

312 2141 410 2190 bique
422 2143 500 2190 saepe
515 2147 642 2180 numeri
651 2144 745 2181 fracti
757 2146 885 2182 definiti
904 2160 963 2195 pro
975 2148 1065 2183 inde-

309 2189 412 2225 finitis
425 2203 602 2238 ponuntur.

357 2243 421 2274 Pro
441 2241 561 2276 ultimae
579 2241 675 2285 hujus
687 2242 850 2279 sententiae
870 2245 1064 2290 probatione

308 2301 377 2323 non
389 2301 471 2335 opus
489 2289 536 2323 est
553 2291 616 2323 alia
631 2287 740 2324 afferre
756 2291 853 2337 quam
865 2305 902 2326 ea
913 2316 923 2332 ,
945 2291 1064 2338 quibus

308 2337 488 2384 superiores
507 2337 675 2373 sententias
690 2339 923 2381 refutavimus,
948 2341 1013 2374 illis
1031 2353 1063 2375 e·

310 2388 380 2421 nim
401 2387 593 2422 cadentibus
611 2388 720 2423 nostra
741 2389 807 2423 haec
827 2390 931 2423 stabit.
961 2389 1063 2424 Certe

308 2449 518 2470 numerorum
532 2450 593 2484 prae
606 2438 757 2475 manibus
769 2439 1000 2474 determinatio
1010 2440 1063 2473 ad-

309 2485 349 2520 eo
364 2485 447 2519 male
459 2487 644 2521 auctoribus
656 2488 813 2523 omnibus
829 2489 964 2524 adhunc
977 2488 1064 2523 diem

308 2535 415 2571 cellit,
432 2548 465 2569 ut
479 2535 672 2571 tutiffimum
691 2537 727 2573 fit
738 2551 851 2572 eorum
867 2539 1062 2573 determina-

304 2587 432 2619 tionem
442 2588 496 2618 uni
513 2586 586 2620 Deo
606 2587 788 2634 relinquere
801 2611 811 2624 ,
834 2587 946 2622 saltem
961 2587 1060 2622 finem

305 2647 421 2670 eorum
435 2636 516 2668 ultra
527 2636 656 2670 nostros
664 2636 732 2672 dies
741 2639 900 2683 protelare
910 2662 919 2674 ‚
938 2651 976 2672 ne
986 2651 1062 2684 pro-

304 2686 464 2731 pinquum
480 2685 576 2718 nimis
589 2687 768 2720 terminum
780 2685 967 2725 statuentes,
985 2699 1059 2720 cum

304 2732 374 2768 aliis
388 2735 498 2770 multis
511 2735 576 2767 vivi
589 2734 798 2781 videntesque
810 2737 960 2769 vanitatis
971 2739 1002 2781 ᾃ
1015 2746 1058 2770 te-

303 2785 460 2817 meritatis
473 2795 699 2831 coarguamur.
726 2787 760 2818 lu
776 2784 837 2818 hoc
850 2783 907 2818 fibi
920 2784 1059 2831 pruden-

302 2844 350 2865 ter
367 2832 567 2867 dofflffimus
583 2836 689 2867 Paraeus
711 2835 794 2867 cavit
807 2856 815 2868 ‚
842 2832 956 2868 statuta
972 2836 1059 2868 enim

304 2894 365 2927 pro
379 2881 439 2915 six&
450 2881 504 2917 suz‘i
515 2894 623 2917 mente
641 2883 1057 2918 numerorum-indetermi-

306 2933 439 2965 uitione
452 2956 460 2971 ‚
475 2945 542 2966 non
554 2931 684 2967 videtur
695 2944 802 2967 tamen
814 2933 985 2968 abhorrere
1016 2932 1061 2976 (si

304 2978 516 3015 determinare
536 2994 688 3016 numeros
707 2994 762 3015 eos
775 2979 893 3017 neceffe
910 2984 1003 3024 esset)
1026 2993 1061 3016 ut

306 3031 381 3061 anni
394 3028 425 3061 hi
441 3031 624 3077 Proplietici
643 3032 733 3065 mille
746 3031 877 3066 ducenti
898 3031 1063 3079 sexaginta

306 3074 461 3112 haberent
486 3081 617 3114 initium
640 3082 673 3114 iu
701 3079 895 3115 pontificatu
924 3081 1065 3128 Bonifacii'

308 3126 494 3162 tertii,ann0
506 3126 609 3177 Christi
622 3129 854 3165 sexcentesimo
865 3132 1011 3169 tertio‚&
1024 3129 1062 3164 fi-

307 3186 384 3207 nem
397 3186 485 3208 anno
508 3178 678 3212 millesimo
692 3180 964 3226 octingentesimo
976 3179 1061 3214 sexa-

306 3222 430 3270 gesimo
441 3221 642 3272 sexto.Qid
653 3230 687 3263 in
697 3229 970 3266 orbeCliristiano
982 3242 1060 3264 con-

1029 139 1513 180 H1s’r0R101

1110 215 1216 264 tinget
1235 215 1308 262 post
1323 228 1426 250 annos
1444 215 1539 264 supra
1556 217 1716 256 ducentos
1730 223 1864 266 quidam

1111 277 1147 298 ex
1170 264 1286 299 nostris
1312 267 1530 314 trinepotibus
1550 265 1676 303 fortasse
1697 273 1866 308 videbunt-

1112 316 1175 349 Sed
1196 327 1296 349 nemo
1312 318 1379 361 jam
1401 318 1479 351 vivit
1500 318 1558 365 qui
1584 316 1623 350 de
1643 330 1709 353 tam
1736 334 1867 358 remoto

1112 375 1259 410 tempore
1281 367 1455 413 quicquam
1481 368 1557 402 certi
1576 365 1803 412 affirmaverit,
1832 376 1869 408 δε

1112 412 1188 447 vero
1200 415 1290 461 quod
1303 414 1341 448 ad
1354 416 1530 450 terminum
1540 420 1609 461 ejus
1626 420 1768 464 primurn
1783 445 1794 461 ‚
1809 435 1870 456 an-

1112 474 1190 495 num
1209 459 1324 497 chnfli
1333 464 1599 500 sexcentesimum
1616 469 1748 503 tertium
1762 492 1770 504 ‚
1784 472 1870 506 rnul-

1111 509 1184 544 tum
1202 512 1335 558 quidem
1350 515 1541 550 incrementi
1560 526 1631 551 tum
1646 521 1803 565 temporis
1814 533 1870 555 ce-

1112 570 1200 607 perat
1211 559 1388 610 Antichrifli
1398 565 1552 610 tyranni8‚
1562 576 1671 601 tamen
1682 581 1738 601 cur
1747 569 1788 602 ad
1801 569 1866 603 hoc

1111 621 1319 645 momentum
1340 614 1527 658 particulare
1544 614 1686 661 Epochae
1700 617 1794 661 hujus
1806 621 1867 654 in't-

1110 662 1191 694 tium
1201 659 1370 700 referatur,
1383 665 1496 697 Paraeua
1508 675 1577 697 non
1586 664 1695 699 docet.

1156 712 1192 744 In
1205 709 1318 744 ultimi}
1336 709 1394 744 hac
1410 711 1568 747 sententifi
1586 715 1747 750 numerari
1759 716 1866 763 potest

1110 758 1273 801 Calvinus,
1293 759 1482 808 nostrasque
1507 761 1649 806 Forhefim
1663 780 1673 799 .·
1704 766 1759 801 etsi
1774 768 1866 801 enim

1110 808 1256 842 Calvinm
1270 808 1305 844 ed
1322 808 1416 845 fuerit
1427 812 1542 847 humili
1554 813 1715 849 modestia
1734 826 1769 850 ut
1785 814 1868 851 sem-

1112 869 1167 903 per
1177 856 1218 891 ab
1231 859 1426 906 Apocalypsi
1438 874 1573 896 manum
1590 862 1778 899 abstinuerit
1789 890 1798 903 ,
1813 876 1866 899 ta-

1113 919 1188 941 men
1214 907 1247 940 in
1266 905 1328 942 suis
1353 909 1392 941 ad
1420 910 1580 945 Danielem
1607 913 1869 949 Commentariis

1112 967 1178 992 tam
1192 955 1330 1002 septimo
1343 955 1440 1005 quarn
1453 960 1651 995 duodecimo
1669 965 1773 1010 capite
1791 975 1870 999 tem-

1108 1017 1161 1052 pus
1173 1031 1183 1047 ‚
1197 1016 1337 1054 tempore,
1354 1013 1384 1042 ὃ(
1401 1007 1551 1043 dimidium
1569 1015 1698 1056 temporis
1718 1014 1765 1046 nil
1781 1014 1869 1049 aliud

1114 1057 1183 1091 vult
1201 1055 1379 1103 significare
1396 1081 1406 1097 ,
1429 1056 1525 1105 quam
1548 1058 1715 1095 indefinite
1740 1073 1870 1110 tempus

1114 1105 1293 1145 diuturnum,
1306 1106 1465 1141 diuturnius
1475 1112 1505 1143 &
1518 1107 1718 1144 abbreviatum
1727 1134 1736 1150 ,
1759 1113 1791 1147 in
1803 1113 1870 1148 hoc

1113 1153 1257 1202 apposite
1275 1155 1313 1191 ad
1325 1168 1470 1191 mentem
1483 1158 1646 1194 nostram:
1674 1162 1708 1194 in
1721 1173 1760 1195 eo
1772 1164 1870 1198 etiam

1113 1205 1204 1253 quod
1223 1205 1357 1240 Bestiam
1379 1218 1528 1254 quartam
1557 1213 1587 1243 &
1609 1221 1711 1244 cornu
1732 1224 1870 1257 parvum

1114 1267 1185 1301 cap.
1198 1267 1230 1300 7.
1243 1256 1328 1289 nolit
1339 1256 1376 1289 ad
1390 1254 1572 1291 Antiochum
1590 1257 1768 1306 Epiphanem
1779 1288 1788 1301 ,
1817 1261 1871 1297 sed

1113 1305 1152 1338 ad
1168 1306 1343 1351 Imperium
1367 1306 1559 1342 Romanurn
1586 1307 1705 1345 referri.
1744 1313 1870 1344 Verum

1113 1355 1146 1387 in
1158 1353 1221 1387 hoc
1230 1355 1503 1390 reverendissimus
1520 1358 1569 1391 vir
1579 1370 1699 1405 paucos
1708 1358 1809 1394 habet
1822 1360 1870 1394 se·

1113 1415 1231 1450 quaces
1249 1402 1263 1447 (
1278 1404 1298 1439 fi
1322 1407 1545 1440 Anuotatores
1569 1409 1728 1456 Anglicos
1745 1411 1872 1456 primos

1112 1453 1251 1500 excipias
1262 1456 1276 1496 )
1289 1452 1381 1503 quod
1402 1467 1532 1501 parvum
1546 1469 1648 1491 cornu
1667 1459 1792 1504 primos
1805 1462 1872 1492 Im·

1114 1513 1278 1549 peratores
1302 1503 1376 1537 velit
1390 1514 1465 1538 ante
1482 1504 1680 1551 Vespasianum
1695 1531 1704 1546 ‚
1733 1511 1764 1540 δε
1778 1507 1872 1555 quod

1113 1550 1214 1598 usque
1229 1551 1315 1586 adeo
1330 1551 1369 1586 ab
1385 1554 1480 1587 omni
1497 1554 1770 1590 determinatione
1788 1566 1873 1590 tem-

1114 1613 1231 1648 porum
1242 1601 1400 1636 abstrahat
1412 1626 1421 1641 ‚
1448 1613 1483 1637 ut
1493 1604 1590 1652 quiin
1606 1615 1745 1653 tempore,
1758 1617 1874 1654 tempo-

1111 1649 1186 1685 ribm
1197 1675 1206 1690 ,
1225 1655 1256 1686 δέ
1269 1651 1389 1686 dimidio
1402 1655 1531 1700 temporis
1544 1654 1621 1688 velit
1640 1656 1721 1689 ultra
1740 1655 1873 1691 descen-

1113 1700 1305 1748 dere‚qudm
1317 1702 1355 1736 ad
1367 1713 1498 1750 ternpus
1508 1702 1642 1750 aliquod
1657 1704 1870 1741 indefinitum

1113 1749 1249 1800 longum,
1267 1750 1398 1803 longina,
1412 1751 1543 1787 &breve
1554 1778 1564 1794 ,
1580 1754 1631 1787 vel
1644 1753 1744 1803 quam
1763 1756 1801 1789 ad
1813 1769 1876 1790 an·-

1115 1813 1177 1834 nos
1189 1801 1301 1835 decem
1312 1825 1320 1838 ‚
1340 1812 1471 1836 centum
1482 1830 1490 1843 ,
1513 1806 1544 1837 &
1556 1803 1641 1838 aliud
1662 1806 1872 1852 inexpeehitae

1114 1850 1298 1888 brevitatis,
1314 1853 1352 1885 iis
1369 1849 1608 1904 Pythagoreorum
1617 1854 1651 1888 in
1669 1855 1871 1889 numeratio-

1116 1900 1213 1935 nibus
1223 1901 1335 1936 deliria
1346 1901 1493 1945 objiciat.

1166 1949 1273 1996 Qod
1283 1951 1321 1986 ad
1332 1950 1491 1995 Forbefium
1502 1978 1511 1991 ‚
1524 1952 1550 1986 is
1560 1951 1867 1988 determinationem
1888 1960 1992 1998 forbefio‘

1114 2012 1248 2035 omnem
1258 2013 1420 2036 annorum
1436 2003 1469 2036 in
1481 2002 1563 2036 locis
1575 2002 1692 2036 nostris
1703 2004 1871 2049 Apocaly-
1885 2005 2012 2032 tenuriras.

1115 2050 1209 2096 pticis
1229 2050 1315 2085 reete
1341 2052 1465 2095 rejicit,
1492 2050 1544 2086 seu
1565 2050 1792 2087 Astronomici
1818 2051 1870 2086 seu

1114 2100 1302 2146 Prophetici
1321 2098 1460 2140 fuerint,
1477 2099 1530 2135 sed
1550 2113 1716 2148 perperam
1734 2114 1871 2136 omnem

1113 2149 1460 2185 indeterminationem
1479 2153 1595 2197 pariter
1617 2150 1720 2192 rejicit
1737 2172 1746 2185 ‚
1772 2150 1870 2197 idque

1113 2199 1152 2232 iis
1164 2199 1344 2234 rationibus
1355 2212 1424 2245 quae
1436 2200 1572 2233 leviores
1584 2197 1731 2232 videntur
1741 2223 1751 2239 ,
1770 2199 1868 2247 quim

1113 2257 1148 2279 ut
1159 2247 1196 2279 iis
1208 2246 1387 2279 refutandis
1401 2247 1568 2280 immorari
1578 2246 1740 2294 expediat.
1766 2249 1800 2282 Id
1810 2262 1869 2283 au-

1113 2304 1179 2326 tem
1190 2294 1279 2340 quod
1290 2292 1352 2342 ipse
1367 2295 1408 2328 ab
1425 2294 1612 2329 homiuibus
1625 2297 1782 2332 omnibus
1807 2301 1868 2341 (ut

1111 2354 1298 2389 arroganter
1314 2345 1482 2391 loquitur)
1510 2344 1693 2380 dissentiens
1718 2359 1866 2393 procrea-

1113 2393 1159 2427 vit
1170 2418 1180 2432 ‚
1204 2393 1300 2427 nobis
1312 2394 1436 2429 videtur
1449 2392 1544 2441 plane
1555 2397 1765 2442 nugatorium
1780 2410 1789 2437 ;
1815 2397 1867 2431 ni-

1111 2443 1228 2477 mirum
1242 2444 1337 2478 locos
1356 2444 1633 2492 Apocalyptic0s‚
1652 2446 1728 2480 licet
1746 2446 1867 2481 indefi-

1112 2491 1179 2526 nite
1193 2494 1397 2541 intelligendi
1411 2493 1470 2528 fint
1481 2519 1492 2534 ‚
1511 2505 1621 2528 tamen
1635 2498 1776 2530 numeris
1786 2494 1866 2529 defi-

1112 2543 1185 2575 nitis
1206 2544 1362 2590 exprimi3
1388 2543 1427 2578 eo
1444 2541 1536 2591 quod
1560 2557 1606 2578 res
1624 2544 1717 2592 gestae
1741 2547 1866 2579 Veteris

1110 2591 1333 2629 Testamenti,
1354 2593 1392 2626 ad
1411 2606 1488 2640 quas
1497 2593 1640 2638 *historiae
1653 2591 1713 2628 illae
1732 2597 1878 2642 Apocaf

1110 2642 1238 2686 lypticae
1263 2641 1468 2679 referuntur,
1496 2655 1536 2677 eo
1556 2642 1694 2677 definito
1715 2654 1864 2691 tempore

1109 2691 1241 2736 perae&
1253 2689 1314 2724 sint
1329 2715 1338 2730 ‚
1352 2691 1442 2738 quod
1453 2692 1486 2726 in
1499 2693 1693 2740 Apocalypsi
1707 2693 1863 2741 exprimi-

1112 2749 1184 2778 tur,
1204 2740 1341 2774 nimium
1363 2740 1472 2775 inhoc
1484 2739 1541 2776 suo
1562 2755 1651 2776 novo
1668 2752 1862 2777 commento

1108 2789 1195 2836 quasi
1206 2802 1328 2837 magno
1340 2790 1491 2838 mysterio
1502 2793 1672 2838 gloriatur.
1692 2790 1792 2825 Certe
1805 2791 1864 2825 hac

1110 2837 1162 2872 sua
1180 2837 1285 2879 futili,
1313 2841 1397 2878 levi,
1424 2839 1669 2874 &infructuosa
1687 2838 1863 2875 subtilitate

1109 2887 1216 2922 multo
1234 2890 1304 2936 plus
1315 2889 1520 2923 tenebrarum
1535 2887 1629 2935 quam
1642 2889 1721 2922 lucis
1734 2892 1864 2937 Apoca-

1109 2936 1236 2983 lypseos
1252 2940 1355 2971 tex-tui
1373 2936 1557 2971 affunditur.
1583 2938 1749 2973 Removet
1764 2941 1863 2974 ctiam

1109 2985 1150 3020 ab
1171 2985 1309 3020 historiis
1329 2987 1572 3033 Apocalypticis
1596 3000 1710 3022 omnes
1732 3000 1865 3036 tempo-

1110 3048 1181 3069 rum
1195 3034 1407 3069 Charaeteres
1419 3059 1427 3071 ‚
1447 3040 1480 3069 <Sc
1491 3037 1602 3070 omnia
1616 3037 1731 3085 magna
1742 3037 1863 3073 coufu-

1110 3085 1199 3119 sione
1214 3108 1222 3123 ‚
1248 3084 1267 3118 fi
1279 3082 1449 3131 quisquam
1466 3086 1546 3119 alius
1559 3111 1567 3124 ,
1579 3087 1732 3122 involvit.
1756 3089 1862 3122 Novi-

1111 3136 1183 3168 tatis
1203 3137 1236 3167 ἃς
1259 3133 1485 3180 fingularitatis
1515 3133 1677 3171 affefftatio
1702 3136 1772 3172 raro
1794 3137 1860 3170 cui-

1109 3195 1205 3232 quam
1219 3182 1303 3217 bene
1316 3181 1418 3221 ceffit,

1755 3282 1814 3320 Qu
1824 3286 1872 3312 Λε-
