2048 3343
314 127 357 163 88
683 116 1078 158 OPER1sH

318 197 426 230 horam
441 192 549 228 sextam
563 191 761 226 meridianam
775 189 860 225 faetae
871 189 936 224 sunt
944 202 1017 224 mox
1032 190 1070 224 ab

320 243 413 279 affixo
427 244 508 277 cruci
522 241 666 281 Christo,
680 241 758 274 ratio
772 241 854 274 enim
867 252 969 273 earum
983 252 1072 273 com-

322 294 422 327 munis
435 292 494 331 est,
515 291 600 339 quod
613 291 655 325 sol
668 291 768 324 radios
781 287 848 323 suos
863 290 969 323 divino
982 289 1070 322 mira-

324 343 395 377 culo
413 341 584 376 retraheret
596 341 611 374 a
625 338 841 386 conspiciendo
855 336 974 372 summo
989 338 1074 384 quod

323 404 458 437 unquam
471 391 502 423 in
514 390 599 423 terris
613 389 668 422 fuit
681 387 801 428 scelere;
811 400 874 421 non
884 398 998 421 teneret
1010 386 1074 420 haec

323 441 402 474 ratio
417 439 437 473 si
450 440 546 473 tribus
559 439 632 472 totis
645 438 729 471 horis
742 437 757 471 a
770 437 858 471 tertia
871 437 906 470 ad
914 435 1022 470 sextam
1031 434 1074 468 sol

323 489 508 537 pendentem
527 489 558 521 in
578 500 665 521 cruce
679 485 837 520 Christum
851 484 1017 531 aspexisset,
1043 488 1073 517 &

323 538 437 572 miseris
451 537 629 570 mortalibus
643 548 673 569 ut
687 536 748 569 hoc
761 534 909 568 horribile
922 532 1072 578 spectacu-

323 589 385 621 lum
401 588 586 620 intuerentur
598 587 697 619 lucem
715 584 828 617 tamdiu
842 579 1024 627 praebuisset.

372 635 473 670 Sexto.
499 635 740 669 Fundamentum
753 631 846 664 totius
858 630 947 674 hujus
960 627 1075 663 senten-

1108 129 1479 156 ISTOR1C1

1104 188 1324 223 ante'occasum
1337 186 1422 223 solis,
1448 187 1515 221 imo
1528 186 1550 221 fi
1563 185 1610 221 sex
1623 186 1709 223 horis
1723 189 1754 223 in
1768 201 1857 224 cruce

1104 239 1264 286 pependit,
1292 241 1324 272 &
1337 237 1416 271 hora
1430 237 1517 270 tertia
1529 237 1738 283 pomeridiana
1751 237 1856 272 affixus

1105 287 1148 322 est
1162 288 1266 323 cruci,
1293 299 1358 320 non
1377 284 1421 319 est
1438 286 1508 319 inde
1520 284 1673 331 depositus
1685 286 1741 319 nifi
1759 287 1858 321 tribus

1104 337 1189 370 horis
1203 336 1272 383 post
1286 336 1354 370 solis
1367 333 1526 375 occasum,
1552 339 1584 369 ὃ(
1596 335 1668 368 licet
1679 335 1775 369 tribus
1791 347 1859 370 tan-

1105 386 1170 419 tum
1181 385 1266 418 horis
1280 386 1311 418 in
1324 397 1413 419 cruce
1425 395 1560 418 moratus
1571 383 1658 423 effer,
1679 394 1780 418 tamen
1793 397 1859 419 non

1106 444 1174 467 ante
1186 431 1325 468 occasum
1338 437 1369 468 &
1386 434 1530 472 noctem,
1552 434 1619 469 imo
1639 445 1704 466 non
1721 432 1774 466 nifi
1789 434 1859 480 post

1106 479 1246 515 occasum
1258 482 1274 515 a
1287 495 1376 516 cruce
1389 481 1543 529 depositus
1556 481 1626 516 esset
1632 506 1642 521 ,
1659 482 1798 530 adeoque
1810 484 1858 516 in-

1106 541 1150 564 tra
1162 530 1275 564 limites
1289 529 1401 564 sabbati
1414 529 1542 576 sepultus
1555 530 1615 570 est,
1635 543 1692 565 nec
1702 533 1796 566 tertio
1809 530 1859 566 sed

1107 577 1239 614 secundo
1253 579 1300 613 die
1312 578 1489 619 resurrexit,
1506 581 1692 627 quaeromnia
1703 579 1769 615 sunt
1781 593 1859 615 con-

1107 640 1151 663 tra
1170 628 1375 663 Christianam
1388 628 1493 663 fidem.

1153 679 1309 713 Sententia
1322 689 1425 726 quarta
1438 677 1482 712 est
1494 689 1605 712 eorum
1613 678 1665 725 qui
1676 677 1785 713 horam
1796 689 1857 713 ter·
1872 692 1998 717 Sententia
2020 673 2023 676 ‚

1106 728 1178 761 tiam
1191 728 1426 774 interpretantur
1438 740 1504 761 non
1517 727 1554 761 de
1566 726 1766 763 crucifixione
1778 752 1788 768 ,
1807 726 1857 763 sed
1871 738 1966 768 quarta

1108 777 1145 811 de
1163 775 1309 810 divisione
1326 776 1452 810 vestium
1472 775 1555 812 versu
1570 775 1724 824 superiore
1736 777 1856 817 notata,
1871 769 1966 815 Heinfii
1984 781 2023 798 '‘-

323 686 371 720 tiae
385 698 447 718 uon
462 684 504 717 cst
522 683 660 719 firmum,
682 680 953 726 scilicetJoannem
968 691 1017 712 20.
1031 690 1074 719 19.

323 734 411 779 loqui
425 734 461 767 dc
476 734 581 765 dicbus
598 736 627 764 δε
643 730 727 762 horis
741 740 829 762 more
842 729 1008 767 Romano,
1035 739 1075 760 eo

323 783 410 830 quod
428 779 577 826 vesperam
594 781 684 812 ctiam
704 777 799 810 seram
817 775 926 810 referat
944 776 980 810 ad
993 776 1075 810 diem

164 2061 225 2095 Fstii
232 2062 316 2087 incon-

158 2100 302 2136 fidermttia.

323 831 544 878 praecedentem
557 841 621 862 non
635 826 821 874 sequentem,
835 836 940 860 contra
954 837 1075 859 morem

319 874 515 927 Judaeorum3
530 879 582 924 qui
596 875 745 924 vesperam
759 873 909 909 faciebant
918 874 1075 909 antecede-

323 941 356 962 re
369 928 449 962 diem
463 940 526 960 non
541 926 635 973 sequi.
671 923 764 971 Resp.
791 925 878 958 Licet
890 922 980 958 semel
992 933 1040 957 aut
1054 923 1075 955 i-

324 989 422 1011 terum
431 977 549 1024 {loannes
564 977 593 1009 in
607 975 712 1009 dicbus
721 979 749 1009 &
759 974 843 1007 horis
857 972 996 1020 sequutus
1008 969 1074 1006 fuis-

323 1026 365 1061 set
379 1027 557 1060 Romanum
572 1037 691 1065 morem
706 1048 715 1062 ,
741 1035 805 1056 non
818 1023 888 1056 inde
906 1023 1071 1069 probatur,

323 1089 394 1111 eum
416 1073 533 1121 semper
550 1084 600 1107 aut
619 1075 786 1120 plerunque
804 1085 854 1106 aut
874 1073 948 1105 loco
967 1070 1076 1105 nostro

324 1123 526 1159 controverso
540 1124 569 1157 id
583 1121 698 1161 facere,
725 1122 778 1155 ubi
793 1121 957 1154 Mastlffms
967 1124 999 1155 &
1012 1123 1075 1154 Lu-

323 1187 372 1207 cas
390 1174 442 1221 qui
461 1186 524 1207 non
546 1172 770 1220 praetenduntur
793 1169 876 1216 sequi
897 1171 1077 1203 Romanum

324 1236 462 1258 morem,
477 1223 554 1257 clare
567 1235 636 1255 cum
647 1222 767 1268 Joanne
782 1220 946 1267 pastionem
960 1216 1076 1252 Christi

323 1273 473 1318 incipiunt
486 1272 522 1304 ab
534 1271 609 1304 hora
623 1269 710 1303 sexta.
725 1269 870 1303 Praetcrea
884 1280 944 1301 tam
953 1267 1076 1313 Judaeo-

324 1333 392 1354 rum
408 1320 498 1367 quam
519 1320 736 1353 Romanorum
755 1331 824 1351 mos
846 1315 902 1350 fuit
915 1315 1078 1363 aliquando

324 1367 437 1404 reserre
450 1369 559 1402 noctes
575 1369 610 1401 ad
625 1368 705 1401 diem
721 1367 940 1413 praecedentem
957 1377 1021 1397 non
1035 1364 1077 1398 se-
1091 1385 1093 1389 ·

325 1429 488 1466 quentem:
510 1417 590 1451 cert&
603 1418 633 1450 in
647 1417 850 1450 celeberrimo
864 1416 913 1449 dic
928 1412 1092 1449 paschatis*

324 1467 477 1501 ma&andi
491 1468 569 1500 inter
583 1467 654 1499 duas
666 1464 798 1512 vesperas
811 1464 1077 1510 dieidecimiquar-

324 1518 347 1550 ti
365 1515 474 1554 Nisan,
502 1526 626 1561 utraque
639 1514 756 1561 vespera
768 1526 831 1547 non
845 1514 880 1547 ad
895 1513 976 1547 diem
995 1512 1076 1546 deci—

323 1566 553 1611 mumquintum
573 1576 664 1611 quem
689 1562 898 1601 inchoabant,
927 1561 975 1596 sed
993 1561 1073 1596 deci-

323 1624 553 1659 mumquartum
567 1626 658 1659 quern
673 1611 863 1651 claudebant,
880 1610 1075 1645 referebatur.

370 1663 520 1709 Septimo.
531 1663 588 1697 Vir
596 1661 784 1696 doffisi'imus
800 1661 1076 1704 Gmlielmusfistius
1091 1666 1092 1693 1

325 1713 411 1747 aliter
425 1711 502 1746 hanc
514 1710 692 1746 sententiam
705 1711 831 1758 explicat
846 1711 876 1743 in
894 1712 981 1744 Matr.
991 1722 1039 1755 27.
1051 1721 1076 1754 5.

325 1766 357 1797 δε
371 1766 569 1807 Marc.15.25.
596 1761 714 1800 Vultis,
729 1758 841 1807 &saepe
854 1760 974 1806 repetit,
983 1756 1077 1792 solem

326 1813 358 1845 in
369 1812 453 1845 Italia
466 1811 561 1844 tribus
575 1810 659 1844 horis
674 1808 764 1843 serius
776 1808 868 1857 quam
884 1810 914 1841 in
924 1808 1028 1855 Judaea
1040 1820 1077 1841 o-

327 1861 395 1899 riri,
415 1861 515 1906 itaque
527 1859 597 1893 cum
612 1859 641 1892 in
653 1858 737 1893 Italis?⁴
749 1883 759 1898 ,
781 1858 834 1892 ubi
850 1859 982 1891 Marcus
994 1856 1077 1890 suum

327 1909 526 1955 Evangelium
541 1906 781 1946 scribebat,hora
794 1906 865 1941 esset
876 1907 974 1946 tertia,
983 1907 1013 1940 in
1023 1908 1077 1954 Ju-

327 1958 390 1991 daea
402 1957 454 1990 ubi
469 1956 610 1991 Christus
623 1955 717 2003 paffus
732 1956 775 1990 est
787 1981 795 1996 ‚
822 1956 899 1990 hora
912 1955 968 1990 fuit
981 1954 1058 1989 sexta
1069 1980 1078 1994 ,

327 2005 438 2040 scilicet
450 2005 598 2047 >meridies
612 2020 621 2046 3
642 2018 749 2052 magna
762 2006 844 2041 certe
856 2006 911 2039 viri
930 2005 1017 2040 docti
1030 2004 1079 2038 hic

330 2055 373 2089 est
385 2054 646 2089 inconsiderantia.
678 2054 756 2088 Izsto
768 2055 864 2089 tribus
878 2055 964 2088 horis
978 2056 1009 2087 in
1022 2057 1080 2087 lta-

328 2105 369 2139 lia
381 2103 425 2138 sol
439 2102 528 2137 scrius
544 2105 657 2137 oriatur
669 2103 761 2150 quam
773 2104 803 2137 in
812 2103 928 2151 Judaeci,
938 2103 1023 2150 quod
1035 2113 1080 2136 ta—

282 2157 285 2158 ’
327 2166 399 2187 men
411 2165 516 2187 verum
530 2165 593 2185 non
607 2152 666 2192 est,
697 2152 751 2186 nisi
765 2151 943 2186 semicirculi
960 2152 998 2186 ab
1009 2162 1079 2185 ortu

327 2201 503 2235 inoccasum
513 2202 629 2247 integra
643 2212 746 2247 quarta
761 2214 825 2247 pars
838 2203 924 2235 detur
937 2201 1074 2235 interval-

327 2252 359 2283 lo
373 2250 457 2296 quod
471 2248 514 2282 cst
526 2249 603 2281 inter
615 2250 750 2294 Judaeam
770 2254 800 2283 δι
819 2251 945 2281 ltaliam.
983 2249 1079 2281 CertL²

327 2299 435 2345 gradus
447 2296 644 2344 longitudinis
657 2296 695 2329 ab
707 2306 778 2330 ortu
790 2294 881 2342 nsque
895 2292 1076 2339 Hierosoly-

327 2359 409 2380 mam
427 2345 700 2391 quadruplicabunt
712 2357 766 2378 eos
779 2368 788 2383 ,
814 2345 867 2390 qui
883 2354 1077 2377 numerantur

327 2393 552 2440 Hierosolymis
570 2395 724 2427 Romam:
742 2391 789 2427 sed
803 2392 864 2426 hoc
877 2391 987 2426 omisso
1001 2403 1076 2425 con-

326 2444 420 2479 clufio
433 2442 566 2477 omnino
586 2442 767 2476 contradicit
780 2452 961 2489 argumento
975 2465 984 2479 ‚
1006 2453 1076 2474 nam

326 2494 347 2527 fi
361 2492 403 2527 sol
416 2492 513 2528 tribus
527 2492 612 2525 horis
625 2489 716 2525 serius
728 2491 844 2525 oriatur
855 2491 886 2524 in
894 2490 975 2524 Italia
985 2490 1076 2536 quam

322 2543 428 2589 Judaea
438 2566 447 2581 ,
469 2552 533 2575 tum
552 2540 628 2574 hora
642 2538 718 2574 sexta
733 2538 782 2574 seu
796 2540 937 2574 meridies
951 2540 981 2572 in
994 2539 1077 2573 Italia

326 2604 391 2625 non
405 2592 461 2624 erit
474 2590 550 2623 hora
562 2590 649 2623 tertia
661 2590 878 2636 pomeridiana,
892 2599 925 2623 ut
938 2589 1077 2635 loquitur

327 2641 447 2678 Effius,
469 2640 500 2672 in
517 2638 612 2672 ludaea
626 2663 635 2677 ,
661 2637 708 2672 sed
721 2639 808 2672 tertia
822 2638 1073 2676 antemeridiana,

327 2702 418 2736 quam
429 2687 553 2735 quidem
568 2686 712 2733 putassem
727 2684 812 2720 fuisse
825 2687 906 2720 Emi
919 2697 1053 2720 mentem
1066 2710 1076 2725 ,

327 2738 380 2771 nisi
397 2736 497 2783 saepius
511 2736 596 2769 aliter
609 2733 770 2782 scripsisset.
800 2737 978 2780 Utcunque,
992 2747 1029 2767 ne
1039 2734 1078 2767 sic

327 2787 451 2833 quidem
465 2785 591 2819 dubium
604 2784 762 2817 tolleretur
776 2797 783 2817 :
809 2783 874 2817 esto
887 2784 1000 2817 Ioanne
1013 2781 1075 2816 sex-

327 2845 356 2868 ta
365 2833 587 2879 Hierosolymis
595 2830 685 2866 fuerit
692 2833 777 2866 tertia
786 2832 996 2878 pomeridiana
1006 2833 1076 2866 Ro-

327 2897 397 2925 mae,
413 2896 466 2916 cur
478 2894 578 2916 tamen
594 2884 726 2914 Marcus
739 2893 858 2915 narrans
871 2881 956 2928 quod
969 2881 1076 2915 accidit

328 2930 552 2977 Hierosolymis
573 2930 692 2965 afferret
710 2930 803 2964 horas
818 2932 976 2963 Romanas
996 2931 1076 2963 dire-

329 2981 391 3013 &as
410 2980 446 3014 ad
466 2980 664 3014 horizontem
688 2991 752 3012 non
771 2979 874 3012 Iudaeae
893 2975 942 3011 sed
960 2978 1048 3011 ltaliae
1064 2981 1076 3010 ?

329 3030 423 3064 Certe
436 3040 541 3074 praeter
554 3029 647 3063 multa
659 3028 714 3061 alia
723 3026 849 3061 absurda
857 3027 927 3060 hinc
941 3024 1075 3074 sequere-

329 3085 376 3108 tur
389 3076 546 3110 Christum
560 3075 722 3111 secundum
736 3079 887 3109 Marcum
907 3087 971 3109 non
993 3075 1076 3122 expi—

329 3123 402 3158 rane
416 3136 481 3157 :mre
497 3126 604 3159 horam
618 3127 675 3159 diei
686 3125 794 3159 Iudaici
807 3125 1033 3164 duodecimam,
1046 3128 1077 3158 &

330 3173 468 3206 Romani
487 3172 595 3208 sextam
614 3175 797 3208 nefiturnam
809 3198 819 3214 ‚
845 3174 991 3209 nimirum
1012 3185 1076 3207 non

1108 825 1189 872 quasi
1201 825 1252 860 illa
1265 823 1344 858 faeta
1357 824 1454 859 fuisset
1466 827 1557 860 tertia
1568 825 1646 860 hora
1654 825 1723 873 post
1737 825 1858 860 crucifi-

1107 876 1244 908 xionem.
1293 876 1349 907 ‘De
1366 876 1455 907 ‘Dim
1473 874 1550 909 hanc
1568 874 1745 910 sententiam
1763 877 1863 910 innuit

1107 922 1189 971 quasi
1206 923 1377 969 interpretis
1392 923 1517 959 Arabici
1530 948 1540 962 ,
1567 922 1616 957 sed
1628 924 1744 959 temere
1756 950 1766 965 ,
1791 938 1862 959 nam

1108 972 1206 1006 Arabs
1215 976 1245 1007 ὅ(
1254 974 1344 1006 etiam
1352 974 1441 1019 Syrus
1452 984 1515 1006 non
1526 970 1578 1006 hic
1586 971 1761 1008 discedunta
1770 975 1861 1009 Grae-

1106 1035 1146 1056 co
1167 1025 1189 1060 ¹9
1209 1034 1262 1068 per
1281 1032 1294 1066 Ἰ
1312 1032 1484 1056 vertentes:
1507 1023 1617 1056 Fateor
1629 1019 1752 1057 Persam
1770 1024 1860 1058 τεὲὶεε

1107 1070 1162 1105 suae
1175 1071 1417 1117 interpretationi
1431 1071 1480 1116 [&
1495 1070 1566 1105 cum
1574 1083 1645 1105 eum
1654 1071 1684 1105 in
1697 1084 1818 1107 crucem
1827 1085 1860 1107 e-

1107 1119 1212 1168 gissent
1232 1121 1262 1153 in
1278 1119 1355 1154 horfi
1368 1122 1475 1168 tertia]
1496 1121 1604 1154 addere
1618 1121 1727 1155 malam
1741 1122 1861 1156 mantis-

1106 1170 1165 1203 sam
1183 1168 1362 1216 [postquam
1371 1181 1440 1203 eum
1454 1172 1484 1203 in
1498 1182 1619 1203 crucem
1630 1168 1858 1219 suspendissent]

1108 1231 1175 1266 quae
1193 1218 1300 1264 partim
1315 1218 1358 1252 est
1376 1219 1563 1267 tautologia,
1588 1220 1697 1266 partim
1715 1231 1860 1268 corrupta

1108 1266 1310 1314 paraphrasis;
1335 1279 1488 1315 utcunque
1506 1269 1540 1301 cle
1551 1271 1634 1303 Dt'en
1651 1268 1728 1303 hanc
1740 1267 1860 1304 senten-

1109 1317 1182 1351 tiam
1202 1329 1238 1349 ex
1257 1314 1391 1362 profess'o
1411 1318 1520 1361 rejicit.
1557 1319 1690 1357 Hcinfius
1708 1329 1809 1353 tamen
1827 1320 1859 1352 in

1110 1366 1209 1401 Marci
1222 1371 1263 1411 15.
1279 1378 1322 1411 25.
1347 1378 1412 1399 eam
1426 1366 1582 1400 mordiciis
1595 1368 1804 1413 amplectitur,
1826 1372 1858 1402 &

1108 1413 1174 1448 fuse
1187 1425 1313 1448 conatur
1326 1415 1456 1460 probare
1469 1428 1538 1449 curn
1551 1416 1730 1456 acerbitate,
1754 1418 1858 1464 vulga-

1109 1468 1212 1499 rem&
1221 1476 1321 1497 veram
1330 1461 1506 1502 sententiam
1521 1475 1553 1498 ut
1565 1465 1693 1511 argutias
1705 1466 1857 1509 rejiciens.

1108 1513 1293 1547 Sententiam
1303 1512 1379 1545 hanc
1391 1515 1512 1547 Suarez
1526 1512 1612 1546 dieto
1620 1514 1694 1547 loco
1701 1525 1859 1562 oppugnat

1108 1563 1138 1595 in
1158 1562 1306 1594 Marcello
1325 1561 1487 1596 Monach'o
1501 1562 1650 1595 Romano
1662 1562 1839 1597 dofflffimo
1848 1588 1859 1603 ,

1108 1624 1142 1644 ex
1151 1623 1215 1658 quo
1223 1623 1289 1644 eam
1303 1608 1450 1656 sumpsisse
1462 1611 1564 1657 potuit
1575 1605 1710 1656 Heinstm
1722 1612 1793 1647 licet
1804 1610 1861 1646 dis-

1108 1660 1235 1694 simulet.
1248 1660 1324 1693 Non
1336 1658 1386 1693 hic
1401 1661 1505 1706 probo
1513 1660 1860 1700 Balduinum‚VW1laeum

1108 1710 1160 1757 qui
1174 1711 1204 1742 in
1218 1708 1304 1743 dubii
1320 1708 1408 1752 hujus
1421 1708 1572 1743 solutione
1585 1710 1749 1757 aliquando
1761 1714 1860 1758 §retii

1108 1759 1208 1794 verbis
1220 1755 1397 1792 sententiam
1409 1771 1607 1793 communem
1615 1763 1645 1794 &
1654 1771 1754 1794 veram
1762 1759 1859 1799 affert,

1109 1808 1179 1842 alibi
1191 1819 1290 1842 tamen
1307 1807 1396 1843 verba
1415 1807 1449 1841 de
1463 1811 1551 1842 ‘Dieu
1566 1812 1597 1843 δέ
1608 1810 1721 1853 Heinfii
1738 1809 1860 1843 adducit

1109 1870 1170 1892 tam
1183 1857 1300 1892 veritati
1321 1857 1413 1903 quam
1427 1856 1481 1891 fibi
1495 1858 1623 1893 invicem
1635 1859 1834 1905 repugnantia
1846 1882 1858 1898 ‚

1111 1907 1171 1941 fine
1182 1907 1246 1940 ullo
1260 1903 1451 1952 displicentiae
1464 1906 1560 1954 signo.

1157 1957 1277 1990 Contra
1284 1956 1397 2000 Heinstt
1408 1954 1584 1990 sententiam
1593 1954 1631 1989 fic
1639 1968 1734 2004 arguo
1747 1956 1860 2004 primo.
1874 1965 1949 2004 ,Quia
1962 1976 1983 1993 1.

1111 2007 1185 2039 Hoc
1199 2004 1265 2039 solo
1276 2003 1358 2039 versu
1366 2007 1500 2038 Marcus
1513 2016 1598 2039 notat
1610 2016 1730 2053 tempus
1740 2005 1861 2040 crucifi-

1111 2056 1230 2095 xionis;
1256 2055 1344 2102 Ergo
1357 2054 1378 2089 fi
1390 2065 1510 2101 tempus
1529 2054 1578 2089 hic
1591 2053 1736 2088 referatur
1746 2067 1811 2088 non
1823 2054 1860 2088 ad

1111 2103 1343 2138 crucifixionem
1367 2103 1416 2139 sed
1431 2103 1609 2138 divifionem
1627 2103 1769 2141 vestium,
1793 2112 1859 2135 tum

1111 2166 1176 2200 quo
1190 2163 1333 2200 tempore
1346 2151 1487 2187 Christus
1500 2152 1544 2186 est
1556 2150 1714 2186 crucifixus
1726 2150 1859 2185 omnino

1111 2203 1241 2247 praeterit
1254 2204 1398 2239 Marcus,
1409 2213 1479 2234 cum
1492 2211 1593 2233 tamen
1607 2210 1693 2234 notet
1700 2210 1820 2247 tempus
1827 2212 1859 2233 a-

1111 2251 1223 2281 &ionis
1238 2248 1336 2281 multo
1349 2247 1449 2281 minus
1462 2248 1617 2282 notabilis.

1169 2296 1322 2329 Secundo.
1350 2296 1513 2328 Matthaeus
1531 2295 1710 2330 divifionem
1729 2296 1858 2332 vestium

1110 2343 1264 2390 subjungit
1276 2343 1451 2377 immediate
1459 2344 1648 2379 crucifixioni
1662 2357 1711 2390 27.
1719 2358 1760 2392 35.
1772 2346 1858 2380 Idem

1108 2391 1179 2426 facit
1191 2395 1287 2427 Lucas
1301 2406 1341 2438 23.
1350 2406 1399 2439 34.
1419 2397 1448 2428 &
1457 2394 1594 2439 Joannes
1606 2406 1650 2435 19.
1660 2407 1701 2440 23.
1715 2395 1780 2428 imo
1791 2399 1821 2430 &
1831 2395 1858 2435 i·-¹

1109 2440 1157 2489 pse
1173 2445 1295 2476 Marcus
1308 2454 1348 2488 15.
1367 2455 1418 2486 24.
1449 2443 1536 2490 Ergo
1554 2455 1618 2476 non
1630 2442 1728 2478 fibi&
1742 2445 1857 2478 caeteris

1109 2492 1255 2525 omnibus
1281 2492 1462 2526 contradicit
1485 2491 1655 2526 differendo
1679 2492 1857 2527 divisionem

1108 2539 1234 2575 vestium
1258 2542 1290 2575 in
1311 2551 1371 2575 tres
1390 2542 1521 2588 integras
1539 2540 1629 2575 horas
1649 2540 1718 2588 post
1737 2541 1858 2576 crucifi-

1109 2602 1245 2624 xionem.

1155 2638 1280 2672 Tertio.
1296 2636 1407 2673 Divisae
1418 2638 1483 2673 sunt
1491 2637 1585 2673 vestes
1595 2636 1757 2674 secundum
1766 2642 1858 2673 Mat-

1108 2687 1181 2723 thaei,
1194 2689 1314 2726 Marci,
1323 2691 1352 2721 &
1363 2691 1447 2721 Lucae
1460 2688 1621 2722 relationes
1628 2699 1697 2723 ante
1710 2689 1858 2724 obortum

1108 2735 1318 2770 tenebrarum:
1332 2738 1429 2783 Atqui
1442 2736 1462 2770 fi
1470 2737 1602 2771 tenebrae
1618 2738 1747 2782 (nedum
1758 2738 1859 2771 afflo-

1109 2797 1162 2818 nes
1174 2795 1243 2818 ante
1254 2785 1412 2832 tenebras)
1428 2798 1493 2820 non
1507 2784 1572 2820 sunt
1582 2787 1701 2820 obortae
1713 2787 1786 2819 totis
1803 2787 1858 2819 tri-

1110 2833 1165 2867 bus
1184 2833 1270 2867 horis
1285 2834 1355 2881 post
1367 2834 1614 2873 crucifixionem,
1639 2844 1703 2867 tum
1718 2834 1858 2870 Christus

1108 2881 1293 2929 pependisset
1305 2884 1336 2916 in
1349 2895 1437 2918 cruce
1448 2882 1559 2917 diutius
1573 2880 1619 2915 sex
1633 2881 1728 2916 horis.

1170 2930 1304 2977 Qarto.
1341 2933 1477 2965 Unicum
1495 2931 1607 2972 Heinfii
1625 2929 1857 2967 fundamentum

1108 2976 1152 3011 est
1169 2976 1355 3012 hebraismus
1371 2981 1403 3012 in
1421 2979 1642 3022 conjunctione
1662 2982 1684 3020 u}
1705 2993 1796 3028 quam
1808 2981 1858 3016 hic

1109 3027 1171 3061 vult
1186 3025 1354 3074 significare
1367 3032 1408 3064 μᾶ
1421 3027 1505 3074 post,
1519 3027 1593 3061 ficut
1605 3027 1798 3077 frequenter,
1812 3031 1860 3064 in-

1108 3076 1185 3122 quit,
1195 3074 1349 3109 Hebraica
1356 3077 1538 3120 conjunfflo
1551 3090 1562 3116 ι
1575 3079 1737 3124 exponitur
1749 3080 1780 3112 in
1787 3082 1858 3114 Vet.

1109 3124 1321 3158 Testamento.
1347 3124 1565 3159 Hebraisrnum
1578 3126 1659 3160 hunc
1672 3140 1736 3161 non
1749 3127 1859 3174 probat

1108 3175 1241 3220 Heinfius
1248 3174 1294 3211 vel
1302 3185 1365 3208 uno
1373 3174 1515 3222 exemplo
1522 3175 1608 3222 quod
1617 3174 1726 3211 scilicet
1736 3189 1795 3210 Lxx
1808 3179 1860 3208 ln-

1744 3233 1859 3272 terpre—

1864 813 1966 848 Jicitur.
