2048 3343
54 1139 179 1162 Buterrm
187 1155 194 1164 ,

463 130 539 155 isa-
596 118 972 156 CHRONOL

219 187 408 223 millesimam
429 190 661 235 generationem
671 214 680 229 ,
703 189 883 224 maledictio
897 188 973 222 vero

219 236 337 272 tantum
351 238 388 272 ad
407 239 527 273 tertiam
541 251 591 273 aut
609 250 759 286 quartam.
783 241 842 272 Per
856 249 893 270 os
905 237 973 269 hliae

217 288 601 334 pronunciavitDominus
615 300 755 335 magnam
769 288 800 320 in
808 282 971 320 sceleratis-

217 336 326 370 simum
339 337 484 370 Ahabum
497 337 747 371 mastdiffifionem
758 359 768 374 ,
796 345 888 381 quam
901 333 971 365 lehn

217 386 342 419 Divino
356 385 499 419 mandato
512 395 654 419 executus
663 383 707 417 est
715 408 725 423 ‚
744 382 924 431 extirpando
933 394 971 415 0-

219 447 322 469 ninem
336 437 400 478 ejus
413 435 533 481 prolem
547 432 724 473 masculam,
744 444 872 481 propter
884 431 970 479 quod

217 483 418 518 ministerium
425 484 440 517 :i
448 485 525 518 Deo
534 483 669 518 obtinuit
676 482 731 517 suis
739 481 869 531 posteris
881 482 969 516 thro-

217 532 414 568 numlsra'e'lis
427 534 463 566 ad
477 544 614 581 quartam
622 531 714 580 usque
727 533 969 580 generationem.

222 584 288 632 Qi
301 596 337 616 ex
350 582 452 616 Aliabi
465 582 526 629 filia
540 584 860 630 remanebant-Reges
872 581 967 629 Judae‚

218 646 274 666 eos
286 634 382 668 voluit
404 633 493 667 Deus
514 632 570 667 liac
587 631 713 667 infamia
732 643 858 671 notare,
883 641 916 664 ut
932 629 968 664 ad

218 693 356 728 quartam
373 684 602 730 generationem
627 683 659 716 in
677 680 794 717 Christi
813 679 892 714 linea
903 692 968 713 non

217 732 339 766 starent.
360 730 541 779 lpseJorani
553 745 616 765 non
631 730 675 765 est
689 728 838 769 exclusus,
852 730 967 778 quiali-

217 792 266 815 cet
277 780 404 815 affinitas
417 794 487 815 cum
501 781 616 815 Ahabo
629 784 693 826 ejus
717 778 867 828 patrisque
891 779 966 823 losa-

214 831 302 879 phati
312 841 410 864 reatus
423 829 529 870 fuerit,
559 827 620 877 ipse
633 842 734 865 tamen
749 843 784 863 ex
799 829 968 862 maledieto

217 879 322 914 Ahabi
334 878 476 928 sanguine
489 893 553 913 non
567 892 630 914 erat
643 890 828 927 prognatus,
843 891 899 912 nec
913 878 968 911 ab-

217 942 316 976 nepos
331 933 428 978 Ozias
443 929 636 977 posterique,
659 929 730 963 licet
743 929 781 963 ab
789 927 903 962 Ahabo
917 927 967 961 de·

215 976 390 1014 scendcntcs
404 978 513 1013 exclusi
525 977 606 1018 sunt,
625 980 696 1026 qiiia
708 980 783 1013 ultra
795 977 969 1025 generatio-

217 1040 288 1062 nem
301 1030 421 1062 tertiam
440 1039 490 1062 aut
502 1040 641 1076 quartam
655 1030 773 1063 Divina
787 1026 968 1062 maledietio

216 1089 282 1112 non
296 1076 371 1112 solet
384 1078 562 1125 procedere.
644 1106 646 1109 .

278 1129 353 1162 Hoc
380 1129 453 1162 loco
479 1129 643 1162 Doctores
674 1137 736 1160 tam
763 1124 968 1160 protestantes

57 1175 207 1201 ornatarum
220 1176 312 1223 quam
331 1176 487 1211 Pontificii
507 1175 603 1210 solent
621 1176 772 1213 flagellare
796 1172 967 1220 nequissimi

55 1215 199 1242 Calvinum
221 1226 227 1232 ·

55 1254 143 1291 decept!
149 1258 192 1282 An

55 1296 118 1320 nius.

57 2527 193 2555 Mala'om-

58 2570 79 2594 ti
88 2565 195 2593 ridicula

58 2607 132 2643 enses.

218 1225 399 1273 impostoris
421 1227 517 1260 Annii
542 1214 742 1260 Viterbiens‘is
761 1221 966 1271 profligatissi-

216 1288 300 1309 mam
314 1275 484 1315 audaciam,
499 1275 552 1322 qui
565 1273 618 1309 sub
630 1272 868 1319 ‘Philonisjudaei
876 1272 967 1320 pallio

216 1322 302 1358 ausus
322 1324 365 1358 cst
378 1323 440 1358 hoc
454 1326 546 1358 etiam
559 1337 629 1358 cum
645 1323 759 1358 caeteris
775 1319 832 1355 suis
845 1322 968 1357 menda-

215 1374 270 1407 ciis
283 1372 491 1413 comminisci,
505 1374 537 1406 in
550 1371 699 1407 eAhazid
707 1381 806 1405 totam
813 1373 969 1405 Solomonis

215 1427 247 1458 &
260 1423 404 1472 losizphati
416 1425 509 1457 etiam
522 1422 692 1470 prosapiam
706 1422 870 1455 extinstam
879 1446 889 1461 ,
904 1422 969 1455 Re-

215 1485 350 1520 gemque
375 1476 473 1506 loram
498 1485 535 1506 ex
562 1471 719 1519 Qathane
741 1472 899 1504 Solomonis
917 1482 971 1517 per

215 1533 346 1557 matrem
366 1521 560 1556 {Eathzebam
585 1522 708 1555 uterino
732 1517 823 1554 fratre
836 1533 970 1568 progna—

215 1583 294 1606 tum.
325 1571 426 1605 Dolet
440 1569 694 1618 praestantissimos
704 1569 800 1609 viros,
816 1571 970 1604 Bucerum

216 1626 248 1657 δέ
263 1621 448 1655 Gualterum
473 1620 639 1655 nebulonis
658 1618 841 1667 imposturas
860 1619 912 1654 hic
928 1617 970 1654 se-

216 1682 351 1720 quutos,
367 1681 400 1705 ut
418 1671 491 1705 alibi
506 1671 566 1704 viri
580 1671 704 1704 maximi
719 1681 773 1715 per
786 1669 892 1713 multi,
908 1681 970 1704 tam

216 1734 254 1756 ex
267 1720 381 1756 nostris
395 1720 487 1766 quam
503 1718 692 1759 Pondficiis,
711 1717 816 1753 fraude
830 1719 970 1754 nondum

215 1771 355 1807 detecta,
381 1771 459 1804 illius
475 1767 590 1805 fabulas
604 1769 734 1816 amplexi
754 1766 830 1803 sunt.
865 1769 972 1805 Video

216 1820 310 1854 etiam
324 1821 481 1868 Joannem
496 1820 661 1854 Calvinum
681 1820 712 1853 in
725 1816 779 1852 suo
797 1819 834 1854 ad
846 1818 972 1853 harmo-

215 1870 298 1903 niam
313 1870 541 1903 commentario
554 1881 612 1916 pro
626 1868 862 1903 dietfiBuceri&
872 1869 971 1904 Gual-

215 1920 274 1953 teri
287 1917 432 1952 sententizi
446 1917 520 1952 stare
529 1933 538 1958 ;
559 1931 623 1952 non
636 1918 797 1965 propterea
811 1929 912 1953 tamen
919 1919 971 1954 de-

215 1969 323 2014 cuitJt·
329 1967 432 2002 suitam
442 1968 659 2001 Alaldonatum
668 1969 697 2001 in
711 1980 782 2001 eum
789 1978 852 2002 tam
864 1968 973 2004 acerbe

217 2016 338 2051 invehi:
365 2017 417 2051 etsi
435 2019 516 2051 enim
532 2031 589 2065 pro
609 2016 664 2052 ista
678 2016 824 2051 sententiz'i
836 2019 974 2066 quaedam

216 2065 354 2113 proferat
366 2079 559 2114 argumenta,
575 2065 714 2113 expresse
731 2077 832 2101 tamen
847 2067 974 2113 profite-

215 2127 265 2149 tur
278 2115 390 2149 habere
412 2115 439 2149 se
457 2129 523 2150 eam
536 2115 654 2151 tantum
673 2129 730 2163 pro
745 2116 916 2163 probabili,
943 2122 973 2152 &

216 2177 311 2212 quam
323 2165 354 2197 in
369 2165 474 2199 medio
487 2166 641 2213 relinquit.
669 2167 831 2214 Quicquid
844 2168 935 2201 etiarn
944 2168 974 2200 in

217 2218 254 2250 e&
266 2215 406 2261 opinatus
426 2213 469 2248 est
482 2219 600 2262 accepit
613 2214 651 2247 ab
668 2218 775 2248 Annio
787 2216 974 2250 Viterbiensi

216 2263 380 2298 Monacho
394 2264 561 2298 Pontificio
570 2289 580 2304 ‚
594 2275 688 2310 quem
700 2267 820 2297 Ioannes
829 2266 973 2303 Luc-idus,

218 2316 250 2347 &
263 2313 311 2345 alii
330 2313 419 2345 multi
433 2325 473 2345 ex
488 2312 659 2346 pontificiis
684 2324 754 2346 ante
785 2312 910 2347 nostros
929 2311 973 2347 se-

218 2361 306 2408 quuti
319 2358 401 2399 sunt,
428 2373 483 2394 nec
497 2362 585 2394 citius
598 2371 647 2393 aut
660 2361 756 2393 acrius
769 2359 975 2407 aJesuitarum

219 2422 379 2457 quoquam
394 2410 540 2443 Aiinianoe
554 2407 661 2443 fabulae
670 2421 853 2456 oppugnatae
861 2422 894 2443 ac
902 2422 976 2456 pro-

220 2459 300 2492 tritae
315 2457 379 2492 sunt
391 2458 483 2505 quam
496 2458 511 2492 a
525 2457 702 2506 sequacibus
715 2459 852 2494 Calvini:
868 2469 975 2493 utcun-

221 2521 282 2554 que
298 2507 464 2555 benignior
477 2509 508 2542 in
521 2509 596 2542 alios
610 2508 841 2544 maldonatum
854 2507 904 2542 hic
916 2507 974 2543 esse

222 2557 328 2591 debuit
343 2557 399 2591 esse
413 2556 533 2597 censor,
561 2571 631 2592 cum
644 2556 704 2605 ipse
712 2557 747 2592 ad
755 2558 886 2592 eundem
894 2557 975 2592 hunc

222 2607 365 2641 Martha
377 2607 481 2641 locum
491 2605 585 2644 crasse
597 2606 661 2642 satis
669 2606 809 2655 cespitet,
824 2620 894 2641 nam
905 2620 976 2642 cum

223 2655 456 2691 fundamentum
475 2657 748 2692 Tcffaradecadum
769 2658 799 2690 in
814 2657 976 2692 vaniffimi's

222 2706 292 2753 post
305 2707 379 2740 alios
393 2719 593 2741 numerorum
607 2707 757 2754 mysteriis
770 2705 929 2754 posuisset,
943 2718 976 2741 ut

221 2756 248 2790 sc
261 2756 292 2789 in
305 2755 468 2789 ‘Platonici
476 2760 504 2790 &
519 2756 712 2805 Pithagort'cci
720 2756 919 2803 Philosophia
929 2755 976 2790 so-

222 2806 279 2840 ciis
303 2806 481 2840 doctiorem
500 2805 739 2844 demonstraret,
770 2818 806 2838 ex
819 2803 873 2838 suo
887 2805 976 2851 ipsius

223 2867 303 2901 penu
316 2854 504 2903 deprompsit
526 2855 603 2889 hanc
628 2856 719 2889 ctiam
732 2853 815 2888 istius
833 2866 976 2888 numera-

225 2905 355 2938 tionem.
400 2906 496 2944 Dies,
523 2906 639 2953 inquit,
663 2904 925 2951 decimusquartus
946 2903 977 2936 in

225 2953 344 2986 morbis
357 2952 553 2991 estCriticus‚
563 2955 704 3001 adeoque
717 2954 748 2987 in
763 2953 975 3000 Rebuspubli-

227 3003 269 3036 cis
283 3002 508 3050 decimaquarta
526 3005 684 3051 generatio
697 3003 740 3037 est
753 3003 858 3037 critica
871 3028 880 3043 ,
907 3002 977 3049 post

227 3064 319 3098 quam
340 3049 530 3098 Respublica:
544 3055 574 3087 in
593 3055 701 3088 melius
720 3050 818 3086 solent
832 3065 977 3086 commu-

227 3102 293 3134 tari.
322 3104 405 3135 Itane
418 3101 491 3135 vero
507 3114 544 3135 an
562 3104 694 3137 Medicis
712 3103 978 3149 decimusquartus

227 3152 292 3185 dies
306 3151 428 3185 criticus
447 3152 543 3198 magis
558 3151 603 3185 est
617 3165 708 3198 quam
721 3153 864 3200 quintuS‚
890 3149 977 3197 septi-

225 3213 305 3241 mus,
316 3213 429 3241 noum,
438 3210 488 3234 aut
500 3201 548 3235 alii
557 3201 723 3237 variidies?
743 3203 784 3237 Et
799 3215 836 3237 an
846 3201 978 3236 morbo-

1000 116 1506 157 oo1c1L13.11.
1728 132 1760 170 53

1008 201 1075 223 rum
1088 185 1176 223 crises
1184 189 1387 223 mutationem
1396 189 1427 222 in
1435 190 1542 223 melius
1556 189 1658 235 potius
1667 190 1762 237 quam

1006 237 1139 279 deterius
1158 236 1328 285 significant
1346 241 1358 269 ?
1397 239 1560 287 Qicquid
1571 239 1645 273 vero
1658 239 1711 274 fiat
1723 241 1762 275 de

1006 287 1143 326 morbis,
1164 300 1201 320 ari
1214 286 1334 320 numeri
1349 287 1443 320 ullum
1459 289 1489 321 iri
1502 289 1763 334 Rerumpublica-

1005 346 1074 369 rum
1103 334 1325 370 mutationibus
1351 334 1499 370 influxum
1513 337 1647 371 habent?
1673 341 1763 372 Puta-

1004 381 1075 417 bam
1087 387 1204 417 ]oannis
1215 384 1322 417 Bodini
1333 382 1439 430 scripta
1446 385 1483 419 ab
1497 386 1631 422 Ecclesia
1640 387 1761 422 Roma-

1003 431 1041 465 nz'i
1053 432 1179 479 publico
1192 431 1245 466 usu
1259 434 1435 474 interdicta,
1460 434 1504 467 ob
1517 434 1597 468 hunc
1610 437 1689 470 inter
1702 449 1760 470 cae-

1002 491 1087 516 teros
1106 492 1301 529 praetextum,
1333 482 1420 530 quod
1441 481 1604 518 secundum
1618 483 1759 530 supersti-

1003 530 1122 565 tionem
1141 531 1408 579 Pythagoreorum
1426 533 1622 579 Rerumpub.
1646 532 1757 569 statum

1003 580 1093 614 nimis
1106 580 1122 615 a
1134 581 1213 616 varia
1227 593 1428 616 numerorum
1441 582 1473 615 in
1491 584 1576 616 annis
1589 583 1757 629 complica-

1002 630 1088 664 tione
1103 630 1236 677 pendere
1254 630 1420 666 docerent:
1446 635 1477 666 &
1498 642 1600 666 tamen
1613 644 1758 679 quaecun-

1002 692 1068 726 quae
1076 680 1106 713 in
1115 680 1250 714 numeris
1258 680 1377 714 dierum
1385 692 1435 715 aut
1448 693 1599 715 annorum
1612 680 1758 728 aquibus-

1000 729 1043 763 vis
1056 728 1147 763 inesse
1160 729 1205 763 vis
1222 733 1254 764 &
1267 729 1443 776 mysterium
1451 741 1587 778 putatur,
1607 729 1689 764 certe
1697 732 1760 778 pri-

1002 791 1069 812 mus
1082 782 1113 813 δι
1129 777 1226 818 solus,
1251 790 1285 813 ut
1296 779 1447 819 arbitror,
1474 780 1676 815 Maldonatus
1695 779 1757 821 est,

1001 828 1055 875 qui
1068 828 1100 861 in
1113 840 1245 862 numero
1258 830 1494 875 generationum
1502 854 1512 869 ,
1537 830 1568 863 in
1583 829 1694 877 quibus
1707 842 1760 864 an-

1001 878 1032 910 ni
1047 882 1078 912 &
1091 878 1154 911 dies
1168 878 1300 911 omnino
1315 879 1429 914 varii&
1443 880 1551 913 incerti
1565 877 1647 918 sunt,
1666 879 1760 914 ullam

1002 926 1064 959 vim
1077 926 1212 960 criticam
1226 923 1396 962 somniavit.
1431 927 1600 963 Potuissent
1617 927 1680 963 ista:
1702 929 1759 976 Je-

1002 972 1082 1008 suitae
1094 976 1236 1009 vanitates
1250 987 1283 1010 ut
1295 977 1426 1011 ridiculae
1439 977 1625 1024 pertransiri,
1644 976 1700 1011 nifi
1707 978 1760 1012 ad-

1001 1023 1118 1058 didisset
1132 1023 1189 1059 suis
1213 1025 1345 1060 inventis
1364 1026 1444 1060 aliud
1457 1025 1616 1063 manifeste
1632 1024 1756 1066 falsum,

1001 1072 1225 1122 decimaquarta
1244 1087 1314 1109 nam
1333 1073 1443 1109 scilicet
1469 1074 1549 1110 suam
1573 1074 1660 1110 crisin
1681 1075 1761 1110 Res-

1000 1122 1071 1169 pub.
1085 1121 1202 1170 semper
1214 1135 1331 1158 mutare
1344 1125 1376 1158 in
1388 1124 1498 1159 melius
1507 1149 1515 1161 ‚
1540 1124 1591 1159 sed
1603 1136 1677 1173 quas
1691 1135 1758 1158 tan-

1001 1172 1071 1206 dem
1085 1172 1130 1206 vel
1144 1173 1277 1207 rationes
1289 1173 1335 1208 vel
1348 1174 1486 1220 exempla
1499 1173 1585 1209 affert
1598 1176 1634 1209 ad
1647 1177 1757 1215 magalo-

999 1228 1095 1264 ξόωπν
1107 1221 1170 1256 hoc
1182 1221 1388 1257 firmandum?
1409 1224 1505 1259 Certe
1517 1224 1548 1257 in
1561 1226 1687 1260 materia
1698 1235 1758 1271 prae

1001 1271 1140 1305 manibus
1155 1274 1219 1316 ejus
1234 1270 1341 1306 falsitas
1355 1271 1400 1306 est
1413 1273 1578 1320 pellucida;
1592 1287 1700 1309 verum
1713 1272 1758 1307 est

1001 1321 1151 1367 Regnum
1163 1321 1298 1354 Damalis
1310 1322 1381 1368 post
1395 1323 1526 1369 primam
1543 1322 1759 1358 Tessaradeca-

1002 1370 1038 1404 da
1050 1370 1259 1405 Hebraeorum
1268 1370 1379 1405 statum
1392 1373 1422 1405 iri
1431 1373 1539 1405 melius
1554 1373 1694 1408 munisse:
1708 1369 1759 1406 sed

1003 1432 1040 1453 an
1049 1419 1119 1468 post
1132 1418 1303 1460 secundam,
1312 1424 1423 1455 lecom'ae
1435 1421 1481 1456 vel
1492 1422 1660 1456 Salathielis
1671 1422 1758 1457 Prin-

1003 1470 1118 1517 cipatus
1130 1470 1367 1517 populiJudaici
1381 1469 1491 1505 statum
1503 1472 1668 1506 meliorem
1689 1470 1759 1506 red-

1003 1520 1101 1554 didit?
1121 1520 1162 1553 Et
1174 1520 1247 1554 licet
1261 1519 1332 1567 post
1343 1519 1710 1556 tertianiTessaradecada
1722 1532 1760 1553 ex

1003 1570 1132 1604 adventu
1148 1569 1262 1603 Meffiae
1276 1568 1409 1604 Ecclesia
1422 1570 1453 1603 in
1472 1567 1645 1605 feliciorem
1659 1568 1760 1604 multo

1004 1618 1097 1667 quam
1119 1619 1189 1654 ante
1203 1619 1418 1654 conditionem
1437 1619 1543 1654 evefim
1562 1618 1611 1657 sit,
1633 1620 1762 1667 Judaica
1795 1659 1799 1662 ‚

1004 1681 1106 1703 tamen
1119 1665 1259 1714 Respub.
1278 1668 1350 1715 post
1372 1681 1439 1703 eam
1458 1669 1764 1717 decimoquartanarn

1004 1718 1138 1752 omnino
1152 1717 1197 1752 est
1209 1717 1396 1766 pessundata,
1418 1729 1475 1752 nec
1489 1731 1542 1765 per
1555 1720 1647 1753 ullam
1661 1719 1692 1753 in
1704 1731 1766 1766 po-

1004 1768 1119 1803 sterum
1133 1766 1368 1803 Teffiradecada
1381 1768 1411 1802 in
1425 1768 1533 1803 melius
1546 1767 1591 1802 est
1604 1779 1728 1804 mutata.

1053 1819 1108 1851 De
1116 1816 1229 1852 Iesuitae
1244 1818 1275 1851 in
1289 1818 1455 1853 Calvinum
1469 1815 1596 1853 censura
1609 1817 1685 1853 satis.
1699 1830 1764 1853 non
1784 1826 1913 1855 calvinux

1005 1866 1106 1901 multo
1120 1866 1301 1908 humanius,
1326 1867 1408 1902 certe
1429 1868 1521 1902 nimis
1545 1867 1640 1915 quam
1653 1867 1763 1902 acerbe
1781 1866 1933 1936 malfftgxa-

1777 1916 1846 1935 tura
1884 1916 1910 1933 0-

1777 1957 1855 1975 maro.

1007 1917 1088 1951 idem
1101 1917 1226 1953 Calvini
1239 1917 1327 1952 locus
1341 1917 1357 1952 a
1369 1918 1438 1952 viris
1451 1916 1632 1951 doctissimis
1645 1918 1763 1952 &arni-

1007 1965 1127 2001 ciffimis
1141 1967 1289 2001 Gomaro
1302 1979 1335 2001 ac
1342 1966 1518 2015 Spanhemio
1526 1968 1682 2013 accipitur.
1696 1968 1763 2000 Ta-

1007 2026 1056 2050 xat
1068 2015 1133 2050 satis
1148 2017 1256 2050 acriter
1264 2016 1426 2050 Gomarus
1438 2016 1602 2050 Calvinum
1611 2016 1655 2050 ob
1667 2015 1764 2062 sphal-

1009 2078 1067 2105 ma,
1075 2065 1161 2113 quod
1174 2068 1282 2112 Lyncei
1295 2064 1469 2099 Iesuitarum
1483 2065 1567 2098 oculi
1579 2077 1645 2099 non
1658 2063 1765 2099 obser-

1007 2117 1131 2155 varunt,
1160 2116 1307 2149 nimirum
1326 2114 1413 2162 quod
1431 2116 1611 2148 Solomonem
1625 2125 1722 2161 ponat
1735 2115 1767 2149 in

1008 2164 1132 2200 Christi
1146 2165 1343 2212 genealogia,
1366 2168 1397 2199 &
1413 2165 1444 2198 in
1457 2163 1513 2197 hac
1527 2162 1651 2199 censura
1663 2162 1769 2210 sequa-

1008 2227 1078 2248 cem
1090 2214 1183 2248 habet
1195 2214 1419 2263 Spanhemium.
1447 2213 1544 2248 Certe
1559 2213 1706 2246 Calvinus
1721 2211 1770 2246 sae-

1008 2263 1076 2308 pius
1090 2262 1303 2308 expressissime
1318 2262 1479 2297 Christum
1492 2263 1649 2295 Solomonis
1670 2262 1769 2295 filium

1009 2311 1072 2345 vult
1084 2321 1205 2346 tantum
1219 2311 1358 2358 legaliter
1375 2322 1408 2346 ut
1428 2309 1628 2346 successorem
1642 2313 1768 2357 Regum

1009 2360 1104 2398 Iudae,
1120 2373 1186 2393 non
1199 2361 1374 2394 naturaliter
1387 2385 1397 2399 ‚
1422 2373 1491 2393 nain
1507 2360 1651 2393 Matthaei
1662 2359 1769 2393 seriem

1010 2408 1141 2455 legalem
1155 2420 1188 2443 ut
1205 2411 1290 2441 Luca
1308 2409 1474 2442 naturalem
1499 2409 1644 2443 Calvinus
1663 2408 1767 2443 docet.

1010 2456 1166 2492 Utveroa
1183 2457 1302 2493 Christi
1321 2469 1432 2504 genere
1444 2459 1577 2491 omnino
1593 2457 1768 2492 excludatur

1009 2508 1141 2540 Solamen
1148 2531 1158 2546 ,
1170 2505 1339 2553 omnesque
1348 2508 1454 2554 Reges
1463 2520 1533 2541 eum
1544 2506 1701 2554 sequentes
1711 2507 1769 2541 mi-

1010 2556 1040 2589 hi
1052 2556 1171 2590 videtur
1179 2557 1306 2590 mirum:
1316 2555 1461 2602 quorsum
1473 2557 1554 2589 enim
1563 2567 1663 2590 tantus
1673 2558 1768 2589 Alat-

1011 2606 1074 2639 tlm
1081 2605 1186 2645 labor,
1205 2604 1226 2638 fi
1237 2605 1301 2639 duae
1311 2615 1385 2639 totae
1401 2604 1651 2640 Tefl'aradecades
1661 2609 1692 2640 &
1701 2618 1768 2640 non

1010 2655 1169 2703 pauciores
1180 2655 1272 2702 quam
1283 2655 1390 2702 viginti
1398 2655 1476 2688 οᾶο
1483 2654 1617 2702 personat
1627 2680 1637 2695 ‚
1656 2656 1768 2703 quasin

1010 2703 1129 2739 Christi
1139 2704 1331 2752 genealogia,
1340 2703 1448 2740 diserte
1457 2705 1701 2753 nominatimque
1711 2718 1768 2752 po-

1011 2752 1086 2794 suit,
1107 2754 1145 2788 ab
1165 2756 1202 2790 ea
1220 2753 1277 2788 sint
1297 2754 1430 2788 ‘omnino
1443 2754 1654 2794 excludendae,
1684 2755 1768 2789 itaut

1011 2804 1096 2837 nullo
1106 2802 1226 2850 prorsus
1236 2803 1335 2838 modo
1345 2816 1445 2851 neque
1456 2804 1591 2851 legaliter
1603 2817 1703 2851 neque
1713 2817 1769 2839 na—

1011 2853 1148 2886 turaliter
1159 2852 1241 2886 abiis
1256 2852 1398 2888 Christus
1417 2852 1610 2887 descenderit.
1637 2854 1715 2888 Esto
1732 2854 1768 2889 sit

1013 2901 1156 2935 Matthaei
1166 2902 1245 2936 linea
1254 2904 1394 2937 naturalis
1407 2902 1516 2951 loftploo
1525 2927 1533 2939 ‚
1551 2907 1582 2938 &
1592 2906 1677 2937 Lucae
1688 2904 1766 2938 linea

1011 2952 1154 2986 naturalis
1170 2955 1282 2985 Μανία
1292 2965 1300 2992 ;
1320 2965 1356 2986 an
1375 2953 1537 2999 propterea
1548 2964 1650 2988 tamen
1666 2954 1766 2989 nullus

1012 3014 1048 3035 ex
1064 3002 1211 3037 omnibus
1229 3002 1338 3049 viginti
1363 3003 1441 3036 o6to
1467 3015 1547 3050 quos
1574 3014 1713 3038 numerat
1734 3005 1766 3038 iri

1012 3050 1130 3084 Christi
1145 3051 1327 3098 genealogia
1342 3051 1504 3085 Mattheus
1524 3054 1539 3097 (
1549 3053 1581 3086 in
1598 3053 1706 3102 Ioſs’phi
1713 3066 1767 3088 aua

1011 3110 1075 3133 tem
1093 3113 1159 3133 non
1171 3101 1225 3135 nisi
1246 3112 1373 3147 propter
1389 3101 1576 3149 Christum)
1599 3103 1629 3137 in
1649 3102 1768 3138 Christi

1013 3149 1069 3183 erit
1089 3162 1203 3197 genere
1221 3163 1259 3184 rie
1275 3151 1362 3200 legali
1380 3152 1531 3198 quidem?
1550 3155 1602 3186 An
1616 3153 1723 3200 Iosephi
1735 3158 1766 3188 &

1014 3202 1126 3234 Maria
1141 3198 1228 3236 series
1243 3202 1362 3237 tantum
1377 3199 1432 3235 ase
1444 3202 1574 3238 invicem
1593 3201 1762 3241 distabunt,

1349 3254 1404 3299 Gg
1429 3264 1441 3296 ς

1651 3261 1684 3284 ut
1698 3251 1766 3284 nul-
