2048 3343
39 732 82 761 ,Α
95 730 154 756 Tro-

40 774 104 806 jams
110 769 159 796 ori-

37 811 99 840 undi
109 814 157 851 Ro·

39 863 107 880 mani
121 861 156 882 (γ’

13 903 18 911 ’
40 895 138 922 Veneti.

43 2162 137 2192 AEtiedd

42 2206 135 2232 Latino
143 2217 152 2225 ·

42 2253 95 2272 rum
102 2249 164 2283 Rex.

444 104 1497 144 ETCHR0N0L001C1L1B.I.
1685 118 1732 151 71

190 179 323 220 revisere
339 205 347 219 ,
374 182 410 214 δε
435 181 469 213 in
488 178 608 228 Apulia
628 181 713 213 mori
731 177 935 225 praeelegerit

190 231 274 267 exul.
311 238 510 278 Agamemnon
527 242 593 263 non
612 227 698 274 prius
717 228 857 261 domum
879 238 936 272 pc-

189 281 267 316 dem
285 279 416 320 intulit,
437 278 537 327 quam
554 278 595 311 ab
617 290 716 311 uxore
730 270 937 327 Clytemneftri

189 334 225 365 δε
245 331 375 377 eAEgis'lo
393 327 527 362 moecho
553 325 638 360 saevae
655 327 748 361 datus
765 325 810 358 est
827 326 940 358 morti.

188 382 307 422 Pyrrhus
320 380 501 413 Hermonem
519 378 645 411 Menelai
657 373 859 422 desponsans
872 376 939 408 Del-

183 431 248 476 phis
264 450 273 462 .
297 427 339 460 ad
358 428 489 473 Apollinis
506 437 595 459 aram
616 426 654 458 ab
666 427 760 459 Oresio
772 424 940 458 maffatur.

189 476 382 528 Ulyffespost
401 487 524 509 novam
541 475 701 508 malorum
712 473 847 508 Iliadem
867 498 877 514 ,
906 476 940 506 δε

186 525 367 560 secundum
378 525 410 558 in
420 526 569 558 aerumnis
582 524 849 563 decennium,vix
861 523 939 556 dum

188 573 207 608 ὲ
224 574 394 608 laboribus
415 574 508 609 domi
530 573 689 621 respirans
706 571 851 606 infaustis
863 573 939 605 Tele-

185 626 256 672 goni
275 624 426 658 manibus
452 622 514 667 (sui
534 636 571 658 ex
593 626 674 658 Circe
693 621 806 668 spurii)
833 617 943 668 sagitta

193 684 356 707 venenata
367 671 657 708 transverberatur.

242 721 442 767 Hujusmo-di
463 721 538 757 sunt
559 734 631 767 quae
648 721 799 755 auctores
822 716 944 751 habent

197 771 237 807 de
251 774 373 806 Graecis
384 773 415 806 in
427 783 488 805 aera
500 768 703 804 Monarchiae
715 770 835 816 primae.
865 765 943 801 Infi-

199 823 266 855 nita
284 821 401 855 restant
433 819 545 853 similis
570 818 677 853 farina:
703 819 765 852 alia
786 834 806 857 ‚·
830 814 883 850 sed
913 817 944 848 in

198 871 396 904 Graecanici's
406 868 533 903 fabellis
547 868 706 902 hactenus
720 867 831 903 nimii,
845 875 947 897 trans-

195 931 306 954 eamus
332 921 366 953 in
398 918 525 952 ltaliam
559 915 730 965 speftaturi
765 913 946 962 primordia

194 970 326 1004 Romae.

245 1020 288 1051 Ea
309 1015 486 1064 quondam
506 1014 658 1056 Trojanae
684 1011 792 1057 gentis
820 1009 947 1043 claritas

194 1069 245 1101 vel
276 1068 335 1101 [ιιι
364 1067 484 1099 merito
509 1063 635 1096 virtutis
655 1085 664 1101 ,
700 1061 749 1094 vel
774 1063 944 1107 poetarum

193 1117 328 1155 fzvore,
349 1125 383 1147 ut
402 1112 444 1145 ad
461 1109 558 1158 ipsam
572 1109 781 1155 posterorum
795 1109 946 1156 plerique

193 1165 394 1212 populorum
414 1161 506 1194 suum
527 1170 632 1204 genus
650 1158 765 1192 referre
789 1158 946 1206 gestiant.

192 1211 315 1248 Veium
326 1211 432 1245 haecce
444 1207 600 1243 nobilitas
613 1206 833 1241 ambientium
848 1218 944 1240 com-1

189 1261 342 1308 pluribus
366 1271 438 1295 non
465 1260 629 1304 competit
648 1280 656 1293 ,
681 1255 746 1291 sine
771 1255 945 1303 splendida

190 1308 260 1344 falsi
283 1322 379 1344 nota.
416 1310 496 1342 Duo
516 1305 644 1341 tantum
666 1304 740 1340 sunt
758 1307 793 1339 in
815 1307 945 1352 Europa

192 1361 324 1408 populi,
341 1360 398 1405 qui
416 1357 507 1392 certo
521 1355 745 1391 demonstrant
757 1356 944 1398 Troianum

191 1408 252 1443 effe
269 1407 360 1442 suum
379 1408 523 1441 stemma.
565 1407 681 1440 Veneti
703 1407 850 1439 Antenoris
866 1416 948 1450 pro-

194 1458 240 1492 les
254 1484 261 1496 ‚
284 1463 318 1493 δε
340 1458 488 1492 Romani
507 1454 636 1502 languis
647 1457 757 1488 cAEueae
774 1470 784 1489 .·
813 1454 947 1487 istiutut

193 1510 272 1542 olim
296 1512 326 1541 δε
347 1508 545 1540 nuncetiam
563 1504 791 1540 celeberrimi,
811 1515 879 1536 uon
901 1514 946 1535 ta-

194 1569 271 1590 men
294 1569 330 1590 ex
358 1555 497 1590 obstura
522 1556 770 1603 proletariarum
792 1553 946 1600 'gentium

195 1605 333 1653 caligine
346 1604 402 1638 suae
415 1604 511 1638 famae
524 1615 623 1652 caput
636 1602 832 1643 extulerunt,
847 1600 945 1649 prius-

195 1667 296 1702 quam
308 1666 424 1700 quarta
445 1653 637 1687 Monarchia
648 1654 680 1685 in
696 1652 821 1685 senium
834 1664 949 1698 verge-

195 1715 246 1739 ret
260 1718 268 1738 ι
282 1703 424 1738 hieriam
437 1713 510 1737 ante
530 1713 639 1735 natam
655 1701 825 1734 secundam
837 1726 846 1740 ,
865 1701 950 1734 mul-

196 1765 247 1787 tas
260 1751 317 1787 sibi
328 1756 359 1787 iu
372 1752 504 1786 historia
517 1748 862 1800 paginasmeritiffime
873 1762 952 1785 veu-

197 1803 322 1838 dicant.

247 1851 390 1886 csEueida
411 1846 585 1883 conscribit
597 1855 682 1883 Maro
697 1846 827 1896 prorsus
837 1849 951 1883 Poeti-

195 1899 247 1936 ce.
261 1898 522 1940 hocest‚summa
536 1895 682 1944 fingendi
697 1897 951 1944 audacia,quic-

195 1950 276 1994 quid
289 1952 360 1984 iulia
373 1949 488 1983 domui
501 1945 669 1990 poffiteffe
684 1947 806 1982 decori.
847 1946 950 1982 Certe

198 1997 221 2032 fi
237 2011 346 2032 veram
361 2000 454 2032 Livius
465 1997 631 2030 historiam
651 2021 661 2037 ‚
685 1997 840 2031 conflens
856 1999 952 2043 Virgi-

195 2050 249 2081 lius
269 2047 397 2082 fabulas
420 2047 486 2080 ded
501 2057 513 2080 t
538 2061 547 2083 .-
576 2058 746 2092 utcunque
767 2044 953 2081 verisimilia

197 2096 269 2131 sunt
281 2110 354 2144 qux
367 2097 555 2143 sequuntur.

249 2150 373 2182 ὦπας
386 2170 394 2183 ,
405 2144 524 2180 cumin
539 2146 660 2178 cineres
671 2145 777 2179 ruisset
787 2146 871 2179 Ilium
882 2156 954 2182 ,va-

199 2198 252 2230 riis
268 2208 355 2230 terra
370 2197 513 2242 marique
525 2191 601 2227 fatis
612 2195 807 2233 acrus‚venit
818 2194 952 2227 tandem

200 2248 234 2280 in
255 2247 382 2280 Latium
402 2243 539 2278 navibus
554 2244 734 2276 comitatus
755 2243 797 2276 ad
814 2242 955 2290 quinde-

202 2297 264 2328 cim
278 2293 481 2330 :ascendunt
494 2294 568 2327 socii
581 2295 613 2325 in
625 2303 743 2326 terram
757 2319 765 2332 ,
778 2303 910 2339 ponunt
923 2293 955 2324 in

201 2345 315 2378 littore
334 2344 476 2378 tentoria
490 2368 498 2381 ‚
513 2344 654 2389 imperat
671 2343 783 2388 inopia
805 2345 837 2376 ὃς
851 2341 957 2375 fames

204 2403 304 2440 agere
331 2393 369 2425 de
391 2394 502 2425 vicino
522 2391 660 2437 praedas.
707 2389 832 2424 Adsunt
850 2390 955 2424 statim

204 2441 319 2476 incola:
334 2441 491 2485 Aborigines
516 2451 590 2472 cum
614 2442 704 2486 Rege
723 2442 842 2480 Latino,
864 2440 958 2473 adve-

203 2501 317 2523 narum
331 2491 481 2533 injuriam
493 2483 579 2520 ferro
590 2488 960 2526 vindicaturi,instruunt

204 2536 319 2573 contra
341 2539 458 2581 Trojuui
476 2539 579 2569 aciem
603 2559 612 2574 ‚
638 2536 688 2570 sed
719 2546 897 2581 autequam
918 2536 958 2568 ad

205 2599 373 2623 certamen
395 2583 581 2619 cecinill'tnt
602 2582 689 2632 sigua
708 2609 718 2624 ‚
752 2593 855 2619 Latino
883 2596 957 2617 cum

207 2634 544 2680 exfineicolloquium
566 2633 767 2680 deposcente
788 2661 796 2673 ,
823 2634 864 2668 de
883 2644 960 2680 pace

209 2689 377 2720 convenit.
403 2684 719 2731 Jungituramicitiae
731 2680 961 2729 foedus,spou-

209 2736 308 2769 detur
323 2736 353 2767 in
367 2746 502 2767 uxorem
524 2735 658 2766 Lavinia.
694 2733 794 2766 Paeka
815 2731 877 2765 fuit
894 2732 960 2764 haec

209 2785 288 2818 olim
304 2793 396 2818 Turno
410 2783 592 2815 vicinorum
606 2780 737 2825 Regulo
749 2783 917 2828 primario,
935 2782 960 2814 is

211 2845 276 2866 non
299 2835 421 2880 patitur
441 2830 521 2866 falsae
535 2828 593 2863 fibi
612 2827 960 2863 fitleicontumeliam:

212 2885 343 2916 Latinum
372 2880 464 2914 simul
486 2892 561 2913 cum
587 2891 703 2926 genere
731 2874 845 2913 cAEncti
871 2889 962 2925 parat

215 2934 418 2976 opprimere,
440 2931 525 2963 cadit
541 2930 673 2975 quidem
695 2930 727 2960 in
745 2941 856 2976 pugna
877 2930 959 2961 Lati-

214 2989 262 3011 nus
275 3003 282 3016 a
299 2980 352 3014 sed
373 2983 484 3014 vinca:
497 2979 710 3013 victorianum
721 2978 828 3012 hostes
840 3002 847 3014 ,
866 2979 896 3010 in
910 2976 961 3010 so-

217 3029 287 3060 cios
299 3040 433 3074 regnum
447 3029 576 3062 fortuna
589 3028 719 3062 tribuit·
755 3030 869 3062 Victus
887 3036 962 3062 Tur-

215 3088 267 3109 nus
279 3088 343 3108 uon
358 3079 467 3119 abjicit
481 3090 570 3111 arma
583 3103 590 3117 ‚
608 3077 787 3112 Mezentium
806 3090 881 3111 cum
902 3084 961 3111 He-

215 3124 310 3164 truscis
331 3123 472 3159 adsciscit
488 3126 593 3161 socios
614 3151 623 3166 ,
657 3130 840 3173 iterumque
859 3128 959 3171 jastat

213 3173 317 3222 Psxlll
335 3175 438 3209 aleam
460 3199 470 3213 ι
494 3176 664 3212 discedunt
686 3190 721 3212 cx
736 3179 804 3211 acie
818 3179 959 3213 victores

987 178 1082 211 Latini
1107 174 1165 220 (iu
1185 175 1249 209 hoc
1260 186 1330 210 tum
1352 179 1487 212 nomine
1509 179 1738 223 Trojanorum

989 225 1082 260 simul
1103 229 1137 260 ὃ(
1160 227 1342 276 Aboriginum
1361 239 1460 260 voces
1478 227 1636 275 absorpta:
1650 225 1739 269 sunt)

989 272 1042 308 sed
1056 277 1180 309 eAEueaes
1190 275 1361 308 occumbit
1371 278 1623 316 morti,intovem
1635 286 1740 310 trans-

988 322 1152 358 formatus
1165 326 1360 371 indigetem.

1036 374 1172 419 Ascanius
1192 372 1278 408 filius
1298 372 1351 407 seu
1364 371 1468 419 Creusa?
1477 371 1528 406 seu
1544 369 1664 408 Lavinici
1677 385 1739 407 na-
1757 384 1892 420 defi-anu„

989 432 1060 462 tus,
1077 421 1172 468 quod
1191 423 1285 456 matri
1303 422 1500 457 condiderat
1516 425 1641 456 eAEueas
1652 424 1736 456 Lavi·
1757 425 1865 454 „Albam

989 474 1067 506 nium
1093 473 1304 518 relinquens,
1328 473 1400 506 Allia
1425 473 1501 516 jacit
1525 468 1740 505 fundamenta
1758 465 1850 493 condic.

990 533 1061 567 quae
1075 518 1130 554 fibi
1144 520 1345 567 posterisque
1357 523 1445 567 regia
1458 520 1493 554 fit
1506 518 1607 554 sedes.
1626 520 1742 565 Qin-

991 572 1098 603 decim
1117 570 1169 604 hic
1186 581 1362 619 regnarunt
1373 582 1409 604 ex
1421 572 1474 604 iuli
1487 569 1637 616 prosapia
1650 569 1744 603 Prin-

992 619 1081 665 cipes
1103 644 1114 659 ,
1143 619 1175 652 in
1194 619 1313 666 quibus
1334 620 1378 653 nil
1400 619 1485 667 pene
1506 620 1645 666 dignum
1676 616 1744 650 ob-

992 666 1120 701 servatu
1140 694 1148 706 ,
1174 668 1281 703 donec
1306 669 1345 704 ad
1371 671 1555 705 Numitorem
1578 667 1745 701 devenias.

996 718 1067 751 Fuit
1091 716 1166 750 huic
1179 716 1276 752 frater
1297 721 1441 760 Amulius,
1460 716 1565 763 siquis
1575 716 1746 755 alius,am-

996 767 1132 800 bitionis
1145 767 1244 800 oestro
1259 769 1401 814 percitus
1420 782 1427 802 :
1451 767 1496 802 illi
1510 778 1579 800 non
1593 764 1666 799 satis
1676 776 1746 799 erat

995 814 1148 862 depuliii'e
1160 813 1292 849 fratrem
1306 816 1427 851 throno
1440 842 1450 858 ,
1468 816 1526 851 nisi
1537 815 1667 863 iusuper
1679 827 1747 849 ma-

995 863 1116 898 sculam
1131 865 1260 909 prolem
1281 889 1291 904 ‚
1321 878 1391 912 quae
1404 868 1551 900 Numitori
1564 863 1625 898 fuit
1638 866 1747 899 unica,

995 911 1188 945 deturbflffet
1200 914 1231 944 in
1245 913 1371 946 Orcum
1385 937 1395 953 ,
1417 917 1582 960 Rheamque
1595 912 1697 947 filiam
1711 915 1745 945 in
1765 916 1833 955 Rhea
1843 920 1902 944 Nu-

996 959 1173 994 Vestalium
1187 973 1330 995 carceres
1341 961 1532 996 detrusisset.
1563 962 1746 997 Vestalibus
1767 961 1860 986 mitaris

995 1008 1037 1042 ab
1059 1011 1152 1042 omni
1174 1007 1336 1042 memori&
1348 1012 1545 1057 virginitatis
1558 1010 1634 1044 laesae
1647 1024 1748 1057 poena
1768 1001 1905 1045 Marsipu-

996 1056 1115 1092 sancita
1129 1057 1189 1092 fuit
1202 1060 1274 1093 viva
1287 1055 1490 1102 (ficdixeris)
1501 1058 1668 1092 mors:hoc
1682 1073 1748 1093 rea.v
1768 1044 1907 1109 Ztullgnnzl

996 1117 1031 1141 tu
1044 1110 1121 1142 Rhea
1134 1107 1239 1142 statim
1254 1107 1410 1142 obstriera
1422 1107 1563 1149 est,dum
1579 1120 1656 1141 mox
1671 1121 1752 1154 prae-
1772 1125 1879 1159 Remum.

996 1168 1100 1204 gnans
1115 1168 1301 1204 appareret,
1310 1156 1364 1191 sed
1377 1170 1447 1204 quo
1462 1159 1587 1191 crimen
1600 1169 1753 1192 extenua-

995 1216 1044 1238 ret
1058 1205 1275 1253 stupratorem
1294 1208 1478 1241 nominavit
1491 1214 1621 1242 Martem
1642 1222 1653 1241 .·
1680 1218 1753 1240 non

998 1265 1112 1288 tamen
1138 1257 1282 1290 amicam
1310 1258 1450 1290 eximere
1475 1254 1636 1304 supplicio
1658 1257 1753 1290 Deus

997 1303 1099 1337 valuit
1119 1330 1128 1344 ,
1156 1306 1244 1338 nulla
1258 1318 1352 1340 mora
1366 1330 1374 1345 ,
1386 1317 1578 1353 corruptam
1590 1307 1752 1352 virginem

998 1352 1118 1387 defodi
1138 1356 1246 1388 vivam
1259 1366 1349 1389 curat
1367 1358 1495 1390 Amulius
1514 1371 1524 1389 .-
1554 1357 1703 1389 Romulum
1719 1359 1754 1389 &

998 1410 1117 1436 Remum
1131 1425 1138 1437 ‚
1159 1415 1244 1449 quos
1256 1404 1417 1451 gemellos
1428 1405 1588 1443 ediderat,
1601 1405 1635 1436 in
1646 1404 1754 1454 Tyberis

998 1453 1140 1485 vortices
1161 1453 1296 1487 mandat
1313 1455 1419 1499 abjici.
1453 1453 1534 1488 Late
1547 1465 1617 1487 tum
1632 1453 1757 1499 stagna·

998 1500 1056 1534 bat
1068 1525 1076 1538 ‚
1092 1500 1133 1534 fic
1147 1513 1347 1547 procurante
1360 1505 1497 1537 numine
1511 1528 1520 1543 ,
1542 1501 1654 1536 solitas
1664 1513 1754 1535 extra

998 1552 1080 1597 ripas
1092 1549 1217 1584 flumen
1239 1565 1247 1584 :
1269 1551 1311 1585 ad
1322 1552 1493 1599 profunda
1505 1564 1573 1585 non
1584 1551 1684 1585 audet
1697 1562 1755 1584 ac-

999 1601 1114 1634 cedere
1128 1625 1138 1640 ,
1159 1602 1210 1634 cui
1225 1601 1484 1647 mergendorum
1501 1601 1663 1635 infantum
1677 1612 1755 1633 cura

1000 1648 1170 1683 commista
1191 1649 1236 1683 est
1250 1674 1259 1690 ‚
1281 1650 1325 1683 sat
1344 1650 1487 1684 habetin
1498 1648 1648 1697 proxim&
1661 1647 1757 1695 abje-

1000 1697 1071 1732 cisse
1082 1698 1199 1733 alluvie
1212 1725 1221 1738 ,
1242 1698 1322 1732 dum
1337 1701 1369 1733 in
1384 1698 1481 1734 undis
1493 1701 1627 1746 vagiunt
1640 1697 1754 1732 infan-

1001 1759 1047 1781 tes
1060 1750 1186 1781 accedit
1197 1749 1369 1794 praedatrix
1380 1751 1467 1796 lupa,
1478 1749 1653 1793 statimque
1663 1744 1753 1793 qnasi

1000 1798 1138 1845 puderet
1150 1799 1351 1832 crudelitatis
1363 1798 1513 1832 humanae
1526 1824 1535 1838 ‚
1548 1795 1614 1830 fine
1624 1794 1752 1829 malefi-
1775 1801 1915 1831 Gemellos&

1001 1849 1053 1880 cio
1073 1846 1244 1892 exugenda
1260 1847 1408 1881 demittit
1430 1849 1463 1880 in
1482 1859 1541 1880 ora.
1554 1846 1753 1893 vagientium
1774 1839 1915 1880 lupisow,

1001 1894 1097 1929 ubera
1108 1920 1117 1935 ,
1129 1897 1317 1942 spectaculo
1328 1896 1516 1943 supervenit
1527 1897 1634 1942 regius
1646 1895 1756 1942 pastor
1776 1885 1903 1953 Fiustulus

1003 1945 1146 1992 Faustulus
1161 1969 1171 1985 ,
1194 1948 1228 1979 &
1249 1943 1265 1979 ἃ
1286 1943 1353 1980 fera
1372 1945 1492 1980 dostus
1513 1944 1756 1978 humanitatem
1776 1935 1788 1951 ε
1805 1931 1868 1952 ''ca‘'

1001 1995 1034 2028 in
1057 1993 1159 2028 linum
1181 1996 1336 2041 puerulos
1349 1993 1438 2028 tollit
1458 2019 1468 2034 ‚
1495 1993 1681 2040 du&osque
1694 1993 1760 2027 do-

1003 2055 1094 2077 mum
1109 2044 1305 2078 nutriendos
1316 2045 1412 2077 tradit
1423 2044 1572 2091 conjugi.

1052 2092 1292 2127 Adolescentes
1318 2094 1442 2141 regiam
1470 2092 1646 2127 confestim
1661 2091 1762 2125 indo-

1003 2141 1068 2175 lem
1079 2140 1201 2190 spirant
1218 2167 1228 2182 ‚
1258 2144 1458 2176 cunctorum
1471 2143 1502 2175 in
1520 2143 1639 2175 vicinia
1651 2140 1761 2186 pasto-

1004 2203 1078 2225 rum
1096 2192 1194 2225 duces
1214 2191 1319 2232 fiunt3
1340 2193 1460 2225 'ornnes
1482 2191 1692 2224 circumcirca
1710 2192 1760 2225 Ia-

1005 2252 1115 2274 troues
1136 2241 1298 2275 muletam
1319 2256 1328 2281 3
1356 2241 1475 2275 accidit
1496 2239 1633 2273 tandem
1662 2250 1700 2273 ut
1725 2241 1760 2271 in

1005 2289 1150 2336 quodau·
1173 2301 1248 2323 cum
1269 2289 1479 2337 praedonibus
1491 2287 1654 2323 couflistu
1665 2301 1759 2334 capc-

1006 2351 1095 2373 retur
1117 2348 1215 2374 Remus
1235 2364 1245 2379 ‚
1273 2338 1451 2387 captusque
1474 2341 1622 2373 Numitori
1642 2349 1704 2370 avo
1717 2335 1759 2369 ad

1007 2387 1147 2436 capitale
1173 2389 1350 2436 dederetur
1375 2386 1593 2435 supplicium.
1630 2385 1756 2419 Interea

1009 2438 1152 2481 Faustulus
1164 2461 1172 2474 ‚
1188 2439 1280 2483 quod
1292 2438 1349 2472 diu
1365 2435 1518 2483 presserat
1529 2436 1687 2469 secretum
1703 2440 1757 2467 Ro-

1008 2490 1085 2521 mulo
1096 2489 1199 2533 aperit
1218 2511 1227 2526 ,
1253 2485 1339 2520 suam
1352 2485 1524 2530 fratrisque
1536 2486 1637 2518 docet
1650 2481 1759 2529 prosa-

1009 2538 1091 2580 piam
1105 2559 1113 2571 ‚
1128 2533 1375 2580 significandam
1396 2534 1542 2566 Numitori
1553 2542 1641 2564 curat
1654 2543 1759 2577 nepo..

1008 2595 1078 2616 tum
1091 2582 1260 2616 fortunam
1283 2596 1290 2615 :
1319 2582 1410 2615 duffio
1422 2583 1517 2615 citius
1533 2582 1678 2625 undique
1690 2590 1762 2613 ten-

1009 2634 1132 2665 duntur
1144 2633 1256 2666 Amulio
1268 2631 1400 2664 inlidiae.
1438 2630 1540 2663 Adest
1550 2629 1589 2664 ab
1602 2631 1685 2676 agris
1698 2641 1756 2676 pa-
1776 2648 1873 2675 me

1011 2682 1135 2714 storum
1148 2693 1221 2715 cum
1236 2680 1341 2729 globo
1356 2681 1488 2714 Romulus
1510 2704 1518 2717 ‚
1544 2680 1678 2712 accurrit
1698 2677 1758 2712 ali-3
1776 2690 1913 2717 Amulium

1010 2743 1067 2777 per
1081 2733 1262 2765 Numitorem
1276 2731 1404 2764 cinstus
1417 2727 1545 2762 catervi
1557 2734 1655 2762 Remus
1675 2752 1685 2765 ‚
1712 2729 1757 2761 ir-
1776 2737 1905 2766 tyrannum

1009 2792 1166 2826 rumpunt
1187 2782 1220 2812 in
1241 2781 1382 2828 Regiam
1407 2804 1416 2819 ,
1440 2777 1638 2811 obtruncant
1649 2789 1757 2824 tyran·
1774 2779 1872 2799 necant.

1009 2841 1089 2861 num
1116 2833 1151 2863 ὃ(
1162 2832 1318 2876 fiNumitori
1339 2830 1510 2876 proprium
1522 2827 1659 2862 reddunt
1671 2827 1762 2861 thro-

1009 2889 1100 2911 nuln-

1058 2925 1117 2972 Ipsi
1140 2928 1264 2970 majora
1285 2928 1489 2974 cogitantes,
1512 2936 1606 2959 nova:
1618 2925 1760 2959 strustu-

1010 2989 1076 3009 rani
1093 2977 1249 3010 Civitatis
1262 2979 1445 3010 moliuntur
1469 2999 1475 3010 ,
1503 2973 1640 3020 proscdc
1652 2977 1757 3022 placer

1011 3028 1311 3065 monsPulatinus,in
1326 3038 1392 3072 qno
1403 3023 1660 3058 adolescentiam
1671 3027 1758 3058 inter

1010 3087 1129 3122 pecora
1156 3080 1190 3109 &
1219 3078 1346 3108 viciuos
1382 3074 1526 3122 pastores
1554 3073 1756 3120 traizsegEre·

1013 3128 1101 3159 Dum
1117 3127 1146 3157 in
1160 3124 1208 3157 his
1220 3125 1310 3161 sunt,
1333 3124 1488 3159 oboritur
1499 3124 1651 3170 quaestio,
1671 3125 1757 3157 duo-

1010 3188 1082 3210 rum
1097 3186 1166 3210 uter
1177 3174 1361 3209 condendae
1374 3174 1446 3209 urbi
1459 3186 1581 3210 nomen
1592 3173 1685 3208 daret
1697 3197 1705 3211 ‚
1721 3175 1756 3205 ὃς

1650 3223 1758 3268 impe-
