2048 3343
10 1774 13 1843 ξ
33 1795 174 1834 Qssaerie
192 1787 251 1846 R

426 89 490 118 ET
546 79 1211 116 CHRoNoroorc1

6 164 7 167 ¹
29 159 82 191 ‘ma‘
88 170 134 188 nu-

27 212 122 232 wran-

27 242 59 272 du
179 207 221 241 ab
231 217 274 238 eo
295 201 495 237 beneficium
508 210 724 247 acceperunt,
737 197 789 230 seu
804 197 926 242 quinto

6 261 7 268 ¹
60 253 93 272 m·

178 255 230 291 seu
244 251 337 288 sexto
358 250 410 285 scu
431 250 571 298 septimo
591 247 666 294 post
678 256 806 292 captam
821 243 928 289 Baby-

176 307 292 339 lonem
313 313 417 334 anno.
450 300 510 333 Ista
526 309 593 332 non
611 294 741 330 tantum
757 294 857 339 ⁴gratis
868 295 927 326 viri

177 353 270 389 doeh*
280 349 456 388 affirmant,
467 346 519 381 sed
533 356 649 380 contra
661 343 840 391 expressum
852 350 929 380 Ezrae

148 408 151 412 '
177 400 404 437 testimonium
425 395 471 430 sui
491 395 570 430 sexti
588 393 732 428 secundo
749 421 758 434 ‚
785 391 841 427 ubi
859 404 928 426 non

177 450 285 487 solum
296 448 382 495 apud
393 447 525 494 Judaeos
536 455 571 478 ut
583 445 689 492 capite
700 441 929 490 superiori‚sed

180 504 215 536 δε
236 499 323 547 apud
340 496 450 532 Persas
468 496 502 528 in
514 494 606 541 regio
617 494 729 528 edicto
753 492 930 526 Ecbatanis

179 552 214 584 in
228 549 337 597 Regni
347 545 485 581 archivis
496 542 645 591 reposito
658 541 930 587 finitacaptivitas

180 598 374 646 Judaeorum
401 597 466 639 Cyri
490 597 600 640 primo
626 593 763 627 dieitur.
800 590 933 636 Ecquid

182 647 263 683 vero
284 646 327 681 ad
347 646 468 680 Medos
487 646 523 678 &
540 642 648 677 Persas
665 641 853 688 Judaeorum
865 651 934 673 aerae

180 695 373 746 specstabanr
383 719 392 734 ,
404 698 439 729 δε
449 704 551 739 quern
563 690 617 740 ipsi
630 691 734 726 Persae
745 702 783 724 ac
796 689 892 723 Medi
902 690 934 722 in

183 746 318 782 archivis
329 743 393 778 suis
405 740 545 776 maxime
564 739 760 775 authenticis
779 742 846 784 Cyri
865 738 934 786 pri-

182 808 278 830 mum
298 804 416 828 vocant
437 818 445 830 ,
470 795 563 836 cujus
575 790 713 825 demum
736 790 876 824 audaciae
888 787 934 821 est

183 858 260 880 eum
279 842 400 891 absque
426 839 491 875 ulla
509 837 695 874 ncceffitate
723 840 791 880 Cyri
810 837 934 871 sextum

183 906 241 930 aut
251 893 427 942 septimum
440 890 588 924 dietate?
609 887 710 923 Certe
721 895 792 935 Cyro
802 886 936 919 maximi

184 946 286 979 animi
305 944 375 977 viro
394 938 476 974 nihil
495 939 661 984 antiquius
681 936 842 982 &prioris
853 945 937 967 curae

184 993 316 1028 videtur
333 990 435 1030 fuisse,
447 987 561 1035 quam,
571 998 607 1020 ut
619 984 764 1031 primum
782 981 935 1029 Babylon

187 1045 221 1077 in
237 1042 327 1076 suam
341 1039 533 1088 potestatem
545 1031 680 1068 venisset
698 1058 705 1070 ,
733 1037 769 1081 ὃς
787 1031 936 1067 &Daniele

186 1089 354 1138 accepisset
373 1115 382 1128 ,
407 1097 479 1133 quae
499 1085 630 1118 ieremias
643 1087 678 1117 &
689 1083 776 1129 isaias
793 1093 868 1116 ante
880 1092 933 1115 tot

186 1151 289 1174 annos
299 1139 340 1172 de
354 1135 385 1170 se
396 1135 513 1168 divino
522 1131 624 1166 afflati
634 1134 771 1166 numine
784 1131 932 1165 nomina-

186 1191 247 1222 tim
274 1182 506 1234 praedixissent,
527 1181 636 1215 statim
662 1180 819 1216 efferstum
847 1181 935 1215 dare.

185 1239 274 1284 Ergo
291 1232 572 1280 finiscaptivitatis
589 1229 734 1276 Judaieae
751 1242 827 1264 cum
840 1228 936 1264 turba

183 1287 363 1321 dodrorum
375 1283 533 1316 statuatur
544 1282 578 1313 in
591 1281 702 1327 primo
720 1282 806 1329 cyri,
827 1281 936 1326 primo

183 1334 305 1370 scilicet
329 1336 398 1377 ejus
422 1328 624 1364 monarchiae
641 1355 652 1371 ,
678 1330 735 1377 qui
761 1327 937 1378 vigesimus

184 1387 312 1432 primus
321 1384 371 1416 vel
383 1380 557 1429 vigesimus
566 1381 680 1414 tertius
689 1381 796 1426 Regni
806 1377 934 1421 Persici,

186 1433 393 1481 &septimus
412 1430 463 1465 vel
483 1440 591 1464 nonus
602 1440 678 1464 ante
690 1427 780 1464 suam
791 1439 936 1464 mortem

185 1483 347 1531 perhiberi
357 1480 449 1516 solet.

357 1581 661 1618 QUAESTIO
703 1577 761 1606 iv.

208 1660 317 1692 Utrum
328 1649 467 1688 Baltasar
484 1664 526 1686 an
535 1652 655 1686 Darius
675 1648 794 1685 Medus
805 1650 924 1685 ultimus

363 1701 455 1750 fuerit
464 1707 490 1736 C
493 1701 631 1736 haldaeoru
636 1712 665 1734 m
678 1706 736 1734 Rex
748 1702 763 1732 ἒ

255 1785 327 1832 Esp.
356 1783 495 1820 Gravis,
510 1779 629 1815 acerba
646 1806 656 1821 ,
684 1782 720 1813 ἅτ
735 1780 887 1829 perplexa
896 1779 939 1813 est

253 1836 339 1867 inter
350 1830 593 1879 Chronologos
603 1834 639 1865 &
651 1830 821 1875 Scriptura:
833 1831 939 1863 Inter-

35 1877 140 1909 Medus.
190 1895 296 1930 preres
319 1881 382 1930 qua
408 1893 535 1917 veteres
551 1879 616 1928 qua
640 1891 749 1913 novos
772 1879 831 1913 hac
850 1879 888 1913 de
908 1890 941 1912 re

83 1936 85 1938 “
154 1944 157 1947 ·
189 1930 591 1967 controverfia.Primariae
603 1929 765 1963 sententiae
776 1928 848 1962 duae
858 1925 943 1965 sunt,

33 1840 133 1865 Darius

189 1984 282 2031 prior
294 1982 485 2016 communis
499 2005 510 2022 ,
532 1993 604 2027 quae
625 1979 734 2013 statuit
751 1979 943 2026 Baltaffarem

187 2032 412 2068 Evilmerodachi
435 2029 540 2065 filium
562 2054 571 2069 ‚
597 2030 872 2065 Nebuchadnezaris
883 2040 942 2062 ne-

187 2093 304 2130 potem
319 2105 329 2121 ,
352 2079 426 2128 post
443 2078 682 2126 septemdecim
708 2090 873 2112 annorum
891 2089 942 2111 re-

189 2143 293 2180 gnum
310 2129 346 2164 ea
368 2130 468 2163 noste
483 2152 493 2166 ‚
517 2127 579 2175 quzi
592 2127 707 2162 aDario
719 2128 803 2162 Medo
822 2131 856 2162 &
868 2133 945 2177 Cyro

190 2191 286 2228 capta
304 2177 365 2214 fuit
377 2177 529 2224 Babylon
541 2202 550 2218 ,
567 2176 708 2210 hostium
722 2175 873 2213 manibus
885 2187 944 2209 ne-

192 2238 313 2266 catum.
350 2228 521 2262 Posterior
537 2227 584 2260 est
597 2227 738 2260 aliorum
757 2253 767 2266 ‚
793 2226 944 2272 inprimis

194 2280 334 2328 scaligeri
347 2279 404 2324 qui
416 2277 682 2313 Evilmerodachum
700 2286 776 2309 cum
789 2276 872 2309 duos
884 2286 943 2307 an-

194 2339 258 2359 nos
277 2325 433 2373 regnasset
447 2350 456 2365 ,
476 2328 548 2361 vult
559 2324 643 2359 asuo
654 2324 757 2359 leviro
765 2325 945 2370 Neriglifforo

194 2373 311 2409 caesum
328 2398 338 2410 ‚
364 2378 399 2408 ὃ(
433 2374 642 2423 Neriglrfforum
673 2374 947 2408 Nebuchadnezam

17 3117 19 3121 -
54 3096 190 3134 &tannim

169 2425 172 2426 ⁷
192 2434 350 2471 generum
363 2449 372 2461 ‚
392 2424 527 2455 nomine
545 2421 604 2456 filii
616 2425 682 2465 ejus
696 2421 860 2467 Baltaffaris
871 2420 947 2455 alizis

192 2471 754 2519 Laborofh-archadi,Nebttrliadnezarrz
764 2483 801 2503 ex
812 2469 878 2503 filia
888 2483 953 2506 ner

195 2523 284 2570 poris
298 2545 306 2558 ‚
320 2521 581 2566 Babyloniorum
593 2532 731 2567 regnum
746 2520 884 2552 nomine
896 2528 949 2551 tu-

198 2572 280 2605 toris
294 2575 327 2605 &
340 2571 543 2618 prote6r0ris
564 2581 667 2602 annos
681 2567 954 2616 quatuorguber-

199 2618 299 2660 nasse,
313 2625 346 2654 δε
358 2620 428 2667 post
437 2632 511 2653 eum
525 2617 617 2652 suum
629 2617 734 2651 filium
753 2618 954 2663 Baltaffarem,

199 2683 275 2705 cum
302 2682 422 2703 novem
457 2666 585 2702 tantum
613 2667 737 2702 menses
769 2665 893 2701 sedisset
920 2667 954 2698 in

202 2721 322 2753 throno
334 2744 344 2760 ‚
363 2717 479 2752 caesum
491 2716 507 2750 a
517 2715 663 2750 facilene
673 2716 836 2751 nobilium
851 2714 955 2750 Chal-

204 2769 352 2803 daeorum
374 2782 380 2801 :
403 2769 458 2814 qui
474 2767 576 2799 statim
590 2764 606 2799 a
619 2766 779 2811 Baltaffaris
791 2765 880 2798 caede
892 2772 955 2797 Da-

204 2820 278 2852 rium
294 2820 410 2852 Medum
426 2816 501 2849 aliis
523 2816 707 2849 Nabonidum
728 2815 779 2848 vel
793 2813 956 2848 Labinitum

205 2878 311 2900 annos
331 2868 488 2901 sexar‘inra
509 2865 595 2899 duos
608 2874 722 2897 natum
742 2863 909 2909 elegerunt
923 2862 957 2893 in

205 2892 450 2960 inaperatorein.
477 2916 543 2949 Hic
561 2925 635 2947 cum
654 2912 884 2960 septemdecim
910 2921 958 2943 re-

207 2963 325 3010 gnz'isset
335 2976 439 2998 annos
452 2963 491 3004 ‚a
510 2973 581 3009 Cyro
593 2964 739 3009 dejcekus
748 2961 791 2995 cst
803 2960 959 3008 imperio,

209 3012 251 3045 ad
264 3013 336 3046 vitae
356 3024 463 3047 tamen
477 3013 577 3048 finem
589 3014 623 3046 in
636 3010 815 3047 Carmania
826 3007 961 3059 permis-

211 3059 261 3095 sus
271 3061 315 3094 est
326 3060 443 3109 degere
453 3064 486 3094 in
497 3074 590 3109 pace.

55 3139 124 3164 »umis
134 3141 193 3163 sca-
260 3114 405 3156 Imperat
416 3113 484 3145 alto
496 3110 592 3145 valde
603 3109 778 3158 supercilio
794 3113 828 3144 &
840 3109 959 3142 audio·

56 3177 192 3217 hgmmfi,
210 3171 306 3195 ritate
327 3159 459 3208 prorsus
479 3160 661 3194 DiCtarorifi
684 3162 810 3207 Scaliger
833 3157 962 3192 nationi

1274 77 1391 115 Lrn.
1423 78 1452 115 I.
1653 84 1729 121 149

179 152 326 194 vocasse,
343 151 610 200 quoipsiingens
620 148 681 185 suae
691 148 927 193 redemptionis
975 150 1037 183 tori
1057 148 1361 194 Chronologorum
1382 172 1391 185 ‚
1423 159 1458 183 ut
1486 149 1585 196 priori
1609 149 1731 186 deserta
1748 151 1865 182 torism-

977 194 1177 232 sententiiiin
1187 196 1362 232 secundam
1376 221 1385 236 ,
1410 198 1615 242 quaefimest,
1636 202 1727 247 pedi,
1750 197 1853 224 aarum.

979 244 1039 279 bus
1053 258 1195 281 currant.
1221 248 1383 293 Sequaces
1402 248 1535 290 quidem
1556 248 1654 282 haber
1667 254 1728 284 Ca-

972 298 1090 342 pelium,
1103 297 1279 335 reinoldum,
1294 293 1452 340 Calvtfium
1465 319 1474 333 ‚
1494 300 1539 337 δε,
1557 301 1653 344 quod
1667 300 1731 332 mi-

978 356 1060 379 rere,
1071 345 1200 378 suorum
1214 342 1469 379 adversariorum
1481 348 1660 393 principem
1670 348 1731 395 je-

978 391 1094 427 suitam
1119 396 1298 434 petavium,
1326 395 1385 441 qui
1405 405 1471 426 non
1493 392 1602 428 minsis
1628 397 1731 442 quam

979 445 1107 489 Scaliger
1127 443 1320 491 indignatur
1343 442 1553 478 stomachose
1576 442 1736 478 Chrono-

979 492 1130 540 logorum
1142 496 1171 526 δ(
1185 494 1357 541 Scripturae
1368 494 1589 540 Interprerum
1600 505 1734 540 gentem

983 540 1137 575 nonsatis
1157 542 1317 578 duCrilem
1342 542 1378 574 ad
1406 544 1540 589 scaligeri
1565 541 1637 584 (sui
1659 542 1735 578 ali-is

983 590 1102 624 summi
1114 591 1350 638 antagonislae)
1375 589 1575 626 sententiam
1596 591 1736 639 sequen-

985 640 1060 674 dam
1072 665 1081 674 .

1034 690 1180 725 Deodatus
1188 690 1221 723 in
1233 689 1294 723 suis
1303 689 1438 736 quidem
1449 690 1493 725 ad
1501 690 1630 726 Danielis
1639 691 1740 737 quin-

986 740 1010 772 ti
1032 737 1236 786 trigesimum
1255 739 1398 786 primum
1419 742 1506 775 notis
1526 768 1535 780 ,
1560 752 1738 786 utramque

985 789 1070 823 hanc
1093 785 1186 823 affert
1206 788 1401 824 sententiam
1420 814 1431 829 ,
1460 790 1511 823 sed
1531 789 1650 836 absque
1673 788 1739 823 ulla

987 835 1228 884 significatione
1270 849 1377 872 utram
1409 837 1475 886 ipse
1509 841 1740 885 ampleCrarur,

988 891 1218 921 Annotatores
1235 886 1405 931 Anglicani
1418 888 1629 922 editionesuzi
1646 900 1742 921 utra-

986 935 1096 982 quein
1109 932 1258 968 Danielis
1268 936 1424 980 quintum
1446 959 1456 975 ‚
1484 940 1578 970 rarius
1599 938 1739 978 ibiucm,

988 984 1443 1023 formellus,Salianus,flenricm
1453 986 1625 1030 thlzppms
1634 988 1738 1026 herim,

987 1041 1142 1070 Hovvaem,
1155 1037 1190 1067 &
1204 1033 1259 1066 alii
1273 1035 1367 1067 multi
1379 1046 1439 1080 pro
1452 1034 1554 1079 priori
1567 1034 1660 1073 stant,
1678 1046 1741 1067 nos

964 1128 967 1132 ι
985 1084 1070 1117 inter
1090 1081 1226 1130 plebem
1246 1082 1420 1116 consistere
1442 1107 1453 1123 ,
1481 1087 1515 1117 ἃ
1539 1085 1685 1130 antiquis
1704 1095 1742 1116 ac

987 1131 1225 1166 communibus
1243 1132 1463 1178 dogmatibus
1485 1130 1627 1166 infistere
1648 1145 1743 1167 ama-

987 1194 1075 1222 mus,
1087 1178 1147 1215 nisi
1160 1193 1233 1215 cum
1248 1180 1335 1215 clara
1347 1181 1537 1216 admodum
1551 1179 1741 1216 necessitate

987 1232 1066 1266 inde
1076 1230 1282 1277 depellimur.

1038 1282 1166 1332 Scaliger
1199 1279 1240 1314 de
1273 1279 1519 1314 Emendatione
1547 1291 1740 1326 temporum

989 1329 1085 1366 lib.6.
1103 1340 1264 1377 ρας-543.
1279 1327 1336 1364 etfi
1350 1329 1384 1363 id
1396 1342 1494 1376 agere
1506 1330 1654 1364 videatur
1668 1340 1740 1362 ma-

987 1381 1074 1415 xime
1084 1377 1167 1414 serio
1179 1404 1188 1420 ‚
1200 1378 1289 1414 certe
1299 1378 1376 1413 satis
1387 1392 1450 1426 pro
1462 1381 1621 1426 imperio,
1633 1390 1740 1426 pauca

990 1442 1101 1464 tamen
1114 1441 1177 1477 pro
1188 1429 1288 1462 nobis
1300 1441 1402 1475 eaque
1411 1430 1532 1463 leviora
1546 1438 1742 1476 argumenta.

989 1478 1118 1527 profert
1136 1493 1144 1514 ε
1163 1490 1277 1513 contra
1287 1479 1433 1515 nostram
1445 1490 1556 1512 autem
1566 1490 1668 1525 quam
1680 1490 1743 1511 vo-

989 1541 1042 1565 cat
1058 1529 1270 1578 pervicaciam
1288 1527 1408 1562 multas
1426 1524 1740 1562 demonstrationes.

990 1576 1288 1615 Verumenimvero
1307 1576 1528 1626 pusillanimes
1540 1579 1640 1610 nimis
1656 1575 1742 1616 sunt,

987 1631 1046 1677 qui
1064 1627 1346 1675 sesquipedalibus
1357 1628 1459 1661 territi
1477 1625 1586 1661 verbis
1598 1637 1669 1659 non
1683 1637 1742 1659 au-

986 1683 1064 1714 dent
1074 1675 1227 1713 conferre
1242 1677 1359 1724 pedem
1380 1702 1390 1718 ‚
1418 1680 1453 1712 &
1480 1677 1646 1710 rationum
1664 1675 1743 1708 hinc

988 1728 1067 1764 inde
1084 1729 1229 1776 pondera
1247 1726 1339 1774 aequsst
1357 1727 1475 1772 judicii
1496 1726 1589 1760 lance
1606 1736 1744 1770 compa-

988 1791 1070 1815 rare.

1039 1831 1104 1862 Pro
1118 1826 1243 1873 vulgari
1255 1824 1411 1859 sententifi
1420 1824 1463 1860 fic
1474 1834 1746 1872 argumentamur
1765 1827 1860 1855 Contra

990 1875 1114 1926 primo.
1156 1874 1399 1922 Babylonicum
1426 1876 1604 1922 imperium
1630 1874 1669 1908 ad
1698 1871 1745 1906 sui
1766 1869 1878 1906 scalige-

990 1926 1090 1973 usque
1103 1924 1207 1961 finem
1226 1926 1414 1973 perduravit
1426 1925 1458 1957 in
1472 1923 1747 1959 Nebuchadnezaris
1766 1910 1905 1939 rumeyl’ee.

991 1974 1157 2025 prosapiii,
1174 1975 1274 2021 idque
1286 1976 1319 2007 in
1332 1972 1486 2007 manibus
1495 1972 1554 2008 filii
1568 1976 1602 2007 δε
1615 1972 1747 2020 nepotis
1764 1958 1883 2029 ἕῖζὶᾜ

991 2030 1060 2070 eius
1072 2038 1110 2060 ex
1122 2024 1193 2060 filio
1202 2050 1212 2064 ‚
1229 2034 1264 2057 ut
1276 2022 1416 2057 habetur
1430 2020 1550 2061 disertis
1561 2020 1668 2057 verbis
1679 2020 1745 2066 Jer.
1767 2033 1893 2067 numism-

998 2087 1049 2120 27.
1066 2088 1134 2120 V.7.
1149 2075 1287 2120 scaligeri
1297 2084 1405 2106 autem
1418 2071 1577 2105 sententia
1590 2070 1670 2104 nihil
1686 2070 1748 2103 tale
1768 2070 1845 2100 renna

995 2121 1247 2163 coucedir,facit
1258 2124 1347 2157 enim
1361 2122 1549 2168 Baltaffarem
1561 2132 1628 2154 non
1641 2120 1747 2154 filium
1769 2125 1821 2154 ‘⁴⁷3-
1832 2124 1854 2144 ¹·

995 2174 1066 2214 filii,
1079 2171 1132 2219 sed
1144 2172 1220 2207 filiae
1232 2172 1563 2210 Nebuchadnezaris,&
1575 2169 1750 2205 Chaldaeo-

994 2234 1068 2257 rum
1081 2219 1305 2256 monarchiam
1318 2245 1329 2261 ,
1349 2232 1447 2267 quam
1460 2222 1512 2254 vix
1523 2219 1648 2267 septem
1660 2219 1753 2252 annis

995 2270 1129 2307 tenuisse
1142 2271 1210 2306 vult
1220 2272 1496 2316 Nebuchadnezaria
1505 2282 1549 2317 po
1556 2270 1752 2308 steros,t0tis

994 2320 1230 2369 septemdecim
1253 2321 1395 2368 deponit
1420 2322 1454 2353 in
1481 2318 1635 2352 manibus
1666 2319 1751 2351 Darii

996 2373 1075 2406 Medi
1093 2395 1103 2409 ,
1122 2372 1179 2417 qui
1191 2373 1314 2417 regiam
1327 2367 1485 2402 familiam
1515 2368 1750 2401 Chaldaeorum

997 2419 1086 2455 nullfi
1099 2420 1351 2468 propinquitate
1363 2415 1591 2465 contingebat.
1610 2416 1752 2449 Petavia-

998 2482 1034 2503 Μ
1044 2467 1263 2514 responsionis
1276 2468 1319 2501 ad
1331 2467 1388 2499 ista
1401 2466 1528 2499 summa
1539 2465 1606 2498 haec
1616 2464 1671 2499 est,
1680 2465 1752 2497 Bal-

998 2519 1134 2560 taffarem
1147 2525 1307 2563 nepotem
1323 2513 1416 2547 fuisse
1429 2514 1703 2549 Nebuclmdnegaris
1714 2525 1752 2546 eir

1000 2565 1078 2605 filia,
1089 2577 1163 2599 cum
1179 2560 1246 2609 ejus
1259 2574 1351 2611 pater
1368 2563 1553 2610 Nerigloffoor
1571 2560 1669 2595 fuerit
1691 2569 1754 2596 Ne·

1001 2616 1232 2651 buchadnezaris
1245 2624 1344 2661 gener
1354 2627 1363 2645 ι
1386 2609 1540 2659 ptaererezi
1551 2623 1665 2645 vocem
1680 2612 1753 2644 He-

1001 2665 1144 2698 braicam
1163 2675 1193 2701 iq
1210 2674 1280 2695 non
1302 2660 1433 2696 rantum
1447 2662 1488 2696 de
1502 2660 1577 2696 filiis
1588 2659 1749 2695 sedetiam

1003 2714 1045 2749 de
1058 2716 1207 2761 generis,
1224 2710 1295 2746 imo
1312 2709 1437 2757 deipsis
1455 2710 1584 2745 filiabus
1597 2709 1751 2758 usurpari.
1770 2721 1830 2752 ssd
1844 2734 1880 2750 rc-

1005 2764 1155 2810 Replica.
1190 2762 1285 2796 Nulli
1302 2762 1443 2795 cordato
1458 2760 1525 2794 haec
1544 2758 1751 2800 satisfacient,
1765 2766 1878 2802 sponfimi

1004 2813 1232 2846 concedantur
1245 2812 1360 2845 omnia
1370 2809 1435 2844 haec
1446 2811 1574 2849 Patavii),
1586 2813 1618 2844 δέ
1630 2808 1687 2843 suo
1699 2807 1750 2842 hic
1770 2807 1871 2851 Petam}

1006 2861 1083 2896 duci
1101 2862 1244 2908 scaligero
1261 2884 1272 2901 ,
1298 2872 1364 2894 non
1382 2871 1495 2893 tamen
1513 2860 1680 2906 attingunt
1697 2859 1754 2891 ista
1769 2849 1866 2886 rephca,

1007 2911 1108 2944 nostri
1119 2911 1305 2958 argumenti
1317 2911 1478 2956 punrstum
1493 2932 1500 2944 ,
1522 2920 1597 2941 nam
1618 2907 1687 2942 vult
1698 2907 1753 2953 Je-

1007 2961 1123 2995 remias
1142 2962 1331 3005 Baltaffarem
1349 2987 1358 3000 ,
1376 2969 1431 2992 aut
1447 2957 1595 3004 quisquis
1616 2958 1752 2991 tandem

1006 3009 1105 3045 fuerit
1123 3009 1179 3056 qui
1199 3010 1333 3044 ultimus
1346 3010 1377 3041 in
1393 3007 1599 3053 Babylonico
1613 3007 1694 3042 solio
1707 3005 1755 3041 se-

1010 3060 1353 3095 dinNebucbadnezam
1365 3055 1456 3090 fuisse
1468 3068 1624 3104 nepotem
1635 3083 1643 3096 ,
1667 3061 1699 3090 ἅ
1719 3070 1755 3091 ut

1009 3108 1092 3156 sccpe
1103 3108 1220 3155 legitur
1229 3108 1314 3155 apud
1327 3105 1498 3140 Danielem
1507 3108 1756 3142 Nebuchadneza-

1009 3161 1044 3194 ris
1057 3157 1161 3192 filium
1182 3169 1253 3192 non
1271 3158 1392 3204 quovis
1404 3158 1623 3204 laxo&l:1rgo
1635 3157 1754 3193 modo,

1316 3205 1348 3239 T
1373 3218 1388 3251 ς
1704 3202 1758 3238 sed
