2048 3343
44 698 48 702 *
86 697 181 727 Bellum
195 702 237 726 Iu-

246 100 285 136 ¹4
621 80 915 119 OPERIS

246 154 340 203 quam
353 149 441 187 inferi
453 151 489 187 ad
503 150 658 186 Misenum
671 152 707 185 acl
721 149 818 197 ipsum
831 147 1004 185 transiisset:

249 204 300 238 led
320 205 432 251 longos
453 200 544 235 hosce
558 201 678 235 labores
694 203 841 235 eAntonii
854 200 944 233 ardor
960 200 1007 233 in-

252 252 426 299 dustriaque
443 251 618 285 decurtavit.
697 251 746 284 uid
762 251 809 284 vel
824 250 862 283 de
876 252 1008 282 Antonio

252 302 299 338 vel
315 303 496 339 ffuciano
511 300 629 334 saetam
642 300 677 334 sit
690 298 834 334 nescitur:
848 300 885 334 de
900 311 1009 333 eorum

254 352 336 386 exitu
356 350 426 384 cum
451 352 604 383 Suetonius
629 361 693 384 tum
713 349 881 397 Xz‘phzlinus
903 349 935 381 in
956 346 1010 381 suo

254 402 368 434 ‘Dionis
381 400 571 446 compendio
584 409 702 438 tacent,
727 403 757 434 &
774 399 872 431 Tacta·
884 396 1012 431 historia

253 449 448 483 laudatissima
467 448 537 496 post
555 449 624 482 libri
639 449 737 495 quarti
752 447 888 481 medium
903 447 1011 492 deper-

255 498 317 532 dita
330 498 391 540 est;
411 497 496 546 quod
510 511 604 532 unum
619 509 754 532 remanet
767 496 1011 542 supplementum
1031 513 1033 518 ·

255 546 301 581 est
320 547 429 596 Iosephi
445 547 560 581 bellum
570 548 732 594 Judaicum
752 545 768 579 a
787 542 968 590 Vespasiano
982 546 1022 576 &-

258 599 330 630 Tiro
342 596 580 631 administratum
589 603 617 631 δι
627 594 809 642 ρετῗεᾶυιῃ,
823 593 860 626 de
873 604 939 639 quo
951 593 1012 636 jam

255 645 348 694 quam
362 645 517 693 possumus
533 644 694 679 succincte.

299 695 437 745 Agrippa?
449 706 576 729 mortuo
581 719 592 734 ‚
607 693 716 730 ludim,
731 693 886 727 Samaria,
897 694 928 725 δε
941 689 1018 732 Idu<

253 757 323 778 maecz
338 769 346 781 ,
367 747 581 791 reliquumque
596 745 660 786 ejus
675 742 823 787 Regnum
837 741 867 773 in
883 740 1013 773 Provin-

255 795 333 828 ciam
342 795 500 827 redaetum
509 791 563 830 est,
573 790 662 824 frater
671 801 772 824 tamen
785 788 915 824 Herodes
924 788 1012 821 chal-

255 843 326 876 adis
340 844 370 875 in
384 841 499 876 Libana
520 842 590 875 Rex
603 841 775 887 impetravit
788 840 803 873 εἰ
820 838 940 871 Claudio
954 850 1013 884 po-

254 891 393 925 testatem
407 892 437 924 in
451 891 612 937 templum,
628 889 774 923 utomnia
787 889 818 922 in
832 900 871 922 eo
886 900 943 935 pro
961 884 1014 920 suo

255 940 384 975 arbitrio
410 939 611 974 administrari
635 950 752 974 curaret
768 952 776 972 ε
807 936 942 971 summos
964 936 1014 970 hic

256 989 423 1024 Pontifices
432 988 494 1024 fere
502 990 666 1037 quotannis
676 988 874 1035 permutavit:
884 999 922 1020 co
930 999 1014 1020 mor-

87 1042 197 1078 Agrfl’ffl
258 1050 314 1073 tuo
334 1041 471 1087 Agrippa
497 1040 601 1073 minor
619 1039 745 1084 majoris
770 1037 849 1071 filius
869 1035 1015 1069 Chalcidis

88 1091 169 1107 mmor
180 1087 239 1118 par·
261 1090 406 1137 Regnum
420 1090 570 1136 &templi
583 1089 721 1136 regimen
735 1085 922 1134 adipiscitur,
942 1098 1016 1133 pau-

88 1128 244 1195 szfZZ-WJZ
262 1138 355 1185 loque
364 1139 433 1186 post
446 1139 574 1187 thlzppt
582 1138 774 1176 Tetrarchia,
787 1137 913 1183 aliaeque
927 1136 1015 1170 variae

89 1202 240 1228 Romamm-
261 1189 404 1235 regiones
423 1201 455 1222 ac
475 1191 590 1236 qaltlaeae
602 1201 668 1235 pars
683 1190 746 1232 ejus
761 1188 877 1233 Regno
891 1185 1015 1230 adje&ae

89 1241 223 1277 dzptftzmr.
263 1236 343 1271 sunt:
373 1233 710 1279 Iudaeaevrocurarores
724 1249 800 1270 unus
815 1240 846 1270 δέ
859 1235 933 1269 alter
945 1248 1015 1268 mo-

90 1299 222 1321 Cumanm
262 1286 345 1321 defle
359 1280 387 1321 se
399 1286 564 1335 gesserunt,
579 1285 629 1321 sed
639 1288 797 1321 Cumanus
811 1285 960 1331 populum
973 1281 1015 1317 af-

89 1335 167 1362 Iudam
186 1338 243 1361 Pro-
260 1336 348 1370 flixit.
379 1336 547 1371 Pervaserat
561 1337 731 1370 multorum
744 1347 779 1368 ex
794 1335 913 1380 populo
927 1346 1015 1367 men-

90 1381 192 1442 czcnrytor
257 1396 304 1420 tes
317 1385 390 1419 luda
402 1387 512 1434 (jalila'
524 1385 653 1425 haeresis,
668 1386 808 1419 illicitum
822 1382 932 1417 scilicet
944 1384 1016 1416 Ro-

90 1424 131 1441 m*
143 1423 180 1441 us.
259 1437 356 1469 manis
369 1432 414 1470 vel
428 1436 570 1483 cuiquam
584 1446 712 1469 externo
725 1433 927 1481 obsequium:
943 1432 1015 1466 hinc

257 1485 382 1532 plurimi
395 1487 431 1518 ad
446 1497 661 1532 quamcunque
679 1483 860 1518 seditionem
873 1482 1015 1529 paratiffi-

255 1535 311 1568 mi.
351 1536 385 1567 In
400 1532 480 1567 festo
499 1533 646 1568 Pali-hatis
663 1531 846 1579 disposuerat
863 1533 894 1566 in
907 1532 1015 1580 templi

254 1582 426 1630 porticibus
445 1585 603 1618 Cumanus
617 1583 783 1617 cohortem
796 1582 942 1622 militum,
961 1581 1013 1629 qui

254 1643 393 1667 caverent
414 1645 453 1666 ne
474 1633 548 1681 quid
567 1635 598 1667 in
617 1630 697 1667 festo
717 1632 848 1680 populus
861 1643 1014 1666 novaret:

253 1683 342 1717 miles
357 1682 482 1729 quidam
497 1682 608 1718 stolida
617 1680 923 1729 petulantiamtaegre
936 1679 1014 1716 face-

254 1732 429 1779 retJudaeiS‚
439 1743 508 1766 ante
522 1731 657 1779 ipsorum
670 1745 724 1766 ora
737 1731 785 1766 sua
797 1731 955 1765 renudavit
962 1743 1015 1765 ve-

253 1783 362 1816 renda:
376 1781 428 1829 ipss
438 1795 500 1815 non
509 1784 607 1830 gentis
617 1782 747 1821 tantum,
761 1781 809 1815 scd
822 1781 926 1828 templi
936 1781 1014 1816 Dei-

254 1844 315 1877 que
330 1830 505 1865 obscaenum
519 1833 581 1867 hoc
594 1830 714 1866 factum
728 1831 950 1866 contumeliam
964 1830 1013 1864 in-

253 1890 452 1927 terpretantes
467 1881 582 1919 furere,
602 1882 633 1914 in
647 1883 758 1915 milites
772 1881 885 1927 lapides
899 1882 1013 1925 jacere:

254 1929 329 1963 dum
342 1930 432 1963 nullis
447 1930 547 1964 verbis
556 1933 715 1965 Cumanus
729 1932 947 1964 tumultuantes
964 1943 1013 1965 va-

254 1979 311 2012 luit
323 1978 532 2025 compescere,
546 1991 645 2014 toram
660 1981 817 2028 legionem
832 1981 992 2013 advocavit
1005 2004 1014 2019 ,

254 2028 347 2072 hujus
360 2026 525 2075 conspeetu
541 2030 672 2077 populus
685 2031 868 2064 conterritus
881 2027 971 2077 {hgin
985 2030 1016 2063 in

254 2077 400 2124 angustiis
413 2081 530 2112 viarum
543 2078 572 2113 se
586 2079 697 2113 mutuo
706 2080 945 2126 comprimentes
959 2077 1016 2112 suf-

256 2126 352 2160 focati
371 2131 402 2161 &
415 2129 586 2162 conculcati
603 2127 671 2163 sunt
689 2127 774 2175 supra
792 2129 895 2163 decies
915 2129 1014 2168 mille,

258 2186 293 2208 ut
305 2174 398 2209 habet
412 2176 443 2209 in
459 2189 484 2210 2.
497 2178 535 2210 de
548 2177 632 2211 bello
640 2179 773 2224 Judaico
788 2177 919 2226 loftphm
930 2203 940 2218 ,
967 2177 1016 2212 sed

258 2234 293 2257 ut
305 2235 404 2257 narrat
417 2226 524 2271 Antiq.
535 2238 584 2259 20.
599 2227 692 2259 millia
704 2228 819 2273 viginti.
836 2227 977 2259 Pluribus
985 2239 1015 2259 a-

257 2273 306 2306 liis
324 2274 410 2307 malis
431 2273 447 2306 a
467 2275 614 2308 Cumano
632 2273 739 2308 afflieti
758 2275 795 2308 ad
852 2273 1016 2308 uadratnm

258 2325 343 2370 Syria!
361 2321 519 2357 Praefidem
537 2324 763 2370 querimoniam
777 2323 929 2356 detulere:
950 2324 1017 2356 Cu-

258 2383 384 2405 manum
403 2371 585 2422 qumtus
606 2372 642 2406 ad
656 2373 815 2405 Claudium
835 2370 915 2405 milit
927 2395 937 2410 ,
963 2372 1017 2418 qui

258 2421 367 2454 auditis
385 2422 520 2467 partibus
541 2423 718 2456 Cumanum
736 2422 767 2455 in
786 2421 911 2456 exilium
932 2420 1015 2455 able-

259 2471 356 2517 gavit,
378 2476 409 2506 &
422 2472 546 2504 Felzccm
559 2473 702 2504 Pallantis
720 2471 823 2506 liberti
835 2468 879 2504 sui
893 2467 1018 2504 fratrem

260 2518 458 2554 successorem
472 2521 504 2554 in
515 2520 609 2554 Judaed
621 2521 714 2555 dedit.

306 2570 406 2604 Felice
419 2570 608 2617 gubernante
622 2583 729 2616 praerer
736 2570 850 2604 multos
865 2570 1017 2604 latronum

262 2630 368 2666 greges
381 2622 433 2666 qni
442 2632 531 2666 agros
539 2618 683 2667 vicosque
692 2620 851 2666 depraedati
865 2618 930 2653 sunt
940 2620 1018 2653 mul-

263 2669 294 2701 121
301 2681 369 2701 cum
383 2668 489 2715 strage,
500 2670 599 2702 exorti
607 2667 672 2702 sunt
685 2669 758 2702 novi
771 2668 873 2704 sicarii,
884 2669 937 2715 qui
951 2668 1016 2702 ficis

264 2714 317 2750 sub
334 2717 413 2751 veste
426 2718 515 2752 teftis
529 2719 560 2750 in
573 2718 719 2751 omnibus
732 2717 865 2751 coetibus
877 2717 1016 2763 inprimis

264 2764 493 2814 Hierosolymis
506 2768 596 2801 etiam
613 2768 644 2800 in
664 2765 729 2813 ipso
741 2767 859 2813 templo
872 2764 899 2800 se
912 2767 1016 2800 immi-

264 2813 377 2849 scentes
390 2818 427 2851 de
440 2815 607 2863 improviso
616 2829 696 2863 quos
709 2815 841 2850 lubitum
850 2826 923 2854 erat,
938 2828 1014 2850 con-

266 2861 422 2899 fodiebant
436 2890 444 2901 ,
470 2879 544 2899 mox
564 2865 633 2912 post
647 2864 760 2899 facinus
775 2867 806 2899 in
818 2866 908 2900 turba
921 2865 1014 2899 laten-

266 2923 320 2946 tes.
334 2915 415 2948 Felix
424 2928 486 2948 non
494 2914 612 2949 tantum
621 2916 785 2949 connivere
793 2914 841 2948 scd
850 2915 1013 2961 participa-

266 2974 297 2994 re
311 2964 437 3007 praedam
447 2989 455 3001 ,
470 2963 616 3010 Jonathan
630 2962 770 2999 Pontifex
784 2965 837 3012 qui
851 2961 901 2998 sua
915 2964 1012 3010 inpri-

269 3011 326 3043 mis
344 3013 576 3058 operfiFclicem
591 3012 722 3059 [amano
736 3012 933 3047 successorem
947 3025 1018 3060 pro-

267 3071 433 3097 curaverat,
453 3074 485 3095 ut
499 3064 613 3098 amicus
627 3062 802 3110 frequenter
815 3064 947 3097 Feli-cem
963 3062 1014 3096 ad-

269 3109 415 3141 mont-bat
434 3111 470 3143 de
486 3113 652 3156 pravissimfi
665 3111 715 3148 sua
734 3112 1015 3151 administratione3

269 3155 318 3192 scd
343 3158 533 3195 monitorum
560 3162 608 3197 hic
633 3163 790 3210 impatiens
817 3175 872 3211 per
896 3161 1016 3198 ficarios

86 739 194 766 daicum.

97 2580 166 2608 :reim
172 2581 247 2617 pejor.

1332 0 1348 10 a
1391 0 1399 5 r

988 77 1431 116 Htsron1c1

1045 148 1280 190 Pontificem-in
1304 145 1369 195 ipso
1389 147 1508 193 templo
1528 148 1681 196 jugulavit.
1719 150 1805 187 cum

1045 199 1100 234 suae
1113 200 1194 233 Felix
1207 198 1336 232 avaritiae
1350 200 1381 232 &
1390 197 1558 231 crudelitati
1573 200 1689 233 nullum
1705 214 1806 247 pone-

1046 260 1092 284 ret
1108 248 1251 286 modum,
1269 244 1417 281 successor
1429 246 1457 280 ei
1476 246 1561 280 datus
1575 246 1618 280 est
1636 248 1747 293 Festus,
1769 263 1809 284 0-

1046 311 1150 333 mnem
1170 309 1273 331 tamen
1292 295 1436 330 scelerum
1457 308 1574 343 paenam
1592 297 1676 330 Felix
1692 298 1779 333 evasit
1792 323 1803 339 ,

1048 361 1101 395 per
1115 345 1213 381 fratris
1227 344 1271 380 sui
1291 347 1442 380 ‘Pallantis
1460 347 1493 380 in
1505 346 1571 380 aulai
1586 343 1722 381 Caesarea
1739 360 1808 396 gra-

1048 399 1135 431 tiam.

1100 444 1174 489 Festi
1191 444 1375 492 gubernatio
1400 445 1492 492 paulo
1520 444 1726 492 decessoribus
1738 459 1809 480 mo·
1824 467 1872 494 Sed
1891 467 1975 495 Florus

1052 495 1184 528 deratior
1197 505 1276 533 erat,
1303 492 1352 528 sed
1367 496 1420 542 qui
1433 507 1504 528 eum
1518 493 1659 542 sequutus
1673 494 1717 529 est
1730 497 1807 531 eAl-
1820 506 1940 545 peffimus,
1997 505 2002 510 '
2015 499 2029 511 '¹

1052 542 1148 581 binus,
1157 556 1267 577 omnes
1275 545 1418 589 pravitate
1426 541 1638 590 superavit‚nili
1652 543 1737 579 suum
1746 543 1810 580 suc·
1972 544 1975 547 ’

1053 591 1200 626 cessorem
1216 592 1357 626 Gessium
1370 593 1496 626 Florum
1510 606 1518 626 :
1545 593 1635 637 hujus
1647 605 1728 628 tauta
1740 608 1811 642 per-

1053 641 1147 689 petuo
1162 643 1320 676 crudelitas
1333 640 1408 681 fuit,
1423 653 1470 682 ut,
1487 654 1525 675 ne
1539 655 1637 688 paenas
1649 644 1729 690 apud
1740 645 1814 679 Cae-

1053 689 1146 726 sarem
1160 689 1310 726 accusatus
1326 691 1410 726 daret
1422 716 1432 732 ‚
1447 693 1596 738 populum
1610 692 1646 727 ad
1659 691 1816 729 defetffio-

1054 754 1125 775 nem
1139 746 1169 775 ὅ(
1185 754 1267 775 arma
1279 742 1368 775 omni
1381 740 1484 775 studio
1496 742 1703 789 compelleret.

1111 789 1256 825 Caesareae
1270 791 1421 825 Stratonis
1439 790 1477 824 ab
1490 791 1607 825 Herode
1622 791 1815 826 exaedificatae

1054 851 1169 886 magno
1182 851 1314 873 numero
1323 840 1422 886 Judaei
1435 839 1629 880 habitabant,
1657 841 1762 875 Graeci
1775 843 1814 876 de

1052 890 1118 933 jure
1137 889 1265 924 civitatis
1279 888 1364 922 litem
1382 887 1451 934 ipsis
1474 890 1552 936 apud
1571 892 1723 925 Neronem
1743 904 1816 925 mo-

1055 949 1182 978 verunt,
1211 936 1437 973 &libertorum
1454 939 1584 984 pecunia
1595 951 1816 986 corruptorum

1054 987 1148 1035 oper&
1160 988 1296 1023 vietores
1309 985 1478 1021 evaserunt:
1497 987 1569 1021 hinc
1582 988 1757 1023 audaciores
1771 989 1816 1024 fa-

1055 1038 1098 1071 ἃὶ
1112 1037 1227 1085 Judaeis
1247 1037 1279 1070 in
1301 1035 1369 1084 ipsis
1382 1039 1611 1085 Synagogarum
1626 1038 1723 1085 portiS
1736 1040 1817 1073 mul-

1054 1097 1098 1121 tas
1106 1087 1482 1121 contumeliasintulerunt
1492 1101 1499 1120 :
1510 1086 1619 1121 exinde
1630 1100 1731 1135 pugna
1743 1101 1815 1123 cum

1034 1155 1036 1184 ᾗ
1055 1137 1150 1170 ιῃιιίῐᾶ
1168 1138 1314 1183 utrinque
1332 1136 1426 1171 caede.
1461 1137 1570 1171 Florus
1591 1138 1746 1185 negligere
1757 1139 1816 1185 Ju-

1055 1186 1192 1221 daeorutn
1206 1187 1320 1225 clades,
1346 1186 1412 1220 imo
1426 1198 1496 1219 cum
1510 1187 1645 1221 exercitu
1660 1187 1813 1221 Hieroso-

1056 1237 1168 1281 lymam
1181 1237 1300 1274 itare‚&
1310 1235 1353 1269 ob
1364 1248 1483 1283 parvam
1497 1233 1642 1271 offensam
1654 1234 1760 1271 forum
1769 1236 1816 1271 di-

1054 1287 1154 1332 ripere
1168 1310 1177 1325 ,
1203 1284 1270 1319 imo
1283 1284 1357 1320 vero
1372 1299 1407 1319 ex
1421 1285 1530 1319 ordine
1551 1285 1684 1333 equestri
1697 1288 1814 1321 multos

1053 1334 1220 1382 flagellatos
1234 1335 1317 1369 cruci
1334 1333 1475 1382 affigere,
1506 1335 1581 1382 quin
1595 1336 1686 1369 etiam
1698 1348 1735 1370 ex
1748 1340 1814 1371 An-

1052 1384 1139 1418 toni&
1156 1397 1211 1432 per
1228 1385 1364 1431 porticus
1383 1386 1414 1418 in
1427 1385 1576 1430 templum
1596 1397 1760 1432 properare
1774 1385 1810 1419 ad

1053 1431 1151 1470 sacros
1165 1432 1343 1468 Thesauros
1355 1433 1544 1479 diripiendos
1559 1448 1567 1467 ε
1592 1445 1663 1468 tunc
1676 1435 1809 1482 populus
1825 1436 1912 1473 Adigit
1926 1442 1978 1466 Hx-

1053 1496 1135 1518 arma
1148 1484 1321 1530 corripere,
1336 1483 1473 1528 porticus
1488 1492 1639 1521 evertere,
1659 1493 1693 1516 ut
1704 1484 1809 1518 transi·
1824 1477 1958 1515 97θρἂωί-

1052 1545 1117 1567 tum
1131 1533 1226 1567 Floro
1240 1531 1454 1579 praecluderet3
1467 1531 1575 1565 Florus
1584 1543 1620 1566 ex
1630 1530 1705 1566 urbe
1718 1542 1750 1566 ut
1763 1545 1810 1567 re·
1824 1519 1942 1584 2222&

1052 1582 1124 1616 belli
1138 1579 1306 1616 Caesaream
1325 1580 1464 1615 secedere
1473 1605 1483 1620 ‚
1496 1584 1528 1616 δέ
1540 1580 1577 1614 ad
1590 1581 1722 1614 Sestium
1736 1584 1811 1616 Gal·
1900 1577 1907 1584 ⁰

1050 1633 1113 1665 lum
1127 1632 1164 1666 de
1178 1631 1359 1678 Judaeorum
1375 1628 1554 1665 defedffione
1568 1628 1698 1665 scribere
1712 1646 1720 1665 :
1745 1634 1811 1668 He-

1052 1682 1130 1715 rodes
1146 1683 1214 1715 Rex
1228 1679 1481 1728 Hierosolymam
1494 1681 1670 1721 adventare,
1689 1682 1810 1717 oratio-

1033 1751 1035 1755 ·
1052 1745 1090 1766 ne
1103 1729 1221 1780 prolixz'i
1239 1731 1345 1778 populi
1359 1731 1536 1770 amentiam,
1548 1731 1602 1778 qui
1615 1741 1723 1765 contra
1736 1732 1809 1766 Ro-

1052 1794 1158 1816 manos
1171 1792 1320 1815 terrarum
1338 1780 1424 1814 orbis
1439 1781 1611 1815 domitores
1625 1793 1706 1815 arma
1719 1793 1810 1829 cape-

1052 1842 1130 1872 rent,
1139 1829 1360 1870 demonstrare,
1373 1831 1504 1878 populus
1516 1843 1600 1865 aures
1607 1831 1720 1864 Herodt
1732 1843 1810 1877 prae-

1051 1882 1141 1921 bere,
1166 1881 1309 1925 disjectas
1327 1881 1464 1926 porticus
1482 1892 1634 1927 reparare,
1656 1877 1808 1913 intermis-

1052 1929 1116 1965 sum
1137 1929 1262 1965 Caesaris
1280 1931 1430 1964 tributum
1456 1930 1617 1976 diligenter
1635 1929 1782 1976 colligere
1798 1942 1808 1968 ;

1051 1980 1101 2015 sed
1115 1993 1186 2015 cum
1201 1981 1278 2015 ultra
1296 1991 1418 2027 urgeret
1431 1981 1501 2013 Rex
1513 1979 1725 2013 obedientiam
1739 1978 1810 2011 Flo-

1052 2043 1090 2065 ro
1107 2055 1117 2070 ‚
1143 2030 1302 2078 plebecula
1326 2027 1474 2063 insaniens
1492 2028 1642 2076 lapidibus
1661 2026 1810 2064 Herodem

1052 2079 1191 2115 invadere
1205 2084 1236 2115 &
1250 2093 1286 2114 ex
1299 2079 1375 2113 urbe
1389 2079 1520 2126 exigere.

1110 2131 1187 2163 Hoc
1207 2129 1281 2163 belli
1299 2129 1389 2162 initio
1410 2127 1494 2161 freto
1508 2139 1562 2174 per
1575 2136 1672 2160 totam
1691 2126 1809 2173 Syriam
1824 2145 1975 2172 Cruenta„-

1053 2178 1173 2224 disperii
1189 2178 1288 2224 Judaei
1302 2176 1424 2223 peffime
1439 2177 1553 2222 ubique
1567 2175 1706 2209 mul6tati
1719 2172 1785 2208 sunt
1800 2188 1808 2208 ε
1822 2181 1895 2219 bique
1912 2187 1954 2210 lu-

1052 2226 1196 2260 Caesareae
1207 2226 1312 2271 viginti
1325 2225 1419 2258 millia
1433 2222 1502 2258 caesa
1516 2248 1525 2263 ,
1553 2224 1735 2271 Scythopoli
1747 2234 1807 2257 tre-
1823 2222 1926 2250 dirorum

1035 2274 1152 2308 idecim
1166 2297 1176 2313 ‚
1201 2273 1393 2307 Alexandriae
1406 2273 1641 2320 quinquaginta,
1667 2261 1920 2307 Damascistrages.

1052 2322 1159 2357 decem
1169 2346 1178 2361 ‚
1196 2327 1226 2356 δι
1240 2324 1270 2355 in
1284 2323 1347 2356 aliis
1360 2322 1487 2356 urbibus
1500 2322 1643 2369 permulti
1657 2336 1665 2355 :
1692 2332 1811 2356 tantum

1055 2371 1244 2406 Antiocheni
1254 2371 1369 2419 Judaeis
1382 2371 1462 2418 apud
1481 2371 1509 2405 se
1522 2382 1731 2418 pepercerunt.
1766 2372 1811 2405 Ut

1054 2420 1122 2455 istas
1136 2420 1352 2456 ulciscerentur
1364 2421 1462 2455 clades
1478 2422 1574 2468 Judaei
1587 2422 1617 2454 in
1633 2422 1711 2468 agris
1725 2424 1756 2455 &
1769 2421 1811 2456 vi-

1055 2471 1096 2505 cis
1110 2472 1258 2517 Syrorum
1272 2469 1356 2505 ferro
1371 2470 1556 2518 flammaque
1570 2471 1685 2518 grassati
1699 2469 1775 2504 sunt.

1057 2531 1060 2534 ’
1090 2521 1203 2553 Sestius
1212 2522 1325 2560 Gallus,
1333 2523 1417 2568 Syriae
1426 2517 1600 2557 Praefeecus,
1608 2532 1672 2554 non
1680 2518 1735 2553 fibi
1742 2520 1811 2553 diu-

1054 2570 1113 2604 tius
1126 2570 1334 2604 cunetandum
1346 2581 1513 2609 ratus,cum
1521 2570 1654 2604 exercitu
1667 2567 1732 2603 satis
1746 2581 1810 2603 ma-

1055 2632 1119 2667 gno
1133 2620 1307 2666 properavit
1326 2617 1574 2666 Hierosolymam
1589 2633 1597 2653 τ
1623 2631 1732 2666 magna
1750 2631 1810 2665 po-

1054 2670 1115 2715 puli
1130 2681 1195 2715 pars
1215 2672 1246 2703 &
1262 2666 1322 2714 ipse
1341 2666 1484 2703 Pontifex
1500 2669 1653 2703 Romanis
1671 2667 1805 2703 favebat,

1053 2716 1103 2751 sed
1115 2730 1196 2751 arma
1208 2728 1292 2752 erant
1305 2718 1335 2751 in
1350 2718 1490 2752 manibus
1504 2717 1733 2755 seditiosorum,
1752 2715 1807 2762 qui

1055 2766 1239 2802 Pontificem
1266 2771 1298 2802 &
1316 2779 1352 2801 ex
1370 2769 1457 2802 omni
1476 2768 1585 2802 ordine
1603 2764 1807 2800 nobiliffimos

1053 2817 1206 2850 Romanis
1223 2814 1356 2851 faventes
1374 2817 1573 2851 occiderunt:
1605 2815 1643 2848 ab
1662 2813 1708 2847 his
1728 2812 1807 2847 infe-

1051 2866 1170 2900 riorem
1183 2867 1292 2900 urbem
1305 2879 1370 2900 non
1383 2867 1482 2900 multo
1494 2877 1563 2898 cum
1576 2863 1682 2897 labore
1693 2864 1806 2896 Seft'ius

1053 2914 1188 2953 emersit,
1203 2913 1251 2948 sed
1265 2915 1338 2948 dum
1351 2913 1537 2961 superiorem
1550 2913 1668 2960 aliquot
1676 2913 1806 2959 diesop-

1054 2973 1168 3010 pugnat
1181 2966 1212 2997 &
1224 2960 1518 3008 fortiterrepellitur‚
1527 2963 1661 2996 animum
1675 2960 1806 3009 despon-

1054 3013 1128 3046 dens
1146 3012 1265 3046 reduxit
1282 3013 1450 3046 exercitum
1468 3012 1499 3045 iu
1515 3010 1608 3046 castra
1622 3026 1629 3046 :
1654 3012 1710 3046 hac
1723 3010 1805 3059 quasi

1056 3060 1128 3110 fuga
1138 3061 1237 3109 Judaei
1250 3058 1373 3095 animati
1391 3061 1527 3109 undique
1547 3071 1749 3097 concurrunt,
1772 3065 1804 3095 δέ
1851 3063 1859 3072 “

1055 3111 1218 3146 Romanos
1231 3111 1261 3144 in
1269 3110 1377 3145 itincre
1384 3110 1615 3148 circumfistunt‚
1623 3112 1741 3159 aliquot
1749 3122 1804 3143 eo-

1053 3174 1121 3197 rum
1134 3160 1229 3196 millia
1241 3160 1417 3197 occidentes
1423 3184 1442 3203 ,-
1453 3165 1484 3197 δι
1497 3160 1551 3197 nisi
1563 3162 1662 3198 noetu
1675 3158 1802 3203 abjeffls

1705 3219 1803 3253 impe-
