2048 3343
59 267 197 301 Perdiccam

6 328 7 342 1
58 312 184 348 hecaePy-

5 351 8 392 i

6 395 7 424 i

59 352 128 381 than.

65 2583 198 2621 Pythonem

16 2706 18 2711 Ι
66 2666 144 2703 rydice
152 2684 161 2695 ι

17 2811 19 2856 l

76 3126 107 3151 fr
118 3125 195 3158 Eury-

74 3163 211 3192 dicendu-

76 3211 168 3242 tlptssfl‘.

65 2634 143 2653 vexat
154 2628 203 2652 Eu-

450 113 532 140 ET
593 103 1262 142 Ci-trtonotocrc1

214 174 319 224 quieti
341 173 375 209 in
397 177 581 221 Graeciam3
607 175 722 212 verum
741 175 801 224 ipsi
819 176 967 211 fallentes

214 226 314 261 fidem
325 226 365 259 ad
377 226 560 272 Antipatrum
572 225 603 260 se
613 228 862 274 proripuerunt.

263 277 300 307 ln
312 273 379 308 hoc
390 278 552 323 temporis
563 275 701 310 articulo
711 275 804 322 petiit
815 274 850 305 in
865 276 966 321 AEgy·

216 334 279 372 pto
298 326 445 359 Perdiccas
463 327 496 358 in
514 323 604 358 suum
623 323 729 359 iatum
749 323 903 370 pertinaci
918 322 970 356 su·

214 372 327 420 perbifi
337 384 439 407 ruens.
464 371 747 408 Ptolernaeuscontra‘t
757 374 892 407 Perdicca
901 373 966 406 vim

213 422 315 469 quam
336 423 446 468 potuit
470 420 609 456 firmiter
629 424 742 456 omnia
767 423 799 456 in
825 425 968 469 AEgypto

214 471 489 506 communiverat.
517 471 568 507 Ad
584 470 732 519 ignobile
753 474 842 517 juxta
870 471 967 505 Pelu-

213 519 295 554 sium
309 518 446 554 castrum
461 522 587 567 primus
608 524 741 556 Perdicca
761 524 906 567 impetus
918 522 966 554 in-

211 567 333 603 cassum
352 567 537 618 insumptus
549 571 593 605 est
610 585 618 605 ι
645 583 684 605 ex
700 571 808 618 apert&
818 568 898 604 foffa
909 571 968 605 Ni-

211 620 254 653 lus
265 618 434 653 exundans
444 644 454 660 ,
475 620 572 654 castra
583 622 748 656 Perdiccam
759 633 835 655 cnm
846 621 967 654 damno

211 670 302 715 cogit
314 667 499 704 transferre.
528 671 629 705 Aliud
643 680 895 718 oppugnantem
914 680 967 702 ca-

211 717 342 752 stellum
357 719 592 765 Ptolemaeusipse
611 729 689 752 toto
710 720 765 754 die
791 716 966 752 fortissime

210 765 356 802 sustinuit
370 781 378 802 :
404 768 484 802 dum
498 769 611 802 tertius
621 780 754 803 conatus
765 769 854 803 estad
864 769 967 802 Nilum

210 818 302 860 juxta
316 819 470 863 Memphim
489 819 715 862 trajiciendum
727 845 734 857 ‚
757 817 884 851 invenit
899 824 968 851 Per-

209 866 518 912 diccasinopinatum
538 866 654 901 fatum.
686 866 861 914 Postquam
877 866 967 911 pedi-

211 925 281 948 tum
294 927 367 962 pars
380 913 559 949 difficulter
571 915 755 949 admodum
775 912 968 949 transmez'is-

211 961 586 1009 sctv.1dtim‚vix1ucnto
599 963 736 998 fluvium
748 962 902 1008 superans
912 963 968 1005 (li-

213 1024 264 1046 cet
276 1012 437 1060 elephanti
449 1011 583 1059 superne
592 1016 653 1048 Nili
664 1015 707 1045 itu
714 1022 825 1056 petum
838 1009 970 1060 frange-

210 1072 306 1102 rent,
333 1061 694 1108 &inferiusequitesin
705 1060 968 1095 fluminestarent

211 1111 251 1145 ad
262 1112 494 1159 excipiendos,
520 1109 544 1143 fi
563 1121 648 1157 quos
661 1122 821 1156 aquarum
840 1111 886 1144 vis
905 1108 966 1143 de-

211 1160 344 1206 ferret.)
373 1159 479 1193 statim
499 1163 535 1193 &
554 1171 592 1192 ex
609 1158 791 1206 improviso
816 1158 868 1192 vel
884 1160 968 1194 Nilus

209 1207 372 1254 augescit,
388 1207 439 1242 vel
451 1206 599 1241 sabulum
619 1210 653 1241 in
670 1208 744 1243 vadi
757 1205 864 1243 fundo
874 1220 967 1242 com-

208 1269 343 1291 motum
361 1256 403 1290 ab
414 1256 668 1303 elephantorum
682 1283 692 1299 ‚
719 1269 882 1305 equorum
894 1283 904 1298 ,
932 1262 967 1292 &

207 1305 388 1340 homiuum
408 1307 559 1352 pondere
577 1306 734 1344 sublidit,
754 1312 788 1342 &
801 1306 969 1353 peditibus

205 1353 489 1402 impermeabilem
514 1355 652 1390 fluvium
672 1354 762 1390 fecit.
795 1358 875 1390 Hoc
896 1356 968 1390 casu

206 1407 265 1452 qui
281 1407 378 1452 primi
392 1416 460 1438 tran
467 1404 486 1438 s1
493 1417 616 1447 verunt,
627 1404 802 1441 necessario
814 1406 967 1446 redeunt,

206 1456 372 1501 multique
384 1456 418 1487 in
428 1456 518 1501 aquis
529 1466 684 1502 percunt:
701 1459 864 1503 integrum
879 1455 968 1491 mille

206 1502 226 1538 ὰ
237 1503 418 1538 crocodilis
432 1508 464 1538 &
477 1503 544 1538 aliis
555 1507 589 1537 in
600 1507 665 1539 Nilo
676 1503 807 1546 belluis,
821 1504 966 1550 spectan-

208 1552 298 1587 tibus
324 1553 610 1588 commilitonibus
632 1579 641 1594 ,
668 1554 858 1588 devoratur.
892 1555 969 1589 Ma-

207 1614 291 1649 gnus
307 1603 340 1635 in
361 1601 468 1636 castris
486 1615 598 1638 contra
621 1603 790 1638 Perdiccam
804 1602 966 1638 >fremitus

210 1654 317 1685 oritur·
330 1675 338 1687 ,
363 1649 449 1698 quasi
465 1652 517 1686 sut‘i
528 1651 677 1698 superbiri
694 1655 791 1702 gratis
807 1655 840 1687 in
861 1653 969 1688 inutili

210 1701 300 1736 bello
314 1700 435 1736 milites
449 1702 618 1748 perderet:
643 1715 810 1736 murmura
822 1702 889 1737 haec
901 1715 969 1737 ere-

210 1749 320 1791 scunt,
333 1752 414 1784 dum
426 1751 564 1784 audiunt
577 1753 716 1786 Ptolernaei
728 1751 968 1787 humanitatem

211 1799 405 1835 amicrffime?>
421 1801 614 1846 accipientis
634 1813 807 1848 quotquot
833 1802 969 1837 suorum

211 1849 246 1881 in
261 1849 396 1882 alteram
412 1851 518 1894 ripam
530 1851 593 1882 vivi
606 1850 703 1885 delati
715 1851 827 1893 essent,
844 1855 878 1887 δε
889 1852 970 1898 justa

211 1910 306 1931 more
320 1899 518 1933 Graecorum
539 1897 718 1934 solenniter
736 1905 918 1948 peragentis
930 1911 969 1935 o·

213 1947 347 1982 mnibus
360 1960 523 1995 ‚quotum
533 1951 688 1984 cadavera
707 1953 790 1985 Nilus
808 1955 897 1995 Juxta
917 1950 970 1985 sua

215 1996 315 2030 castra
332 1999 482 2040 ejecerat.
507 1997 726 2034 Inhumanum
749 2005 784 2035 &
803 1999 970 2035 infelicem

215 2049 383 2082 Perdiccam
398 2060 515 2082 omnes
536 2047 724 2083 abominari
742 2078 752 2092 ‚
780 2060 915 2084 centum
934 2063 972 2084 ex

215 2094 356 2130 ducibus
374 2097 561 2143 conspirare
575 2123 584 2138 ‚
614 2096 724 2148 Python
741 2101 774 2133 in
788 2101 971 2135 tentorium

212 2145 397 2192 irrumpens
419 2145 526 2194 ipsum
547 2149 729 2195 omnesque
757 2152 825 2194 ejus
845 2152 973 2183 amicos

216 2193 423 2242 conquisitos
434 2194 602 2231 confodit.

266 2247 424 2280 Ptolemaeus
445 2245 487 2280 ad
507 2245 713 2281 Macedonas
732 2245 914 2281 adveniens
935 2259 973 2280 o-

218 2295 290 2326 mni
309 2305 385 2327 cum
404 2294 538 2328 honore
555 2306 708 2342 acceptus
724 2295 769 2330 est
786 2310 795 2330 ε
821 2296 974 2332 lubenter

219 2353 336 2374 omnes
354 2342 410 2387 ipsi
431 2342 616 2377 detulissent
642 2356 756 2390 regum
778 2357 913 2386 curam,
938 2350 973 2380 &

219 2388 379 2422 summam
407 2391 634 2436 praefecturam
662 2391 786 2427 militiae
808 2406 817 2426 z
844 2393 899 2428 sed
926 2398 975 2428 vir

221 2438 364 2485 prudeus
389 2439 498 2485 ampla
517 2441 587 2473 satis
608 2439 659 2474 sud
678 2443 710 2474 in
731 2446 871 2489 AEgypto
887 2442 975 2478 sorte

222 2497 402 2521 contentus
414 2510 422 2523 ‚
436 2486 544 2522 effecit
556 2499 592 2522 ut
610 2490 731 2539 pythoni
745 2491 831 2525 istud
843 2504 929 2527 onus
941 2496 976 2527 &

222 2535 334 2570 honor
347 2539 590 2584 imponeretur.

276 2587 408 2635 Eurydice
419 2612 428 2627 ‚
443 2589 538 2622 Aridei
558 2588 663 2635 Regis
674 2600 774 2628 uxot,
791 2599 829 2621 ex
842 2583 922 2638 Cync‘i
936 2596 977 2624 A-

225 2637 356 2670 lexandri
375 2636 486 2670 sorore
504 2648 582 2670 nata
599 2664 607 2677 ,
642 2640 676 2670 &
697 2645 825 2688 Amynta
844 2640 977 2673 Perdicca

226 2686 360 2726 majoris
374 2683 495 2732 Philippi
515 2687 598 2734 tegis
609 2683 714 2720 fratris
726 2713 736 2728 ,
765 2688 882 2722 mulier
892 2689 973 2721 irre-

221 2736 324 2781 quieti
337 2738 371 2768 &
384 2733 509 2782 superbi
519 2736 639 2782 ingenii
651 2762 658 2774 ,
679 2748 730 2770 tot
741 2738 892 2783 quotidie
902 2738 975 2771 rixis

224 2788 366 2818 &contu
374 2786 476 2819 meliis
497 2788 649 2827 Pythonem
666 2787 809 2824 vexavit,
821 2788 892 2819 uris
905 2788 976 2820 Cu-

225 2835 340 2868 tatoris
351 2846 388 2868 ac
398 2836 599 2868 Protectoris
608 2847 727 2868 muniis
738 2835 906 2881 deponere
917 2833 974 2868 fibi

227 2883 442 2918 commodum
457 2885 628 2930 putaverit.
648 2881 835 2918 Ambitiosa
847 2885 976 2933 Eurydice

228 2929 307 2963 nihil
319 2933 405 2967 aliud
418 2933 534 2968 exinde
545 2934 679 2977 spirare,
691 2934 790 2980 qnam
802 2936 901 2968 totius
913 2935 976 2967 im-

227 2980 308 3026 perii
326 2982 518 3016 arbitrariam
539 2983 595 3017 sub
620 2986 727 3017 mariti
750 2985 888 3019 nomine
917 2984 977 3017 ad-

229 3029 523 3072 niinistrationen15
552 3032 607 3068 sed
633 3032 691 3067 hac
718 3033 773 3081 spe
792 3032 860 3067 cite>
886 3033 976 3067 deci-

232 3078 290 3114 dit.

282 3129 430 3175 Antipater
444 3128 485 3162 ab
507 3135 649 3166 exercitu
667 3143 804 3167 vocatus
821 3131 863 3165 ad
873 3134 978 3174 ’ίέπμὲ-

232 3186 311 3212 λεωιν
324 3179 455 3226 Regum
468 3177 696 3228 suscipiendam
708 3207 720 3224 ‚
742 3181 846 3218 statim
859 3184 979 3234 Eurydi-

1324 104 1358 143 L
1375 116 1388 142 1
1409 114 1445 143 n.
1476 105 1504 145 1.
1692 115 1774 152 207

992 177 994 180 ’
1018 177 1098 210 dicen
1108 174 1149 210 ad
1166 175 1342 211 muliebres
1352 191 1443 213 curas
1465 178 1480 214 a
1500 178 1644 215 virilibus
1664 184 1773 229 &pu-

1021 225 1112 260 blicis
1132 224 1294 270 depulsam
1314 228 1450 274 redegit.
1484 230 1618 263 Novam
1634 233 1771 264 Provin-

1020 275 1140 309 ciarum
1155 275 1426 308 distributionem
1439 289 1500 322 pro
1512 277 1568 313 suo
1582 278 1706 327 placito
1719 278 1769 312 fe-

1019 323 1082 356 cit:
1112 324 1233 372 Pythona⁴
1251 325 1400 373 Mediam
1419 326 1568 361 attribuit
1585 353 1595 368 ,
1629 331 1767 376 Antigono

1017 369 1243 418 praefecturam
1262 375 1419 408 exercitus
1431 374 1530 421 regii,
1557 375 1678 411 bellum
1692 377 1769 411 hinc

1019 431 1136 454 contra
1156 428 1306 460 Eumenem
1337 425 1560 458 committens.
1600 426 1669 472 Ipse
1695 439 1768 461 cum

1020 469 1169 518 Regibus
1186 473 1221 506 δέ
1243 470 1418 523 Ῐῖηψίιιέίη
1442 473 1675 508 Macedoniam
1689 488 1772 521 pro-

1021 517 1127 554 fectus
1137 518 1193 555 est.

1066 571 1221 616 Antigonus
1235 557 1374 618 impigre
1393 582 1509 604 contra
1530 578 1681 608 Eumenem
1698 584 1770 606 mo-
1787 574 1911 620 „Antigo-

1021 618 1067 651 vit
1082 632 1092 652 ·.
1118 621 1237 659 Alcetas,
1252 623 1385 654 Perdiccae
1394 618 1494 655 frater
1507 624 1541 656 &
1555 625 1668 656 Attalus
1679 622 1770 661 levir,
1790 626 1831 662 ’Ψ
1842 621 1915 664 Im*

1022 670 1138 701 Eumeni
1150 668 1335 703 invidentes
1347 670 1524 716 imperium
1536 699 1544 712 ‚
1556 673 1669 718 copias
1680 671 1720 705 ab
1733 685 1771 707 eo
1785 661 1918 724 *vasum*

1021 714 1093 750 suas
1106 715 1586 765 separantimprudentiffime:
1610 734 1686 755 nam
1698 722 1772 769 post
1790 708 1815 724 '²‘
1846 718 1853 725 ⁶

1022 764 1229 800 debellatum
1251 774 1402 803 Eumenem
1421 772 1574 816 Antigonus
1592 783 1694 818 parvo
1716 783 1773 804 ne-

1018 816 1117 861 gotio
1133 828 1191 850 eos
1208 815 1385 864 confregit.
1411 818 1474 853 Sed
1491 822 1595 863 major
1609 822 1643 853 in
1655 827 1773 855 Eumene

1017 862 1196 910 subigendo
1209 864 1306 898 labor
1319 891 1329 906 ‚
1342 865 1417 900 cum
1431 869 1470 902 ad
1481 881 1597 903 manus
1608 868 1682 904 effer
1694 882 1775 904 ven-

1018 922 1089 945 tum
1103 934 1112 948 ‚
1137 911 1194 946 etsi
1216 913 1432 949 Macedonici
1453 917 1587 952 roboris
1611 918 1674 953 flos
1695 932 1773 953 cum

1019 963 1162 1011 Antigono
1176 961 1286 1002 staret,
1296 966 1423 996 Eumenis
1435 974 1543 998 tamen
1553 968 1654 1001 virtus
1666 971 1775 1003 victu-

1018 1022 1052 1044 ra
1065 1010 1263 1052 videbatur,
1288 1009 1346 1044 nisi
1369 1015 1542 1059 Apollonides
1567 1014 1609 1047 ab
1634 1019 1773 1063 Antigono

1017 1070 1196 1108 corruptus
1215 1071 1291 1093 cum
1312 1058 1366 1094 su&
1387 1063 1537 1108 equitum
1552 1065 1602 1098 ala
1620 1077 1776 1112 puguan-

1017 1120 1083 1143 tem
1106 1108 1304 1144 deseruisset.
1330 1117 1462 1145 Eumenes
1474 1112 1613 1157 quidem
1637 1117 1776 1161 Apolloni-

1016 1159 1078 1193 dem
1090 1156 1368 1206 transfugientem
1382 1172 1451 1194 non
1463 1159 1533 1194 sivit
1546 1162 1686 1197 evadere
1698 1189 1706 1203 ‚
1719 1163 1775 1199 scd

1016 1208 1175 1242 assecutus
1188 1208 1423 1255 proditionem
1442 1210 1579 1257 publico
1599 1212 1773 1259 suspendio

1015 1267 1242 1291 remuneratus
1253 1258 1318 1293 est:
1339 1257 1404 1306 ipse
1416 1271 1524 1295 tamen
1534 1259 1594 1296 hac
1606 1263 1775 1308 proditio-

1016 1318 1057 1339 ne
1079 1305 1269 1341 infirmatus
1289 1306 1331 1340 ab
1354 1309 1494 1359 Antigono
1507 1311 1612 1345 vietus
1633 1312 1689 1346 est.
1713 1314 1778 1347 Ni-

1016 1355 1196 1390 hilominus
1213 1356 1288 1404 post
1302 1355 1415 1406 fugam
1432 1359 1539 1393 statim
1563 1360 1707 1395 reversus
1724 1363 1775 1395 via

1017 1405 1114 1439 devia
1123 1404 1243 1440 eadem
1253 1408 1355 1441 noste
1367 1409 1442 1442 loco
1453 1421 1561 1456 pugne¹
1573 1411 1700 1456 potitus
1711 1422 1776 1445 cae-

1016 1453 1070 1488 sos
1090 1454 1164 1490 suos
1185 1458 1401 1491 contumulat
1420 1470 1429 1491 ε
1457 1470 1600 1505 cumque
1618 1459 1776 1508 potuisset

1018 1506 1153 1551 Antigoni
1170 1505 1414 1552 impedimenta
1431 1519 1546 1555 capere
1558 1533 1569 1549 ,
1595 1510 1775 1543 clanculum

1018 1554 1214 1589 Menandrum
1232 1565 1347 1588 monet
1373 1565 1410 1588 ut
1426 1554 1456 1589 se
1471 1558 1655 1603 proriperet
1670 1560 1704 1592 in
1722 1568 1777 1591 tu-

1017 1613 1110 1636 tum:
1138 1604 1257 1637 uolunt
1268 1605 1358 1637 enim
1375 1606 1485 1639 nimiis
1497 1603 1611 1652 spoliis
1628 1607 1775 1641 militnm

1014 1651 1153 1687 suorum
1173 1654 1324 1699 reliquias
1341 1653 1373 1686 in
1391 1651 1469 1701 fuga
1485 1659 1688 1702 praegravari.
1716 1659 1776 1690 His

1018 1702 1143 1737 artibus
1155 1715 1308 1752 maguam
1326 1703 1425 1736 etiam
1448 1704 1535 1751 apud
1547 1705 1657 1741 hostes
1668 1708 1778 1740 visto-

1017 1764 1067 1786 res
1077 1751 1210 1788 laudem
1222 1751 1416 1787 consecutus
1431 1755 1489 1787 est.
1519 1756 1678 1789 Attamen
1690 1768 1777 1789 con-

1018 1801 1158 1849 spiciens
1169 1807 1318 1835 minores
1329 1800 1396 1836 suas
1413 1803 1497 1837 vires
1506 1803 1605 1851 qudm
1618 1816 1653 1839 ut
1663 1806 1697 1839 in
1708 1806 1777 1839 acie

1019 1861 1135 1885 contra
1149 1854 1322 1898 Antigonum
1332 1852 1464 1886 auderet
1475 1852 1665 1894 consistere,
1689 1854 1777 1888 milim

1019 1911 1086 1934 tem
1110 1900 1204 1935 suum
1229 1901 1395 1935 laudatum
1420 1901 1544 1936 dimisit
1569 1916 1577 1937 :
1602 1903 1668 1951 ipse
1697 1916 1776 1938 cum

1019 1951 1129 1997 paucis
1149 1950 1193 1984 ad
1213 1956 1324 1985 Noram
1344 1951 1377 1983 in
1392 1952 1600 1996 Cappadocia
1611 1953 1775 1987 castellum

1019 1998 1405 2046 confugit‚confidenter
1416 2001 1448 2031 in
1463 1999 1597 2047 Repub.
1610 2002 1684 2048 post
1697 2014 1778 2048 pau-

1019 2046 1132 2082 xillum
1145 2049 1307 2093 temporis
1320 2059 1378 2082 eos
1392 2059 1502 2082 motus
1514 2049 1778 2097 praesagieus,qui

1019 2095 1078 2145 ipsi
1090 2099 1128 2132 ad
1139 2110 1190 2131 tes
1200 2109 1306 2132 novas
1327 2098 1414 2132 viam
1426 2095 1526 2132 essent
1536 2101 1678 2146 aperturi
1691 2124 1700 2140 ,
1720 2112 1779 2134 ne-

1019 2160 1085 2194 que
1106 2158 1227 2181 vanum
1246 2146 1314 2181 hoc
1335 2146 1470 2182 fuitviri
1487 2148 1661 2194 prudentis
1674 2160 1780 2196 augu-

1020 2209 1121 2231 tium.

1071 2246 1225 2292 Antigonus
1233 2242 1316 2278 arffli
1333 2250 1482 2280 Eumenem
1495 2245 1598 2280 Norae
1612 2273 1621 2287 ‚
1648 2248 1777 2295 integro

1020 2306 1112 2329 anno
1126 2293 1300 2329 obsidione
1320 2295 1420 2328 cinxit
1445 2312 1456 2335 ,-
1482 2293 1562 2342 saepe
1584 2308 1695 2330 tamen
1720 2310 1778 2344 per

1021 2345 1227 2390 colloquia&
1239 2345 1464 2378 internuncios
1477 2357 1614 2389 operam
1632 2346 1726 2379 dedit
1742 2357 1778 2378 ut

1021 2392 1062 2427 ad
1074 2393 1162 2426 suam
1174 2404 1252 2427 eum
1263 2393 1442 2425 amicitiam
1456 2392 1635 2439 pelliceret:
1646 2393 1694 2427 sed
1706 2404 1776 2427 tam

1021 2441 1084 2476 fixa
1105 2440 1168 2476 fuit
1182 2449 1315 2477 Eumenes
1326 2442 1357 2473 in
1369 2441 1513 2475 domuin
1528 2442 1683 2476 Alexandri
1694 2440 1777 2484 fide,

1021 2503 1059 2525 ut
1076 2491 1212 2525 summis
1233 2492 1365 2535 Antigoni
1386 2490 1682 2534 pollicitationibus
1703 2515 1713 2531 ,
1740 2494 1774 2526 in

1022 2540 1151 2573 summo
1163 2540 1259 2573 etiam
1272 2538 1328 2571 suo
1342 2540 1491 2585 periculo
1510 2564 1519 2577 ,
1546 2551 1612 2573 non
1630 2542 1775 2586 potuerit

1021 2589 1200 2634 corrumpi.

1068 2636 1191 2673 Interea
1203 2639 1340 2672 moritur
1351 2638 1501 2683 Antipater
1509 2636 1599 2671 domi
1611 2636 1672 2672 suae
1682 2638 1774 2673 octo.
1793 2646 1907 2673 Marica:

1019 2689 1153 2734 genario
1168 2690 1285 2731 major,
1297 2685 1470 2721 commissa
1488 2688 1619 2733 Regum
1631 2691 1664 2722 Sc
1674 2689 1770 2723 Grae-
1793 2689 1916 2724 ΛΜΨ-

1020 2739 1076 2770 ciae
1086 2735 1332 2785 gubernatione
1344 2738 1577 2784 Polysperchonu,
1588 2749 1624 2770 ex
1633 2737 1773 2773 ducibus
1794 2735 1829 2754 ἐν
1838 2730 1924 2794 ΓΙΟΙΣΥζ

1023 2787 1182 2820 Alexandri
1194 2785 1414 2831 superstitibus
1428 2788 1615 2820 veterrimo.
1651 2789 1768 2834 Caffan·
1786 2770 1924 2837 ζξὲἶὶιίῖῖῖζ

1019 2836 1068 2868 der
1083 2834 1274 2882 indignatus
1292 2835 1310 2869 εὶ
1329 2846 1415 2881 patre
1437 2834 1603 2882 praelatum
1618 2833 1676 2869 sibi
1688 2840 1772 2882 Poly·
1785 2858 1885 2889 perium.

1019 2885 1182 2929 [perclionta
1193 2909 1202 2923 ‚
1221 2897 1359 2920 omnem
1379 2897 1492 2918 movet
1505 2883 1646 2931 lapidem
1659 2897 1694 2919 ut
1706 2886 1772 2921 hoc

1023 2931 1158 2980 depulso
1177 2932 1244 2980 ipse
1260 2936 1388 2982 imperii
1413 2934 1552 2968 hibenas
1579 2937 1771 2981 corriperet.

1026 2984 1214 3017 eAlexamler
1225 2982 1281 3017 etsi
1296 2982 1410 3031 magni]
1425 2986 1456 3017 in
1470 2994 1607 3017 matrem
1623 2984 1774 3032 Obfmpia-

1024 3033 1086 3066 dem
1108 3032 1288 3066 reverenti&
1307 3044 1472 3067 teneretur
1485 3059 1494 3073 ‚
1514 3036 1650 3080 cognito
1659 3045 1772 3069 tamen

1024 3082 1110 3115 illius
1122 3083 1202 3115 truci
1216 3086 1246 3115 ’δε
1259 3085 1448 3117 truculento
1459 3083 1603 3130 ingenio,
1614 3083 1654 3117 ad
1669 3084 1772 3118 nullas

1024 3143 1170 3178 unquam
1180 3131 1428 3177 gubernationis
1438 3131 1575 3179 publicae
1586 3144 1691 3180 partes
1700 3146 1772 3166 eam

1027 3182 1130 3217 voluit
1154 3180 1347 3216 admittere.
1379 3185 1530 3229 Antipater
1546 3185 1645 3217 etiam
1668 3195 1773 3215 mot-1-

1651 3231 1779 3264 buudus
