2048 3343
46 377 166 414 fisa...

32 431 33 434 ¹
43 419 173 452 arjMace-

45 462 112 491 donis
118 468 171 486 con-

41 511 80 532 m
90 499 165 530 Darii

40 545 128 582 legatos

12 614 14 622 Ι
39 581 168 619 audaxfa-

40 626 113 654 cinus.

435 97 504 124 ET
562 85 1228 125 CHRo‘N02001c1

195 161 295 210 signia
313 160 425 195 darent
443 173 452 194 z
477 158 536 194 ista
556 160 694 206 petitum
721 159 759 194 ad
775 160 939 200 Amyntam

194 210 412 247 Macedonum
425 210 551 257 Regem
564 219 720 243 venerunt
730 220 852 254 magno
864 219 938 241 cum

193 261 353 304 comitatu
383 260 479 306 legati
516 257 624 293 Perfiae
638 271 648 298 ;
682 268 750 291 non
777 256 938 290 abnuebat

192 312 339 351 Amynta
348 309 460 343 omnia
470 306 629 355 postulata
640 304 778 352 praestarc
790 329 800 344 ‚
813 306 892 352 quin
905 307 938 338 &

191 357 296 407 epulis
310 356 487 393 lautissimis
505 357 628 402 legatos
646 353 845 401 accipiebat:
861 354 938 388 dum

191 407 332 443 ferveret
343 405 547 453 compotatio
558 427 568 441 ‚
586 404 755 450 occipiunt
765 403 939 439 desiderare

186 456 287 492 Persae
305 456 476 490 mulierum
500 452 697 500 praesentiam
711 477 722 494 ,
740 453 805 488 siue
821 453 939 501 quibus

190 507 223 541 in
235 503 304 540 Afic'i
323 505 451 539 nullum
468 501 598 549 ajebant
609 502 718 537 haberi
730 504 937 537 convivium:

190 553 304 590 adsunt
323 555 421 602 igitur
441 555 475 587 in
494 551 658 600 hospitum
670 553 803 600 gratiam
820 550 938 598 specio-

189 605 292 639 sarum
311 602 483 638 mulierum
505 614 655 636 numerus
673 627 681 641 ‚
706 601 757 636 sed
776 600 793 635 ὲ
808 602 942 649 regione

189 655 331 690 virorum
343 651 439 697 non-a
459 653 553 686 latere
565 650 708 698 pofitus;
734 663 811 685 mox
831 647 940 698 Persae,

192 713 356 739 removete
371 699 556 750 quaesumus
575 701 633 735 viri
651 699 852 734 Macedones
871 711 940 733 ma-

190 765 276 802 gnos
287 753 459 787 oculorum
470 750 598 784 dolores
609 774 617 786 ‚
629 747 757 783 assideat
764 750 882 796 cuique
893 748 940 782 vi-

191 816 248 843 ro,
261 802 339 836 utin
351 798 449 835 Persi-3
460 801 560 834 moris
571 797 616 833 est
628 823 639 839 ‚
667 800 805 833 mulier:
832 800 865 832 in
878 797 943 831 hoc

192 854 290 888 etiarn
300 850 343 885 est
354 849 632 896 obtemperatum.
649 848 710 881 Sed
720 846 856 895 quando
867 858 943 893 pro-

192 903 329 950 pinquas
340 903 404 945 jam
420 898 477 933 fibi
489 898 637 932 mulieres
649 895 836 931 familiarius
847 893 944 941 quam

194 960 354 999 pateretur
366 947 538 983 honestum
548 971 559 987 ‚
578 943 674 980 Pcrsae
685 945 922 980 contreffitarcnt
934 953 942 978 x

194 1010 348 1047 magnam
374 998 563 1043 concipiens
582 996 701 1030 irarum
723 994 847 1027 molem
862 990 943 1024 Ale.

194 1047 306 1084 xander
323 1049 458 1095 Amynta
477 1045 580 1085 filius,
604 1042 645 1077 sic
658 1042 696 1076 ad
714 1051 837 1089 patrem
851 1039 942 1079 infit,

193 1111 264 1135 non
275 1108 308 1132 te
319 1098 438 1144 patitur
449 1104 521 1130 aetas
530 1093 574 1126 mi
584 1101 672 1138 parer
689 1089 850 1138 prolixius
861 1101 942 1124 con-

193 1148 312 1186 vivari,
328 1144 366 1178 ad
376 1144 567 1177 nocturnam
587 1139 696 1187 quaeso
710 1138 833 1174 secedas
850 1140 942 1185 quie-

194 1205 281 1235 tem,
301 1191 380 1226 mihi
397 1190 563 1240 hospitum
574 1190 718 1238 relinque
729 1201 836 1223 curam
851 1202 859 1222 ι
886 1201 942 1235 pa-

191 1243 257 1279 ruit
276 1240 386 1282 senex,
404 1244 438 1275 &
459 1240 497 1275 de
515 1239 658 1274 triclinio
679 1237 836 1273 concessit
849 1237 944 1272 cubi-

192 1302 277 1326 tum.
303 1292 440 1326 Semoto
456 1299 546 1337 patre
567 1288 606 1323 ad
622 1286 728 1323 Persas
753 1287 783 1322 se
802 1299 943 1323 conver-

191 1352 263 1376 tens
273 1338 449 1375 Alexander
459 1363 468 1379 ,
504 1337 658 1384 Hospites
674 1337 834 1384 (inquit)
849 1337 944 1372 nobi-

192 1389 300 1426 liffimi
317 1414 327 1426 ‚
352 1388 617 1437 quandoquidem
639 1387 764 1434 placere
784 1386 880 1421 vobis
897 1387 945 1422 vi-

191 1441 325 1475 deamus
337 1438 516 1474 nostrarum
529 1435 728 1485 praesentiam
740 1449 895 1473 uxorum,
912 1445 947 1470 ut

192 1489 382 1535 intelligatis
397 1497 557 1535 quantum
579 1485 676 1521 nobis
692 1487 729 1522 fit
745 1485 840 1521 studii
853 1483 947 1520 vobis

194 1537 301 1575 facere
319 1547 446 1584 gratum
461 1560 471 1573 ,
503 1548 579 1570 ecce
597 1535 791 1583 potestatem
808 1534 947 1570 facimus

196 1586 266 1622 tota
276 1588 372 1621 noete
385 1584 511 1620 fruendi
524 1609 535 1624 ‚
551 1585 606 1620 sed
617 1596 733 1620 exeant
742 1584 899 1632 paulisper
909 1583 948 1619 ad

197 1635 314 1672 balnea
326 1662 334 1675 ,
345 1648 412 1683 quo
421 1660 429 1673 ‚
441 1646 477 1668 ut
485 1634 587 1671 decet,
599 1635 638 1669 ad
649 1648 707 1671 vos
718 1634 886 1669 nitidiores
897 1647 947 1668 re-

198 1696 376 1722 vertantur.
405 1682 615 1718 Dulcissimus
631 1683 670 1718 ad
679 1697 768 1719 aures
782 1683 949 1718 Persarum

199 1734 317 1770 accidit
328 1734 380 1768 hic
391 1733 496 1768 sermo
507 1757 518 1774 ,
538 1744 651 1768 exeunt
661 1731 804 1768 foeminae
813 1757 823 1774 ‚
834 1730 885 1767 sed
895 1744 951 1767 ea-

195 1797 271 1822 rum
289 1783 424 1819 redeunt
442 1781 520 1818 loco
539 1781 680 1817 totidem
691 1781 950 1828 fortiffimijuve-

198 1846 256 1870 nes
264 1832 379 1880 glabri,
391 1832 544 1866 muliebri
554 1831 638 1866 veste
647 1832 735 1868 testi,
744 1832 949 1867 occultantes

157 1901 160 1905 ·
200 1895 309 1919 arma;
334 1879 375 1915 ad
388 1880 447 1915 hos
459 1894 534 1916 cum
545 1881 751 1916 indecentius
763 1881 950 1916 accederent

50 2284 108 2316 1212}
115 2286 183 2314 Gra·

8 2340 9 2344 ¹
48 2330 154 2365 τέρασι

7 2374 9 2392 2
50 2368 130 2397 ιὐὀιὶα.

198 1928 319 1967 Persae‚
343 1929 439 1978 quam
463 1930 624 1966 modestos
643 1930 771 1966 deceret
788 1930 949 1979 hospites,

197 1981 388 2015 temeritatis
407 1980 534 2015 acerbas
554 1980 828 2028 poenas.praesenti
845 1985 950 2015 'morte

195 2031 307 2065 luunt.
337 2028 480 2064 Cesfiffet
499 2029 565 2064 haec
585 2028 774 2064 t-Alexandri
789 2030 950 2065 crudelior

195 2079 328 2114 audacia
343 2080 377 2113 in
390 2078 591 2114 Macedonia:
609 2080 831 2126 proculdubio
842 2081 949 2128 perni-

198 2130 281 2164 ciem
294 2129 462 2168 ultimam,
485 2130 520 2162 ni
539 2130 664 2163 mature
683 2128 947 2176 prudentiffimus

197 2179 325 2224 juvenis
344 2176 491 2225 placasset
510 2180 672 2224 Satrapas,
691 2180 747 2212 uni
761 2178 949 2213 soror-emin

199 2239 336 2264 uxorem
348 2252 356 2267 ‚
368 2227 437 2261 aliis
448 2228 593 2274 ingentia
602 2227 743 2275 largiens
753 2240 900 2262 munera.

252 2278 469 2312 Maximarum
483 2289 589 2311 rerum
600 2278 738 2311 minima
749 2276 820 2312 sunt
830 2275 950 2325 princi-

206 2326 259 2373 pia
270 2349 278 2361 ,
289 2325 451 2360 bellorum
464 2337 534 2374 quae
545 2327 680 2361 Graecos
694 2325 773 2372 pene
785 2328 950 2362 contrive-

205 2387 239 2410 re
251 2397 261 2413 ,
277 2376 308 2407 &
322 2376 580 2420 magnitudinem
594 2374 747 2409 Persicam
760 2376 953 2423 redegerunt

203 2423 246 2457 ad
261 2420 333 2457 vere
351 2422 512 2463 nihilum,
535 2424 787 2471 contemptibile
809 2424 873 2459 fuit
894 2426 952 2459 ini·

201 2474 300 2506 tium.
324 2473 412 2505 Inter
429 2473 526 2507 Ioniae
562 2484 713 2517 tyrannos
740 2473 872 2510 Hifliaeus
888 2484 954 2508 erat

203 2521 316 2556 Mileti
326 2520 480 2555 dominus
489 2545 497 2558 ,
519 2520 684 2567 singularis
694 2521 746 2556 vir
755 2522 935 2567 prudentia:
946 2545 956 2558 ‚

203 2575 236 2606 δι
249 2571 299 2605 cui
308 2571 366 2605 uni
377 2571 485 2604 Darim
496 2569 535 2604 ad
552 2570 619 2604 Istri
628 2581 747 2616 pontes
759 2570 889 2605 salutem
901 2570 955 2604 de-

204 2620 296 2655 buit:
322 2630 418 2653 tautae
432 2620 562 2654 virtutis
573 2631 671 2668 atque
678 2621 837 2666 potentiae
849 2621 956 2654 virum

204 2682 274 2706 non
286 2669 468 2702 existimant
487 2670 571 2717 Regi
591 2668 806 2704 commodum
826 2671 959 2715 Satrapae

206 2721 241 2754 in
250 2717 342 2752 Ionia
351 2717 486 2765 relinqui
500 2741 508 2754 ‚
527 2730 567 2751 nc
579 2718 656 2765 quid
668 2720 779 2764 procul
790 2717 916 2752 absente
927 2719 960 2752 in

209 2766 311 2803 Persia
326 2768 418 2815 Rege
439 2777 577 2801 tentaret
596 2768 675 2802 novi
698 2780 706 2800 ε
740 2767 851 2802 Darius
879 2780 959 2814 ergo

210 2815 342 2851 suorum
353 2816 440 2851 suasu
453 2815 608 2851 His'z‘iaeum
620 2815 694 2849 Susa
705 2814 812 2849 secum
824 2815 913 2849 ducit
926 2818 959 2849 in

211 2863 350 2905 honoris
359 2865 511 2912 speciem,
521 2864 606 2912 quafi
616 2865 672 2912 qui
682 2863 732 2899 sua
746 2862 914 2911 prudentia
925 2866 959 2898 in

212 2913 308 2948 rebus
326 2915 481 2950 omnibus
496 2915 781 2962 magnimomenti
798 2914 883 2962 Regi
902 2912 959 2948 fie-

216 2973 263 2997 ret
279 2960 296 2996 a
313 2962 464 2999 consiliis.
491 2965 642 2998 Hcfflaeum
659 2963 709 2998 hic
721 2963 829 2998 honor
847 2963 961 2998 habuit

218 3009 362 3057 peffime:
387 3015 506 3048 Graecis
517 3016 603 3048 enim
616 3014 698 3048 olim
710 3012 812 3061 usque
822 3012 901 3048 adeo
912 3014 960 3047 in-

216 3071 328 3095 natum
341 3062 594 3108 eratdesiderium
609 3065 727 3110 patriae,
742 3074 778 3097 ut
790 3074 902 3097 eorum
915 3063 963 3097 vi-

217 3108 325 3144 liffimi
345 3114 601 3158 praeoptarentin
619 3112 755 3147 minima
771 3112 886 3160 degere
898 3110 963 3147 for-

220 3158 298 3194 tunfi
307 3158 399 3194 domi
411 3184 421 3202 ,
438 3159 533 3209 quam
542 3160 865 3209 honorificentissime
876 3174 962 3211 pere·

1290 87 1411 126 L113.
1439 87 1468 128 1.
1655 101 1727 133 113

986 157 1043 206 gre
1054 160 1086 194 in
1097 159 1178 194 aulis
1187 157 1403 196 Barbarorum
1414 162 1605 210 principum.
1634 161 1736 198 Certer

988 209 1128 242 sth'aeus
1141 207 1250 243 nullum
1263 222 1331 244 non
1344 211 1495 245 movebat
1510 212 1648 258 lapidem
1663 237 1673 254 ‚
1699 223 1736 247 ut

987 259 1103 303 quovis
1137 257 1240 294 modo
1272 258 1420 293 dilectam
1453 272 1650 308 recuperaret
1677 274 1734 309 pa-

988 317 1093 340 triam.

1033 355 1152 390 Mileto
1175 355 1340 391 discedens
1367 354 1464 394 Susa,
1490 357 1524 390 in
1546 357 1732 405 principatu

988 403 1281 452 vicarium'reliquit
1291 406 1422 440 fratrem
1436 405 1672 458 vivif'lagoram‚

1752 346 1873 376 basilaus

1695 406 1733 441 ad
1753 390 1780 415 in
1784 389 1856 424 sicam

1751 431 1880 467 perniciem

987 451 1074 488 hunc
1094 452 1268 502 profugere
1288 455 1388 501 Naxii
1411 454 1542 502 quidam
1571 456 1678 493 exules
1698 466 1733 489 ut
1756 471 1894 497 Jonascon-

986 505 1052 545 ejus
1065 502 1160 550 operti
1178 504 1404 538 reducerentur
1418 504 1553 539 domum
1567 518 1575 538 :
1602 517 1669 538 non
1682 516 1737 539 va-
1757 517 1797 537 tra
1805 511 1864 536 Da.

988 551 1046 585 luit
1064 551 1149 586 solus
1166 553 1350 604 Aristagoras
1369 551 1516 601 subigere
1535 556 1681 594 Naxum,
1705 554 1738 587 in
1757 552 1818 577 rium
1826 561 1889 579 ‘⁰²¹-

987 598 1172 636 societatem
1199 615 1363 637 armorum
1382 602 1534 650 pertrahit
1552 599 1739 651 eArtapher—

990 663 1055 682 nem
1067 675 1076 690 ‚
1103 651 1193 685 Darii
1206 651 1356 686 Sardibus
1370 652 1515 700 legatum
1527 676 1535 689 ,
1553 652 1592 687 ab
1606 653 1669 687 hoc
1681 652 1740 687 du-

992 711 1098 734 centas
1114 699 1244 747 egregie
1258 700 1422 736 insttu&as
1444 715 1538 736 naves
1558 703 1741 749 accipiens,

993 749 1094 796 pergit
1105 749 1138 783 in
1146 749 1279 790 Naxios,
1293 749 1408 785 urbem
1420 751 1547 786 obsidet
1559 777 1570 792 ,
1590 751 1639 785 sed
1649 751 1744 785 nullo

993 810 1066 832 cum
1077 795 1186 832 [τιιᾶα
1204 811 1212 834 :
1239 800 1442 848 indignantes
1455 800 1550 836 Persae
1565 800 1677 836 frustra
1688 800 1747 835 fibi

993 846 1116 894 periisse
1129 847 1255 882 labores
1263 851 1298 882 &
1314 847 1465 896 sumptus
1476 873 1485 886 ‚
1500 861 1699 886 convertunt
1708 852 1760 886 in.

995 896 1218 943 eAriflagoram
1235 897 1449 943 expeditionis
1475 901 1640 935 au&orem
1659 901 1744 935 itast

992 944 1045 977 ille
1059 943 1221 991 trepidare
1231 968 1242 984 ,
1268 946 1514 992 circumspicere
1524 961 1591 995 quo
1602 949 1630 983 se
1642 948 1744 994 posset

994 992 1099 1027 modo
1110 1003 1221 1027 contra
1231 992 1400 1028 Persarum
1416 996 1481 1029 vim
1494 1000 1587 1031 tueri.
1615 999 1694 1032 Haec
1705 1012 1744 1033 a-

989 1043 1110 1089 gitanti
1125 1041 1310 1090 supervenit
1323 1042 1365 1078 ab
1376 1044 1503 1079 fflffiaeo
1514 1046 1666 1086 nuncius,
1677 1046 1744 1081 sine

990 1092 1059 1126 aliis
1073 1092 1230 1126 mandatis
1247 1106 1345 1140 quam
1361 1104 1397 1128 ut
1409 1092 1552 1129 derasum
1564 1096 1677 1129 nuncii
1689 1107 1746 1130 ca-

991 1151 1049 1188 put
1065 1138 1245 1187 inspiceret.
1278 1144 1315 1176 In
1338 1145 1454 1191 capitis
1479 1154 1554 1177 cute
1578 1141 1744 1191 scripserat

991 1189 1146 1227 famaus,
1174 1191 1300 1237 placere
1314 1190 1374 1227 fibi
1394 1203 1432 1227 ut
1445 1193 1653 1244 eAris‘lagoraa
1664 1205 1747 1227 con-

991 1241 1107 1274 citaret
1127 1242 1210 1273 lonas
1222 1240 1256 1274 in
1269 1241 1396 1289 Regem
1417 1256 1425 1277 ε
1450 1255 1525 1277 nam
1541 1254 1607 1276 erat
1625 1253 1746 1283 certus,

991 1289 1013 1324 fi
1024 1290 1096 1338 quis
1110 1290 1144 1323 in
1160 1287 1251 1324 Ioniz‘i
1261 1301 1374 1325 motus
1384 1292 1534 1333 oriretur,
1547 1292 1592 1326 illi
1602 1292 1748 1338 compri-

995 1338 1114 1373 mendo
1126 1337 1187 1373 sese
1200 1338 1361 1375 dimiffum
1377 1343 1416 1376 iri
1434 1340 1586 1377 domum,
1610 1342 1746 1376 Nutan-

992 1399 1061 1423 tem
1073 1387 1161 1436 prius
1183 1389 1409 1442 eAri-slagoram
1428 1391 1561 1438 impulit
1578 1389 1684 1425 haecce
1700 1390 1749 1425 le-

992 1438 1082 1485 gatio
1092 1450 1102 1478 ;
1129 1439 1245 1473 omnia
1254 1439 1292 1474 ad
1303 1439 1516 1476 rebellionem
1532 1438 1641 1474 sedulo
1656 1452 1750 1474 com-

994 1498 1103 1534 parat,
1124 1490 1156 1522 δι
1177 1487 1244 1536 quo
1266 1491 1373 1538 magis
1391 1489 1595 1525 benevolum
1613 1489 1749 1523 haberet

995 1537 1165 1584 populum,
1174 1537 1240 1585 ipse
1250 1538 1360 1573 Mileti
1370 1539 1518 1587 deposuit
1528 1538 1747 1585 tyrannidem:

996 1586 1182 1634 vicinosque
1192 1597 1346 1634 tyrannos
1366 1590 1483 1635 partim
1495 1587 1632 1623 consilio
1645 1611 1654 1627 ,
1674 1599 1750 1634 par-

996 1637 1054 1671 tim
1067 1636 1100 1672 vi
1119 1647 1231 1671 movet
1248 1636 1385 1672 subditis
1398 1638 1578 1672 libertatem
1597 1636 1684 1671 dare.
1711 1639 1750 1671 In

979 1695 982 1698 ·
994 1683 1187 1721 societatem
1205 1684 1304 1720 trahit
1314 1699 1384 1721 non
1395 1685 1497 1722 modo
1508 1697 1612 1721 totam
1626 1688 1661 1721 in
1674 1684 1749 1720 Afiz'i

995 1737 1134 1775 Ioniam,
1146 1733 1199 1771 sed
1212 1734 1328 1770 insulas
1341 1738 1437 1784 AEgei
1447 1735 1613 1784 plerasque
1623 1759 1633 1776 ‚
1651 1736 1752 1769 etiam

996 1787 1167 1833 Cyprum,
1188 1787 1267 1833 quin
1279 1789 1311 1819 &
1325 1785 1409 1831 ipsos
1419 1783 1633 1820 Athenienses
1652 1797 1661 1817 z
1688 1783 1753 1819 ho-

995 1847 1067 1869 rum
1086 1834 1294 1869 confiliorum
1315 1834 1367 1869 hic
1385 1832 1448 1869 fuit
1462 1836 1568 1869 exitus
1582 1857 1592 1873 ‚
1610 1833 1750 1868 dimittit

996 1883 1153 1919 Ha'ffiaeum
1163 1884 1276 1918 Darius
1285 1883 1322 1918 ad
1332 1883 1505 1930 parandam
1519 1883 1644 1917 Ioniam
1657 1906 1667 1922 ,
1672 1885 1754 1927 jun-

995 1935 1042 1980 git
1061 1932 1114 1968 ille
1128 1931 1193 1968 sese
1210 1932 1383 1968 rebellibus
1406 1960 1415 1973 ,
1450 1932 1644 1980 franguntur
1661 1930 1711 1965 isti
1732 1930 1751 1966 ὲ

995 1982 1091 2017 Persis
1106 1983 1199 2018 variis
1212 1983 1326 2029 praeliis
1338 1983 1412 2016 vieti
1422 2007 1433 2022 ‚
1459 1981 1546 2016 cadit
1554 1981 1753 2026 Aristagora,

995 2032 1124 2068 caeditur
1134 2031 1282 2077 ffsthm‘,
1293 2029 1378 2065 ferro
1398 2030 1592 2078 flammaque
1609 2028 1751 2064 foedatur

996 2082 1150 2116 Miletum
1162 2104 1171 2118 ‚
1196 2081 1366 2128 permulrae
1386 2080 1567 2127 Cycladum
1584 2088 1752 2114 vertuntur

995 2134 1028 2167 in
1040 2130 1171 2169 diserta,
1194 2127 1396 2177 implacabile
1404 2131 1548 2176 concipit
1561 2130 1594 2163 in
1609 2126 1752 2162 Athenas

995 2186 1028 2216 &
1046 2178 1188 2215 Eubaeam
1201 2179 1320 2213 ‘Darius
1337 2178 1449 2213 odium
1463 2203 1473 2220 ,
1500 2176 1668 2212 servorum
1694 2176 1751 2210 uni

997 2229 1128 2266 mandat
1164 2229 1313 2276 quotidie
1345 2227 1402 2263 fibi
1431 2227 1471 2262 de
1503 2228 1590 2262 lecto
1610 2225 1754 2275 surgenti

999 2280 1201 2315 mentionem
1214 2277 1421 2318 Athenarum
1432 2276 1547 2313 facere.

1047 2328 1213 2363 Persarum
1232 2329 1267 2361 in
1284 2328 1448 2362 Graeciam
1461 2328 1634 2362 adventum
1649 2335 1755 2360 matu-

1001 2378 1083 2414 ravit
1102 2377 1219 2425 Hippiae
1233 2381 1265 2410 δε
1288 2377 1448 2411 Demarati
1466 2376 1504 2410 ad
1528 2376 1653 2410 Darium
1667 2374 1752 2421 fuga.

965 2464 969 2468 ,
1000 2427 1117 2462 Sta‘tim
1130 2435 1166 2460 ut
1179 2425 1265 2461 Solon
1275 2425 1414 2460 Athenis
1423 2425 1668 2460 Democratiam
1682 2421 1756 2457 fun-

1001 2476 1101 2516 davit,
1115 2475 1280 2517 Pififfratus
1289 2476 1463 2522 occupavit
1475 2473 1677 2518 tyrannidem
1697 2471 1756 2507 hac

1002 2536 1076 2559 arte.
1108 2525 1189 2559 Duae
1199 2534 1289 2558 erant
1308 2525 1341 2557 in
1360 2523 1441 2556 urbe
1452 2522 1581 2555 familiae
1596 2521 1755 2568 principes

1003 2573 1061 2607 fibi
1072 2572 1212 2605 invicem
1223 2572 1378 2609 inimicae,
1397 2581 1574 2617 neutraque
1585 2570 1698 2616 populi
1711 2567 1759 2605 sa-

1005 2623 1044 2656 tis
1055 2632 1173 2654 amans.
1198 2620 1352 2661 Pffislratus
1369 2619 1545 2653 maximum
1567 2618 1679 2665 populi
1690 2618 1757 2654 stu-

1005 2670 1097 2704 dium
1114 2664 1216 2715 prae'se
1228 2667 1332 2703 ferens
1345 2693 1354 2708 ,
1372 2680 1446 2702 cum
1460 2667 1590 2715 utraque
1608 2669 1756 2714 capitales

1004 2719 1145 2756 exercuit
1163 2718 1351 2752 inimicitias
1368 2733 1380 2761 3
1404 2717 1546 2765 quodam
1568 2717 1618 2751 die
1636 2718 1757 2763 prodiit

1004 2769 1057 2804 hic
1069 2770 1102 2802 in
1113 2766 1237 2806 forum,
1247 2768 1360 2814 plenus
1369 2779 1440 2813 quae
1450 2766 1507 2800 fibi
1519 2764 1675 2801 inflixisset
1683 2768 1758 2802 vul·

1006 2816 1155 2857 neribus;
1182 2815 1247 2855 ista,
1261 2817 1385 2862 populo
1397 2818 1534 2853 clamat,
1551 2814 1618 2850 fero
1627 2819 1756 2862 praemia

1006 2867 1070 2901 mei
1082 2866 1114 2899 in
1125 2865 1275 2899 concives
1295 2867 1414 2900 amoris
1426 2890 1436 2904 ,
1459 2864 1513 2898 has
1530 2866 1588 2912 qui
1600 2865 1756 2899 dederunt

1004 2915 1112 2964 plagas
1124 2927 1201 2950 mox
1212 2912 1430 2961 proculdubio
1442 2924 1583 2948 mortem
1593 2914 1734 2949 inferent
1744 2936 1755 2954 ,

1005 2964 1064 3000 nisi
1082 2976 1139 2999 vos
1159 2965 1304 3011 ipsorum
1323 2963 1504 2999 insolentiae
1521 2962 1653 2998 obviam
1671 2975 1757 2997 eun·-

1006 3015 1084 3049 dum
1104 3015 1232 3048 curetis.
1270 3014 1429 3048 credulus
1449 3014 1595 3059 popellus
1619 3013 1756 3058 Pifistrato

1007 3063 1148 3098 decernit
1159 3075 1314 3109 magnum
1327 3062 1522 3103 satellitium,
1533 3062 1622 3109 quod
1631 3061 1647 3096 a
1657 3062 1760 3096 nobi-

1007 3114 1085 3148 lium
1106 3113 1231 3158 injuriis
1252 3111 1410 3159 ptaestaret
1424 3113 1604 3147 immunem
1622 3124 1630 3144 :
1664 3111 1758 3152 hujus

1006 3161 1146 3199 satellitii
1167 3161 1272 3211 specie
1289 3174 1443 3211 magnam
1463 3173 1662 3199 armatorum
1689 3162 1757 3193 vim

1320 3229 1321 3233 ¹
1375 3214 1399 3248 P
1672 3211 1758 3250 circa

1757 593 1823 620 citat.

1778 2327 1892 2365 Ptfistra·

1774 2375 1813 2396 tus
1821 2367 1914 2398 „Arbe-

1774 2411 1812 2436 nis
1819 2408 1884 2438 domi
1889 2423 1897 2430 *

1774 2457 1856 2480 natur.
