2048 3343
456 84 1485 125 ETCHRONOLOG101L13.1.
1708 99 1753 131 93

207 161 304 213 primi
315 159 424 197 versus
433 172 506 207 cap.
518 172 574 205 27.
592 158 741 206 jeremiae
751 168 828 190 cum
845 157 953 191 tertio.

206 213 315 249 Priori
331 213 412 246 loco
424 220 626 257 praeceptum
639 208 680 248 de
690 206 859 240 induendo
870 208 955 251 jugo

207 263 327 299 Ieremia
337 259 543 295 datur-initio
563 257 671 305 Regni
688 256 831 295 loakimm
851 254 956 300 poste-

206 311 289 346 riori
307 319 462 358 regnante
484 308 611 350 Zedekg'a
625 329 636 345 ,
665 300 741 338 cum
754 303 797 338 ad
814 316 887 337 eum
901 315 957 338 ve-

204 358 321 395 nissent
332 360 520 393 vicinorum
541 355 733 400 Principum
752 354 848 402 legati
865 356 958 387 annis

206 407 464 458 quatuordecim
496 415 552 439 aut
585 401 763 438 minimum
802 402 955 437 undzcim

206 458 283 506 post
303 457 482 492 terminum
503 455 596 499 (upra
622 452 766 487 dietum.
806 452 955 499 Respon-

207 507 288 548 dent
301 505 354 541 hic
364 506 517 540 auctores
528 504 634 540 varia,
644 513 680 536 ut
693 503 805 537 videre
816 501 859 536 est
870 500 958 549 apud

206 558 377 594 Torniellum
389 558 424 590 δε
437 555 593 589 Henricum
604 554 736 599 Phihppi,
752 556 785 587 ἃ
799 554 830 586 in
844 553 958 599 primis

205 610 436 643 Annotatores
451 602 655 650 Anglicanos
667 603 865 636 recentiores
877 628 886 641 ‚
902 599 959 646 qui

205 657 328 692 multas
341 655 525 688 multorum
542 651 717 686 sententias
729 650 875 686 referunt
887 648 959 682 abs-

207 717 273 753 que
284 704 349 740 ulla
363 701 600 751 fignificatione
611 725 619 740 ‚
638 713 717 734 num
729 699 790 734 ulla
803 698 961 733 exomni-

208 754 272 791 bus
290 753 366 803 ipfis
384 750 570 786 allubescat.
598 752 736 784 salianus
754 761 879 783 nomen
895 755 959 783 Ioa-

208 802 278 844 kimi
314 803 556 850 descriptorum
584 801 615 834 S.
628 800 806 847 Scripturae
840 795 963 832 incurii

209 855 290 889 loco
302 854 428 896 Zedekiae
449 847 602 895 irrepsisse
616 859 710 896 putat
739 862 747 882 ε
772 845 878 881 secare
897 846 962 880 hoc

207 904 256 943 est
267 902 481 939 Gordianum
494 898 625 932 nodum
639 909 708 931 non
719 895 842 931 solvere
852 922 860 935 ,
881 899 914 930 &
927 905 964 929 ut

209 965 315 989 unum
328 948 589 986 incommodum
602 946 726 982 vitesin
745 945 836 978 aliud
854 944 961 990 longo

208 1006 317 1048 majus
338 999 564 1048 praecipitare.
599 996 703 1039 Qod
722 992 776 1027 ahi
801 990 964 1033 loakimum

210 1054 330 1089 volunt
350 1059 474 1084 nomen
500 1054 681 1079 commune
711 1040 870 1076 omnibus
895 1042 964 1088 lofin

209 1102 289 1138 filiis
301 1099 451 1143 adeoque
463 1098 498 1129 δε
510 1091 652 1133 Zedeluae,
673 1090 751 1126 cum
769 1090 856 1126 nulla
872 1091 963 1125 Scri-

211 1148 306 1199 ptura
315 1149 438 1181 nitatur
449 1153 485 1177 ut
502 1144 598 1177 inane
609 1140 810 1188 figmentum
823 1142 963 1175 corruit.

210 1196 325 1244 Qod
346 1195 497 1230 “torniellus
516 1194 551 1226 &
567 1191 622 1225 alii
648 1192 747 1226 multi
764 1189 839 1238 post
861 1191 965 1225 Hiero-

168 1251 171 1253 ’
206 1257 325 1298 nymum
335 1243 419 1281 vers.
430 1255 444 1276 1
454 1267 463 1277 .
479 1241 631 1286 rejiciunt
641 1240 682 1276 ad
695 1251 794 1288 caput
806 1239 908 1287 prius,
919 1241 965 1274 ita

207 1308 246 1331 ut
264 1295 390 1331 nullum
407 1304 527 1327 nexum
546 1290 670 1329 habeat
687 1303 765 1325 cum
784 1289 966 1338 Prophetia

210 1345 255 1382 de
267 1348 348 1393 jugo
360 1347 395 1379 &
408 1339 549 1377 vinculis
566 1365 576 1379 ‚
600 1339 756 1375 lubentes
769 1339 963 1374 admittere-

205 1402 311 1440 mus13
337 1405 374 1428 ut
393 1405 463 1427 non
485 1390 560 1426 raro
581 1388 824 1426 inadvertentia
848 1401 966 1428 eorum

206 1447 269 1495 qui
282 1455 389 1480 textus
398 1441 506 1478 sacros
517 1444 552 1477 &
568 1442 678 1489 capita
689 1441 721 1474 in
734 1438 842 1475 versus
853 1439 966 1474 discri-

208 1495 383 1532 minarum
401 1518 411 1534 ‚
439 1505 511 1539 qua:
524 1492 620 1526 initio
636 1491 784 1539 capitum
796 1491 966 1525 variorum

210 1555 402 1593 ponuntur,
413 1539 578 1576 manifeste
589 1540 631 1575 ad
643 1540 810 1589 postrema
821 1541 966 1588 capitum

212 1593 473 1641 praecedentium
492 1589 639 1639 spectant
661 1604 669 1625 ι
694 1589 755 1625 Sed
765 1591 965 1637 cogimur&

212 1643 300 1678 hanc
319 1641 521 1677 solutionem
539 1641 673 1685 rejicere
686 1662 694 1674 ‚
719 1637 761 1674 οὸ
778 1637 873 1685 quod
892 1639 970 1672 ulti-

216 1705 273 1729 ma
293 1703 358 1727 vox
378 1690 476 1738 primi
495 1688 601 1723 versus
621 1689 734 1723 dicendo
752 1686 967 1722 necessarium

216 1754 338 1779 nexum
354 1751 430 1774 cum
452 1735 664 1784 sequentibus
685 1738 863 1784 importet.
885 1738 971 1771 Am-

216 1793 393 1839 pleffimur
404 1785 483 1835 ergo
502 1786 593 1820 istam
606 1788 751 1821 aliorum
765 1784 969 1834 Responsio-

216 1853 294 1875 nem
309 1865 317 1879 ,
334 1851 408 1886 quae
429 1836 667 1870 revelationem
686 1835 769 1870 hanc
782 1835 823 1869 de
836 1840 916 1883 jugo
934 1840 969 1871 ἅτ

213 1889 352 1925 vinculis
370 1889 402 1921 in
423 1887 521 1920 initio
535 1886 643 1932 Regni
660 1883 969 1926 Ioaki'micollocant,

212 1937 270 1974 sed
285 1938 519 1972 executionem
533 1935 575 1970 ad
588 1933 710 1976 Zedekix
719 1946 874 1982 quartum
885 1933 969 1969 refe-

215 1999 308 2028 runt,
320 1987 461 2034 ubijuga
472 1983 558 2018 mifit
572 1984 741 2032 Propheta
752 1984 794 2019 ad
806 1986 970 2031 Principes

216 2039 349 2074 vicinos
369 2048 424 2082 per
443 2033 586 2082 ipsorum
603 2036 730 2081 legatos
747 2059 758 2075 ‚
783 2047 871 2081 quos
898 2045 970 2068 tum

217 2087 383 2134 temporis
398 2082 669 2129 Hierosolymam
689 2085 727 2118 ad
739 2086 897 2128 ZedeQam
909 2085 971 2118 mi-

215 2135 333 2172 serant.
365 2135 439 2169 Ncc
457 2133 533 2167 hinc
557 2131 705 2180 sequitur
723 2133 805 2168 totis
816 2135 971 2168 undecim

215 2196 273 2222 aut
288 2183 548 2233 quatuordecim
568 2183 663 2216 annis
680 2181 699 2216 εὶ
719 2184 830 2230 primo
848 2183 971 2224 loakimi

217 2236 263 2271 ad
281 2237 428 2284 primum
447 2233 662 2278 velquartum
675 2231 970 2280 Zedekiaejugatum,

218 2286 295 2321 &in
304 2286 442 2319 vinculis
452 2280 608 2316 inceffiffe
621 2281 823 2329 Prophetam
844 2286 973 2329 (quan-

220 2346 323 2379 quam
342 2335 422 2369 &in
439 2345 480 2368 eo
494 2334 622 2367 nullum
634 2331 680 2366 est
692 2330 902 2365 intolerabile
914 2329 974 2371 ab.

220 2381 380 2423 surdum.)
415 2383 503 2416 Nam
524 2382 601 2416 licet
620 2379 836 2427 Prophetiam
856 2381 976 2416 Ieremia

219 2432 398 2466 revelatam
416 2430 637 2464 concedamus
647 2431 744 2465 initio
757 2428 974 2477 regniloakt'm,

219 2491 292 2515 non
303 2490 415 2513 tamen
433 2479 620 2513 executioni
632 2478 741 2512 datam
754 2479 976 2518 admittimus,

222 2539 402 2576 antequam
420 2528 520 2573 legati
533 2524 689 2561 venissent
704 2527 976 2572 Hierosolymam

227 2577 300 2627 post
310 2579 429 2612 initum
439 2575 455 2611 ὲ
464 2574 588 2616 Zedekia
596 2588 749 2623 regnum,

395 2675 704 2713 QuAEsr1o
751 2673 818 2701 xL.

294 2747 447 2796 Qomodo
466 2748 582 2780 initium
604 2746 692 2792 Regni
710 2743 864 2780 Zedekiae
872 2743 914 2790 stc

483 2807 574 2830 annus
585 2797 726 2840 quartus?

305 2877 508 2915 Uaestionem
520 2872 805 2924 quadragesimam
824 2872 978 2922 suppedi-

309 2939 356 2962 tat
378 2927 486 2962 versus
511 2941 538 2961 1.
561 2938 632 2973 cap.
650 2928 698 2958 28.
723 2925 868 2972 Jeremiae
892 2947 902 2960 ‚
924 2921 980 2957 ubi

234 2980 372 3012 Hanania
386 2977 688 3025 pseudoprophetae
710 2972 914 3008 contumelia
926 2985 980 3006 ac-

236 3025 344 3059 cidisse·
360 3026 479 3061 dicitur
497 3034 527 3061 ὅ(
548 3025 713 3074 principio
731 3025 839 3071 Regni
850 3020 981 3063 Zedekiae

237 3077 273 3109 δε
284 3086 369 3108 anno
380 3088 510 3120 quarto.
542 3084 598 3110 An
610 3086 713 3108 annus
726 3084 860 3119 quartus
870 3074 981 3122 potuit

235 3121 299 3157 ess'c
326 3125 522 3169 principium
556 3126 662 3172 Regni
688 3121 808 3163 Zedekiae
827 3127 841 3156 ?
878 3122 980 3169 Resp.

237 3174 356 3209 Multae
374 3172 446 3208 satis
461 3172 533 3208 sunt
551 3173 612 3208 hac
623 3174 664 3210 de
675 3186 707 3208 re
716 3176 933 3222 Interpretum
946 3175 981 3207 &c

1003 154 1304 203 Chronologorum
1326 156 1514 196 sententiae:
1544 159 1627 194 Duae
1638 169 1752 196 tamen

1002 207 1152 240 videntur
1165 206 1336 251 primariae‚
1346 219 1488 252 quarum
1501 221 1615 243 neutra
1630 210 1675 243 est
1687 212 1751 243 im-

1002 254 1183 301 probabilis
1202 278 1213 291 ‚
1237 257 1271 288 &
1292 255 1447 288 alterutra
1472 255 1537 292 fine
1562 271 1682 307 magno
1699 261 1750 293 in-

1003 304 1193 338 commodo
1209 302 1313 350 potest
1327 305 1444 351 accipi.
1471 308 1563 340 Prior
1574 304 1678 342 afferit
1690 321 1749 342 an-

1003 365 1082 387 num
1100 364 1256 400 quartum
1275 352 1347 386 (atis
1362 364 1555 388 concurrere
1573 369 1647 391 cum
1661 359 1750 405 prin-

1002 403 1087 450 cipio
1103 404 1209 449 Regni
1219 400 1361 441 Zedekiae‚
1376 401 1416 436 εὸ
1428 400 1521 448 quod
1532 407 1749 453 ejusregnum

1002 451 1184 486 constiterit
1195 452 1289 484 annis
1302 452 1468 490 undecim,
1480 455 1515 486 &
1525 464 1603 486 vero
1616 464 1751 501 tempo.

1002 512 1034 536 re
1043 501 1196 536 undecim
1210 500 1369 540 diviso‚ut
1378 499 1478 547 vulgo
1489 501 1616 541 solet,in
1627 505 1753 549 princi-

1001 552 1093 596 pium
1105 575 1114 590 ,
1126 549 1273 585 medium
1284 575 1293 590 ‚
1312 553 1345 584 δε
1364 548 1464 584 finem
1477 575 1487 591 ,
1499 563 1604 586 annus
1617 563 1754 599 quartus

1003 600 1043 634 ad
1067 600 1263 647 principium
1291 611 1361 632 non
1389 600 1539 633 medium
1568 613 1627 634 nec
1647 600 1752 634 finem

1003 648 1092 683 istius
1104 650 1230 683 numeri
1241 648 1409 694 spectabit.
1435 651 1516 683 Haec
1527 650 1583 684 nifi
1596 652 1756 697 placuerit

1005 697 1388 743 sententia,ample6tere
1399 698 1575 734 secundam
1591 718 1599 740 ς
1628 698 1760 741 scilicet,

1006 760 1132 782 annum
1151 760 1306 795 quartum
1323 747 1433 783 referri
1462 755 1531 782 non
1558 749 1600 784 ad
1619 761 1761 796 regnum

1007 795 1156 838 Zethi-m,
1175 797 1228 832 sed
1248 797 1288 832 ad
1307 796 1439 832 lubilaea
1452 802 1602 833 &annos
1612 798 1761 833 sabbati-

1008 848 1131 882 cosdra
1144 857 1179 880 ut
1189 859 1292 881 annus
1303 859 1424 891 primns
1441 847 1562 882 Zeclesiae
1576 847 1613 881 fit
1624 859 1762 895 quattus

1007 894 1218 930 &Sabbatico
1229 918 1238 930 ‚
1254 898 1286 927 ὃ(
1301 894 1420 934 Zedekiic
1431 908 1568 942 quartus
1585 895 1622 931 fit
1632 897 1763 932 Sabba-

1010 945 1110 982 tieus,
1129 955 1187 989 pro
1201 954 1235 977 ur
1248 944 1380 986 Zechae
1391 945 1587 983 undecimus
1598 958 1665 981 erat
1677 947 1762 982 Sab-

1010 991 1139 1026 baticus
1152 994 1232 1026 alter
1243 1015 1253 1031 ,
1264 992 1295 1024 in
1309 1003 1377 1037 quo
1391 993 1624 1039 Hierosolyma
1634 996 1765 1030 destru-

1011 1040 1060 1076 &a
1077 1041 1138 1075 r‘rui
1154 1045 1347 1088 inceperunt
1360 1042 1448 1089 puris
1460 1043 1691 1090 &impollutis
1702 1043 1764 1079 suis

1009 1090 1172 1125 Sabbatie..
1211 1093 1291 1125 Sunt
1312 1093 1371 1136 qui
1389 1101 1540 1125 neutram
1561 1092 1645 1126 hanc
1663 1105 1767 1127 com-

1011 1140 1150 1188 putandi
1167 1142 1330 1176 rationem
1349 1142 1382 1173 in
1396 1141 1566 1188 Scripturis
1579 1139 1766 1189 usurpatam

1009 1190 1160 1224 videntes
1171 1215 1182 1231 ‚
1205 1191 1333 1223 tertiam
1351 1190 1541 1236 procudunt
1556 1189 1766 1233 sententiam,

1010 1240 1138 1282 Zedekiae
1146 1239 1268 1274 scilicet
1279 1249 1434 1287 quartum
1448 1241 1560 1275 vocari
1574 1242 1686 1289 Regni
1699 1246 1769 1286 ejus

1008 1291 1211 1337 *principium
1222 1288 1272 1323 vel
1284 1291 1485 1336 prinmm,e0
1494 1289 1589 1337 quod
1602 1289 1767 1326 hocanno

1011 1336 1176 1388 profectus
1190 1338 1393 1385 Babylonem
1408 1340 1450 1373 ad
1466 1341 1765 1378 Nebuchadnezarem

1010 1401 1133 1424 novam
1143 1390 1176 1422 in
1187 1401 1294 1438 regno
1304 1388 1362 1423 suo
1375 1387 1667 1424 confirmationem
1681 1417 1690 1431 ,
1700 1403 1768 1424 no-

1011 1451 1154 1486 vamque
1170 1440 1204 1472 in
1217 1439 1345 1475 vicinos
1358 1440 1522 1487 principes
1542 1438 1709 1474 ’ίνῖησκοπζώ
1728 1451 1767 1474 ac

1012 1487 1353 1538 superintendentiam
1376 1490 1490 1523 nactus
1511 1485 1568 1522 sit.
1606 1490 1675 1523 Sed
1697 1501 1767 1523 non

1011 1541 1236 1573 immoramur
1252 1537 1517 1573 demonstrando
1532 1536 1630 1585 quam
1645 1536 1770 1585 fragili-

1013 1589 1072 1623 bus
1083 1587 1277 1623 tibicinibus
1289 1589 1381 1622 tertia
1393 1586 1462 1622 haec
1479 1587 1641 1622 sententia
1653 1586 1769 1623 sufful-

1014 1649 1131 1674 cratur-

1172 1735 1477 1774 QUAESTIO
1519 1736 1607 1764 xm.

1041 1810 1196 1858 ,Quomodo
1212 1808 1467 1857 Hierosolymorum
1478 1808 1622 1842 excidium
1631 1819 1686 1842 non
1695 1807 1748 1853 nfi

1112 1860 1176 1905 post
1185 1857 1384 1904 septemdecim
1405 1857 1514 1901 menses·
1526 1857 1668 1907 Babylone

1289 1906 1424 1941 audttum
1425 1907 1466 1951 fit
1475 1909 1491 1938 ἒ

1093 1984 1240 2022 Uaeritur
1256 1987 1315 2033 qui
1335 1985 1494 2021 consonet
1516 1984 1619 2019 sextus
1631 1997 1688 2032 25.
1705 1985 1775 2032 capss

1101 2050 1117 2070 z
1134 2037 1216 2084 Reg.
1230 2047 1306 2069 cum
1320 2047 1374 2070 21.
1392 2050 1408 2082 3
1419 2049 1448 2082 3.
1460 2033 1630 2070 E‘zekiclis.
1668 2037 1774 2069 l’riori

1016 2087 1098 2121 10;0
1110 2097 1204 2132 capra
1219 2086 1330 2124 civitas
1342 2085 1387 2119 est
1399 2097 1488 2118 anno
1500 2082 1622 2124 Zedekiae
1633 2084 1773 2119 undeci—

1020 2149 1077 2170 mo
1093 2161 1103 2177 ‚
1125 2133 1236 2169 mense
1247 2136 1387 2181 quinto,
1407 2134 1459 2168 die
1478 2134 1621 2182 [septimo
1633 2132 1773 2174 mensis:

1016 2187 1097 2222 loco
1110 2185 1294 2232 posteriore
1314 2184 1454 2218 nuncius
1473 2185 1513 2217 de
1533 2183 1625 2230 capt&
1641 2184 1774 2218 civitate

1018 2236 1059 2271 ad
1071 2232 1228 2275 Ezekielem
1243 2232 1413 2281 Babylone
1431 2234 1519 2266 venit
1530 2245 1610 2273 *non
1625 2244 1700 2267 aute
1713 2244 1775 2266 an·-

1020 2297 1099 2320 num
1112 2284 1352 2321 duodecimum
1365 2307 1373 2322 ,
1387 2281 1496 2317 mense
1508 2281 1641 2316 decimo
1653 2309 1662 2322 ‚
1676 2285 1708 2317 &
1722 2282 1774 2315 die

1021 2331 1279 2380 mensisquinm.
1310 2330 1383 2374 Qui
1404 2330 1473 2367 fieri
1492 2333 1603 2379 potuit
1619 2343 1653 2365 ut
1666 2331 1775 2365 clades

1022 2381 1326 2428 Hierosolymitana
1337 2391 1430 2414 totos
1438 2381 1670 2427 septemdecim
1682 2390 1777 2412 men-

1021 2433 1067 2468 ses
1077 2432 1212 2479 Judaeos
1223 2430 1539 2477 Babylonelatuerit
1557 2437 1567 2462 ?
1596 2427 1698 2462 Certe
1713 2430 1774 2461 iter

1014 2479 1262 2528 ‚Hierosolymis
1282 2478 1484 2526 Babylonem
1504 2479 1657 2524 expedito
1670 2476 1776 2523 pediti

1022 2543 1201 2577 paucarum
1214 2528 1546 2574 eratseptimanarum
1558 2549 1567 2560 ‚
1580 2530 1614 2560 &
1626 2525 1703 2559 vero
1715 2537 1776 2559 ca·-

1022 2580 1178 2613 lamitatis
1199 2573 1497 2622 Hierosolymitanzi
1515 2573 1621 2609 multo
1635 2576 1775 2610 minoris

1023 2626 1117 2661 allata
1129 2625 1215 2660 fama
1227 2625 1417 2660 celerrimos
1437 2625 1576 2657 nuncios
1588 2621 1669 2658 solet
1682 2635 1777 2658 ante-

1024 2687 1149 2712 vertere
1170 2700 1180 2716 ‚
1200 2685 1339 2721 tumque
1353 2675 1514 2720 temporis
1526 2674 1778 2709 Nebuchadnezar

1025 2725 1274 2774 triumphorum
1297 2723 1433 2757 suorum
1454 2722 1778 2767 Hierosolymitano-

1025 2787 1099 2810 rum
1115 2772 1288 2822 euangelia
1307 2774 1427 2807 amicos
1438 2772 1511 2806 suos
1524 2771 1687 2817 Babylone
1703 2785 1776 2807 non

1025 2826 1154 2859 videtur
1165 2823 1297 2859 voluisse
1310 2823 1435 2858 tamdiu
1447 2823 1556 2856 celare.
1592 2820 1689 2868 Resp.
1708 2825 1778 2858 Hie-

1026 2884 1156 2923 ronymm
1168 2877 1199 2906 δ’
1211 2872 1265 2906 alii
1279 2873 1352 2920 post
1364 2885 1451 2911 cum,
1460 2870 1775 2916 Hierosolymorum

1027 2924 1226 2959 vastatorum
1240 2924 1360 2957 nuncia
1372 2934 1436 2956 non
1447 2931 1521 2954 ante
1535 2924 1659 2955 menies
1669 2920 1778 2969 supra-

1026 2973 1136 3008 dictos
1157 2970 1398 3020 septemdecim
1419 2969 1587 3016 ilabylone
1600 2971 1713 3005 andita
1724 2982 1779 3004 ar..

1028 3022 1211 3057 bitrantur:
1229 3021 1281 3057 sed
1291 3021 1411 3055 durum
1424 3020 1489 3053 hoc
1500 3018 1658 3067 plerisque
1670 3023 1779 3055 Inter-

1028 3071 1193 3121 prctibus.
1235 3072 1280 3104 Ex
1296 3071 1346 3104 his
1364 3069 1501 3115 quidam
1520 3081 1596 3103 cum
1620 3072 1756 3116 Torng‘ellv
1768 3094 1778 3108 ,

1029 3123 1203 3162 smmum&
1217 3120 1336 3155 Henrico
1348 3118 1598 3166 Philippinodum
1611 3130 1778 3153 conantur

1029 3171 1154 3209 solvere
1164 3182 1223 3219 per
1234 3169 1483 3205 diffinitionem
1494 3181 1661 3205 annorum
1672 3169 1779 3203 sacro-

1391 3220 1430 3254 M
1461 3232 1476 3265 3
1707 3227 1782 3250 rum
