2048 3343
17 175 163 209 ⁴2²¹⁰⁵⁴⁶⁶‘
182 175 280 228 pressa
299 173 337 210 fit
361 173 487 209 mentio
500 197 509 210 ‚
533 171 586 207 sed
606 171 753 219 inprimis
771 169 809 203 dc
828 166 931 201 reditu

31 221 71 250 ¹¹³·
181 227 360 262 multorum
372 221 580 258 lsra'e'litarum
592 246 601 261 ‚
614 219 755 255 unacum
767 215 879 264 Judaeis
892 228 930 249 ex

181 277 310 312 decreto
330 272 401 316 Cyri
410 299 417 313 ,
430 284 465 306 ut
477 272 585 308 videre
595 269 638 304 est
657 269 774 315 Jerem.
788 278 801 303 ς
812 278 843 298 0.
857 277 887 298 v.
898 276 932 307 4.

181 338 257 359 cum
267 324 374 358 divina
387 322 529 357 vindicta
540 319 585 353 ob
597 317 751 352 vastatum
767 315 930 360 ternplum

177 373 522 419 Hierosolymitanum
536 392 546 408 ,
569 366 773 413 Babylonem
786 369 816 399 ὃ(
832 362 932 398 Chal-

180 423 265 459 daeos
284 417 487 469 perdidissem
514 417 609 451 multi
631 417 839 450 lira'e‘litarum
852 437 860 450 ‚
877 412 931 461 qui

182 475 268 508 inter
283 468 414 516 Judaeos
425 478 500 502 ante
518 466 742 514 captivitatem
757 461 884 510 dispersi
903 465 932 494 δε

184 519 250 556 una
261 532 335 554 cum
355 518 470 566 Judaeis
487 518 520 550 in
541 515 762 563 captivitatem
784 512 936 547 abducti,

8 606 10 613 ,
186 569 323 619 Judaicae
335 567 491 602 libertatis
502 561 937 613 participesHicrosolymam

8 618 10 659 i
185 617 351 655 redieruut
367 630 375 650 ε
401 617 473 650 Nec
486 617 662 663 quicquam
674 623 761 650 vetat
773 609 858 657 ,quo
877 610 935 642 mi-

8 671 10 679 *
186 667 247 704 ntis
256 665 474 701 divinaeistius
483 663 708 698 misericordiae
718 661 876 696 miraculo
885 669 938 692 cx-

185 719 341 754 citati‚cx
354 712 450 762 prisca
463 714 652 762 captivitate
672 707 829 756 Asl‘yriacz'i
845 706 943 742 multi

8 785 11 811 ι
183 766 328 802 domum
341 766 438 799 etiam
450 762 677 808 redierint,qui
689 761 816 807 Imperii
828 756 943 793 Persici

8 827 11 859 ζ
184 819 219 851 δί
231 815 339 849 Graeci
350 812 567 860 temporibuS‚
578 812 609 845 in
624 808 784 845 Cananaefi
794 807 856 842 una
867 817 942 840 cum

8 867 11 887 ¹
185 865 301 915 Judaeis
323 861 416 898 valde
447 860 518 896 sunt
545 860 763 906 multiplicati.
800 858 846 890 Hi
867 856 942 888 licet

0 911 12 959 1,Ι
185 917 313 949 suarum
334 911 478 945 tribuum
500 923 593 958 agros
612 903 894 942 nonita.distinct‹÷
909 913 944 935 ut

0 953 12 1020 l!
188 964 270 1000 olim
286 960 437 996 colebant
449 985 457 998 ‚
473 959 512 993 eo
522 957 615 1006 quod
626 957 821 991 Samaritana
833 952 942 986 collu-

9 1009 12 1103 Ι
190 1014 258 1048 vies
275 1011 504 1058 plerorumque
521 1005 722 1054 possessiones
741 998 922 1048 occupasset
934 1024 945 1039 ‚

191 1073 304 1097 tamen
321 1056 419 1106 usque
436 1057 475 1090 ad
487 1066 631 1102 tempora
649 1054 800 1087 Romana
819 1055 850 1084 &
866 1049 945 1084 ulti-

0 1107 12 1159 l
193 1123 282 1147 mam
293 1109 399 1157 gentis
413 1102 636 1142 vastationem,
646 1114 682 1136 ex
695 1100 853 1136 omuibus
864 1099 947 1132 duo-

0 1162 12 1202 ἐξ
191 1160 296 1195 decim
308 1151 458 1190 tribubus
479 1154 576 1188 multi
594 1152 646 1186 hic
669 1152 735 1185 illic
748 1148 817 1184 totfi
837 1149 946 1182 Cana-

9 1210 12 1216 *
191 1205 257 1243 naza
271 1201 372 1252 sparsi,
384 1201 425 1236 ad
435 1201 570 1248 Judaica
585 1201 669 1236 sacra
684 1195 945 1245 Hierosolymam

192 1252 450 1290 conveniebant.

242 1299 390 1349 Qatto,
410 1300 567 1335 notabilis
586 1298 678 1335 valde
696 1297 758 1333 fuit
775 1295 949 1345 Propheti-

154 1383 166 1389 -
194 1366 300 1389 carum
318 1350 569 1398 promiilionum
582 1349 730 1397 impletio
742 1372 752 1384 ‚
774 1346 849 1381 cum
862 1357 950 1381 tem-

196 1416 274 1452 pore
286 1401 406 1436 Christi
424 1405 456 1435 &
470 1399 706 1447 Apostolorum
722 1397 820 1432 multi
830 1396 951 1431 Israeli—

197 1465 302 1489 tarum
314 1449 376 1486 una
395 1462 472 1485 cum
486 1449 602 1497 Judaeis
618 1449 656 1483 ad
667 1446 770 1483 fidem
783 1446 952 1494 Euangelii

198 1501 345 1539 conversi
359 1501 446 1535 sunt.
478 1501 531 1534 De
548 1499 613 1533 hoc
632 1497 838 1532 Israelitaruin
859 1496 899 1530 ad
913 1493 953 1528 fi-

199 1553 275 1588 dem
292 1551 394 1586 reditu
407 1547 518 1585 diserte
533 1547 641 1583 Paulus
656 1548 763 1582 Rom.
773 1561 805 1592 9.
825 1547 954 1591 Hosi’am

198 1604 437 1648 interpretatur,
445 1599 484 1633 ad
493 1599 633 1645 perditas
644 1610 723 1633 oves
734 1592 854 1632 domfis
863 1596 954 1630 Israe-

198 1651 238 1685 lis
248 1663 315 1685 nou
326 1648 418 1695 Judae
430 1659 556 1682 tantum
569 1646 598 1682 se
608 1647 735 1682 missum
746 1645 895 1680 Christus
905 1642 954 1678 af-

200 1700 328 1735 firmat:
357 1703 389 1733 &
400 1697 578 1743 Apostolus
597 1696 682 1731 Iudas
693 1696 733 1729 ad
744 1708 860 1729 omnes
873 1693 957 1728 duo-

202 1750 309 1784 decim
322 1748 425 1782 tribus
434 1746 520 1781 suam
533 1745 699 1793 epistolam
711 1743 867 1779 inscribit.

48 1818 146 1862 Rea&
252 1796 407 1843 Qinto.
432 1795 453 1830 fi
465 1795 547 1830 dieta
559 1808 627 1830 non
638 1794 833 1830 exhauriunt
844 1804 959 1829 omnes

45 1861 126 1900 lsra'e‘l
202 1847 439 1893 Prophetarum
450 1843 596 1879 Isra'e'litis
606 1843 704 1879 factas
717 1842 957 1891 promiffiones‚

45 1898 171 1931 ‹umluda
207 1896 299 1944 quod
310 1893 447 1942 superest
466 1905 576 1929 totum
594 1893 835 1942 praestabiturin
847 1892 961 1927 ultima

46 1945 75 1972 θ’
83 1949 183 1969 mm·
205 1945 390 1995 Judaeorum
415 1943 628 1979 conversione
656 1943 695 1978 ad
722 1942 900 1978 Christum.
929 1944 961 1975 A

38 1451 159 1490 maxum

39 1490 179 1562 ‚Zpleifide-

43 1983 110 2053 ἐἴ
118 1983 178 2012 ‘'h‘'
207 1996 320 2029 multis
337 1998 405 2040 jam
422 1992 535 2028 seculis
548 1991 680 2027 confusa
689 1992 732 2027 est
744 2016 753 2031 ,
769 1990 914 2027 accurate
925 2004 962 2025 0-

93 2043 102 2052 “
207 2046 264 2079 lim
279 2055 354 2078 ante
373 2043 495 2078 Christi
513 2042 691 2077 adventurn
716 2041 884 2077 observata
904 2041 962 2074 tri-

48 2096 159 2129 Nondu'-
208 2094 313 2129 buum
331 2095 412 2128 inter
433 2092 462 2126 se
484 2091 661 2126 distinetio.
688 2089 789 2126 Nulla
805 2089 886 2139 ergo
906 2102 963 2124 ex-

44 2142 173 2208 ffi'ngmn·
209 2143 367 2192 peClzauda
384 2140 430 2176 est
449 2136 663 2175 Israelitarum
684 2139 831 2188 aJudaeis
851 2139 965 2175 distin-

52 2180 150 2251 mlssss
208 2194 337 2228 &orum
358 2190 537 2226 conversio.
574 2190 768 2225 Cavendum
784 2189 878 2224 unice
894 2188 938 2222 est
950 2186 968 2221 ἒι

134 2242 142 2249 ’
211 2241 333 2289 putidis
342 2241 431 2287 Judae
439 2253 531 2275 orum
542 2239 674 2274 fabulis.
700 2237 852 2287 AEgregie
863 2249 968 2285 nuper

52 2285 148 2352 5¹⁸⁷&
210 2294 347 2336 Manaffi’s
358 2289 522 2337 Bon-lsrael
533 2289 769 2324 Amstelodami
780 2287 969 2322 mutabimus,

53 2333 192 2393 7:122'22'-
214 2351 335 2374 veteres
350 2339 475 2374 fabulas
492 2337 578 2374 novin
597 2338 680 2373 veste
698 2349 833 2373 conatus
853 2337 897 2372 est
917 2339 968 2370 in-

55 2405 180 2443 busfabu-
216 2387 326 2422 duerc,
335 2400 414 2434 quas
431 2392 552 2422 Duraeus
563 2387 685 2423 nostras
696 2391 728 2422 &
740 2388 792 2422 alii
803 2389 836 2420 in
848 2383 969 2433 Angli&

58 2448 93 2475 lis
100 2444 189 2474 Iudae·
216 2436 371 2472 cerebrosr
380 2436 620 2470 homunciones
633 2439 730 2471 nimis
740 2435 833 2473 avide
846 2436 969 2483 ample—

56 2497 120 2518 rum·
217 2484 374 2521 xatisunt.
401 2486 482 2518 Satis
498 2482 655 2532 superque
667 2484 909 2530 Anabaptistica
920 2482 971 2518 so-

219 2634 324 2669 calcar
342 2632 452 2666 addere
467 2657 476 2672 ‚
503 2630 633 2666 festinet
649 2633 738 2665 Deus
761 2628 973 2664 israelitarum

219 2684 258 2717 ad
274 2681 369 2715 fidem
381 2681 538 2721 reditum5
568 2680 828 2715 Christianorum
850 2679 903 2714 seu
914 2677 971 2724 Ju-

227 2926 272 2961 est
291 2929 404 2970 injuria
421 2940 481 2962 nec
500 2928 570 2961 leve
589 2927 763 2966 damnum,
780 2936 927 2961 aeternam
941 2927 975 2958 &

231 2976 560 3020 coelesterrgEcclefiae
585 2976 802 3011 haereditatem
829 2975 976 3009 mortali·

230 3023 294 3108 {jus
319 3027 353 3059 ὅ(
385 3028 516 3063 terrenis
550 3027 648 3078 lucris
672 3027 754 3076 velle
771 3036 857 3064 nunc
877 3021 976 3060 obfu-

245 3084 326 3111 care.

450 96 520 137 ἐτ
582 88 1228 137 CnnoNoLoc1c1

218 2535 306 2570 mnia
325 2534 528 2569 invaluerunt
554 2533 592 2568 de
620 2534 810 2567 &infimum
829 2534 862 2566 in
883 2533 974 2566 terris

218 2583 384 2620 mundano
399 2583 539 2630 Regum
555 2583 600 2616 nil
610 2595 694 2629 opus
709 2582 751 2616 cst
772 2580 974 2615 currentibus

217 2733 363 2767 datorum
377 2730 426 2764 seu
446 2730 630 2764 Gentilium
650 2731 819 2776 privilegia
829 2730 975 2777 spiritua-

218 2781 262 2816 lia
273 2781 348 2815 sunt
359 2783 392 2813 δε
404 2790 520 2814 aeterna
533 2803 542 2818 ,
566 2780 798 2813 caeremonialis
818 2783 975 2822 &corpo-

222 2831 296 2865 ralis
322 2829 514 2877 paedagogia
531 2831 665 2875 antiqua
687 2829 719 2861 in
740 2839 831 2860 cruce
853 2825 976 2860 Christi

225 2881 388 2927 antiquata
406 2878 459 2913 cst.
498 2881 613 2912 Praeter
630 2888 771 2910 errorem
790 2888 860 2910 non
879 2887 976 2922 parva

1291 90 1403 132 L113.
1433 92 1464 131 Ι.
1677 98 1722 135 83

1110 212 1433 250 QUAESTIO
1485 213 1590 242 XXII.

1015 285 1265 330 ,Quomodounius
1275 283 1345 319 anni
1358 295 1517 330 proventm
1535 284 1693 334 tribmsus-

1284 334 1387 382 fecerit
1395 336 1411 368 ἒ

965 460 970 466 .
986 413 1183 491 QUaestio
1194 413 1343 449 vicesima
1364 413 1498 449 secunda
1509 411 1554 447 est
1572 412 1610 446 de
1627 413 1733 460 gemi-

1062 477 1104 498 no
1118 463 1207 498 sensu
1221 465 1326 498 versus
1338 475 1394 504 29.
1414 459 1528 510 capitis
1541 473 1594 506 19.
1613 474 1629 494 2
1649 463 1735 508 Reg.

984 511 1072 548 [Tibi
1082 524 1176 548 autem
1191 513 1224 546 H
1229 514 1339 549 ezekia
1350 509 1404 545 hoc
1412 513 1464 547 erit
1477 515 1586 562 (ignum
1596 536 1606 550 ‚
1622 510 1735 544 comede

984 558 1035 594 hoc
1045 575 1120 595 anno
1141 575 1198 608 quae
1214 565 1344 609 repereris
1356 586 1366 602 ‚
1382 562 1412 596 in
1420 556 1539 607 fi’ciindo
1550 571 1643 595 autem
1661 570 1740 593 anno

986 614 1145 658 qicaesponte
1155 613 1305 658 nascuntur
1315 636 1324 649 ‚
1338 613 1423 660 porrox
1431 612 1465 646 in
1474 611 1558 645 tem'o
1568 608 1738 657 annosemi·

986 670 1052 693 nate
1074 660 1113 694 &⁸
1125 665 1241 700 metite]
1268 660 1375 708 primo
1387 686 1398 702 ,
1416 675 1455 697 an
1468 662 1563 694 unius
1573 662 1646 694 anni
1662 670 1740 705 pro-

988 720 1104 743 ventus
1132 709 1250 744 alendo
1274 712 1397 758 populo
1423 721 1534 746 toturn
1562 709 1740 743 triennium

987 756 1169 792 suffecerit?
1197 759 1350 794 Secundo
1366 785 1377 801 ‚
1400 759 1528 808 Ecquid
1548 758 1664 805 absque
1678 769 1740 790 ne-

987 806 1128 842 cessitate
1154 809 1311 843 miracula
1335 808 1581 857 multiplicanda
1599 811 1612 841 ?
1646 807 1740 841 Num

988 857 1109 890 bellum
1127 855 1325 901 Asl'yriacum
1347 869 1410 893 tres
1421 870 1512 893 totos
1521 869 1622 892 annos
1634 866 1742 902 popu-

988 906 1056 938 lum
1079 904 1120 937 ab
1131 903 1324 951 agricultura
1340 907 1490 941 cohibuit
1513 912 1526 941 ?
1560 903 1678 943 Tertio
1698 915 1742 938 an

990 950 1131 992 Hezekiae
1146 953 1281 987 morbus
1301 954 1497 1001 Ass'yriacam
1509 955 1632 988 cladem
1647 964 1743 988 ante-

989 1000 1094 1041 cessit,
1120 1015 1161 1036 an
1179 1001 1258 1037 vero
1279 1015 1350 1037 eam
1373 1003 1527 1049 sequutus
1547 1003 1614 1036 est?
1642 1000 1744 1047 Resp.

991 1053 1044 1087 Ad
1054 1054 1209 1099 primum,
1219 1054 1350 1087 Divinae
1362 1052 1487 1098 prorsus
1496 1052 1746 1096 omnipotentiae
1780 1082 1784 1085 Δ

991 1102 1182 1136 miraculum
1199 1099 1263 1136 fuit
1277 1126 1288 1142 ,
1310 1102 1404 1149 quod
1425 1103 1519 1136 unius
1529 1101 1604 1134 anni
1623 1098 1747 1133 fruetus

990 1151 1097 1186 tribus
1117 1151 1196 1185 totis
1206 1153 1298 1185 annis
1309 1153 1470 1198 populum
1486 1150 1669 1184 nutriverit.
1693 1147 1748 1181 Ad

992 1199 1170 1236 secundum
1182 1227 1192 1240 ,
1219 1201 1300 1236 Non
1313 1201 1436 1235 bellum
1450 1201 1499 1235 sed
1510 1211 1612 1234 annus
1624 1196 1749 1233 Sabba-

994 1251 1078 1292 ticus
1089 1260 1158 1285 tam
1175 1249 1230 1284 diu
1240 1252 1467 1298 agriculturam
1489 1248 1633 1284 inhibuit
1645 1274 1655 1287 ,
1674 1258 1752 1282 nam

995 1312 1064 1335 uno
1074 1311 1162 1334 anno
1176 1298 1298 1334 bellum
1317 1299 1380 1334 hoc
1400 1298 1591 1335 confestum
1603 1297 1648 1332 est
1658 1320 1666 1332 ‚
1682 1299 1755 1331 He-

998 1347 1085 1389 zckiae
1103 1347 1224 1383 scilicet
1243 1349 1374 1385 decimo
1386 1360 1502 1397 quarto
1515 1373 1525 1386 ‚
1549 1349 1644 1382 initio
1663 1347 1757 1381 enim

999 1399 1118 1434 decimi
1131 1399 1239 1446 quinti
1259 1399 1276 1433 a
1287 1399 1407 1435 morbo
1421 1401 1563 1434 levatum
1582 1396 1732 1444 oportuit
1744 1418 1756 1434 ,

1000 1458 1035 1484 ut
1046 1447 1304 1484 additamentum
1314 1449 1501 1497 quindecim
1513 1446 1761 1486 annorum,Re-

1001 1500 1058 1546 gni
1069 1497 1224 1534 vicesimo
1236 1511 1328 1533 nono
1341 1502 1374 1533 δ(
1388 1500 1461 1534 vitae
1472 1499 1594 1532 ultimo
1607 1495 1759 1541 complc-

1001 1559 1089 1583 retut
1099 1563 1112 1591 0,
1124 1549 1232 1594 itaque
1247 1560 1334 1583 anno
1345 1560 1477 1582 tanturn
1493 1560 1561 1581 uno
1573 1543 1668 1580 causa
1678 1542 1760 1578 belli

1002 1597 1043 1632 ab
1055 1596 1439 1646 agriculturaabstcntum
1455 1609 1462 1630 :
1489 1608 1577 1630 anno
1589 1606 1696 1629 autem
1709 1590 1764 1626 sed

1004 1648 1116 1684 cundo
1136 1648 1262 1683 vacavit
1282 1658 1365 1681 terra
1391 1648 1407 1681 ὲ
1425 1646 1515 1680 cultu
1544 1645 1590 1679 ob
1611 1642 1759 1678 Sabbati-

1006 1698 1124 1733 smum.
1157 1696 1205 1730 Ex
1218 1695 1400 1731 Pontificiis
1414 1694 1643 1742 Chronologis
1663 1692 1763 1740 pleri-

1007 1760 1070 1796 que
1083 1746 1212 1781 nullum
1223 1745 1273 1780 hic
1285 1758 1404 1780 annum
1416 1744 1627 1779 Sabbatieum
1639 1742 1762 1775 volunt

1009 1795 1182 1847 agnoscere
1194 1818 1204 1834 ‚
1233 1795 1283 1830 sed
1314 1794 1372 1830 hac
1392 1793 1535 1830 cessantis
1561 1792 1764 1840 agriculturae

1009 1847 1101 1882 causa
1115 1842 1258 1891 seposita,
1277 1846 1399 1879 nullam
1410 1845 1505 1877 aliam
1521 1843 1565 1876 illi
1578 1842 1680 1889 magis
1695 1840 1768 1874 ido-

1009 1908 1108 1930 neam
1130 1891 1288 1928 afferunt:
1315 1894 1413 1928 tertio
1431 1904 1519 1927 anno
1532 1892 1615 1926 nulli
1635 1891 1673 1925 de
1688 1886 1768 1924 terra

1009 1945 1133 1980 fructus
1147 1953 1221 1978 ante
1242 1942 1372 1978 messem
1391 1946 1423 1977 δι
1442 1941 1680 1977 vindemiamin
1690 1939 1769 1972 anni

1010 1993 1074 2029 fine
1090 1994 1202 2040 colligi
1222 2003 1417 2039 potuerunt.
1443 1991 1497 2025 Ad
1518 1991 1648 2024 tertium
1669 1986 1767 2034 Resp-

1011 2046 1102 2080 Licet
1113 2054 1186 2076 curn
1203 2041 1388 2076 Pontificiis
1399 2039 1507 2075 noster
1518 2041 1614 2074 etiam
1625 2035 1768 2084 Usherius

1011 2096 1044 2129 in
1059 2104 1184 2138 nupero
1196 2092 1253 2126 suo
1267 2100 1416 2126 accurato
1431 2088 1615 2129 Chronico,
1625 2083 1768 2125 Hezekiae

1011 2142 1166 2178 morbum
1188 2140 1352 2188 Affyriacae
1372 2140 1454 2174 cladi
1474 2148 1660 2185 praeponat,
1685 2135 1770 2169 Scri-

1012 2203 1140 2240 pturam
1159 2203 1270 2225 tamen
1288 2188 1347 2224 effe
1366 2188 1580 2236 sequendam,
1593 2198 1661 2221 tam
1679 2185 1713 2219 in
1728 2185 1773 2218 li-

1013 2242 1079 2278 bris
1104 2241 1234 2287 Regum
1257 2238 1353 2288 quam
1368 2239 1442 2286 Isaia
1457 2235 1601 2277 Hezekiae
1612 2233 1770 2271 morbum

1014 2290 1085 2340 post
1097 2287 1279 2324 senacherib:
1288 2286 1400 2335 fugam
1413 2299 1517 2322 narrat
1530 2305 1539 2326 ς
1560 2298 1664 2334 neque
1677 2285 1710 2317 in
1721 2282 1772 2316 hi-

1014 2339 1111 2376 storia
1130 2337 1248 2386 absque
1267 2337 1448 2374 necessitate
1466 2335 1629 2384 Prolepses
1652 2333 1772 2368 admit-

1014 2389 1117 2425 tenda:
1128 2388 1214 2422 sunt.

1067 2439 1171 2483 Qod
1191 2435 1327 2474 afferunt
1350 2435 1388 2470 de
1408 2433 1620 2484 promissione
1641 2431 1681 2466 ab
1701 2428 1772 2474 Isaia

1018 2488 1255 2523 convalescenti
1263 2487 1349 2532 Regi
1360 2484 1452 2523 facocsi,
1463 2485 1502 2518 de
1512 2482 1703 2518 liberatione
1714 2477 1775 2525 Ju-

1018 2537 1164 2571 daeorum
1193 2533 1211 2566 εὶ
1233 2545 1322 2567 metu
1343 2531 1557 2578 oppressionis
1585 2526 1771 2574 Assyriacae,

1020 2586 1111 2628 cujus
1121 2582 1246 2616 nullum
1259 2580 1427 2615 videbatur
1438 2578 1496 2615 effe
1515 2578 1691 2626 periculum
1703 2576 1775 2624 post

1020 2629 1204 2668 Senachembi
1219 2630 1329 2678 fugam
1341 2656 1349 2669 ‚
1360 2630 1449 2675 parvi
1462 2629 1526 2663 haec
1538 2627 1687 2675 exceptio
1698 2639 1774 2661 mo-

1021 2680 1304 2727 mentiest‚quidni
1315 2680 1404 2713 enim
1416 2673 1529 2713 amisso
1540 2689 1607 2711 uno
1619 2678 1773 2713 exercitu,

1022 2731 1124 2766 redire
1150 2742 1228 2764 mox
1264 2730 1409 2776 potuerit
1434 2728 1560 2771 Affyriae
1590 2725 1773 2761 Monarcha

1021 2793 1096 2816 curn
1109 2780 1210 2814 altero
1226 2777 1332 2813 multo
1345 2777 1509 2815 validiori,
1525 2786 1560 2809 ut
1574 2775 1698 2822 alonge
1708 2778 1775 2810 mi-

1022 2830 1095 2864 nori
1118 2829 1267 2875 Principe
1289 2825 1462 2865 Benhadado
1479 2827 1591 2871 Syriae,
1607 2823 1707 2873 paulo
1717 2837 1775 2873 ang

1023 2878 1071 2914 tea
1082 2876 1218 2913 fastum.

1156 2974 1462 3009 QUAESTIO
1504 2951 1642 3002 XXIII?

1112 3052 1165 3084 De
1183 3050 1317 3098 Regreffis
1334 3046 1402 3081 solis
1420 3043 1515 3081 diebus
1532 3044 1695 3083 Hezekiaea‘

1108 3128 1234 3165 Uaestio
1256 3127 1403 3163 vicesima
1424 3129 1535 3163 tertia:
1562 3128 1654 3169 Quid
1669 3126 1709 3161 de
1727 3138 1777 3161 re·-

1109 3177 1211 3230 gtcssu
1228 3179 1311 3214 Solis
1336 3176 1449 3262 ditibus
1473 3175 1615 3222 Hezektae
1637 3177 1778 3262 stagneum

1423 3238 1441 3260 2
1699 3230 1775 3260 um?
