2048 3343
130 976 180 1002 Dei
194 976 233 1002 ira
247 976 274 1002 in

132 1014 261 1052 Vespasiani

125 1055 264 1091 famtlcam.

142 2153 294 2192 Vespasianus

146 2194 222 2222 bonus
244 2199 293 2222 lm-

142 2241 246 2271 perator.

284 107 320 142 13
656 95 948 132 OPER1s

285 175 334 210 cul
347 174 363 207 a
370 171 577 207 Machaerunte
588 168 694 202 natura
702 170 732 201 &
741 176 802 200 arte
810 163 1037 199 munitissimam

285 223 409 258 tenebat
432 222 599 255 Eleazarus
619 229 690 250 cum
710 216 794 250 mille
813 214 921 249 sicariis
938 227 946 246 :
969 211 1040 246 cum

286 267 593 317 Romaniaggeribus
604 266 787 302 &machinis
795 263 967 312 supremum
975 275 1041 296 mu-

287 335 356 357 rum
369 321 506 354 invadere
519 327 657 364 pararent
670 339 678 352 ‚
705 316 874 349 Eleazarus
888 310 1042 359 desperata

289 371 379 406 salute
398 367 565 403 comitibus
578 365 737 413 persuasit,
764 375 796 397 ut
810 363 924 397 necatis
938 362 1043 395 uxori-

290 422 347 455 bus
360 423 391 454 &
404 419 506 452 liberis
518 417 571 465 ipsi
584 415 639 449 fibi
650 427 755 448 manus
768 411 925 449 inferrent,
938 412 1043 445 incen-

290 471 344 503 dio
357 466 500 515 corrupt&
512 466 606 514 quam
619 463 775 511 sperabant
786 464 920 498 vifiores
936 457 1043 506 praedfi.

290 517 500 554 Miserrimum
524 517 587 550 hoc
606 513 767 549 consilium
789 510 932 558 prompte
952 510 990 541 ab
1009 519 1044 539 0-

292 567 416 604 mnibus
431 566 631 600 libentissimis
645 562 820 596 executioni
838 561 941 593 datum
955 556 1008 590 est.

342 616 430 650 Totei
444 626 504 662 jam
517 616 634 649 domita
642 611 746 659 Judaefi
758 609 834 653 jussit
852 608 942 639 Titus
955 616 1044 653 agros

292 666 403 706 vendi3
429 664 567 700 nondum
586 674 687 696 tamen
706 658 827 692 subacta
844 654 904 690 fuit
924 655 1046 689 sicario-

294 728 362 750 rum
375 715 541 762 pervicacia
554 726 562 746 ε
588 723 656 744 nam
670 720 779 742 eorum
789 706 877 740 multi
890 706 922 738 in
933 707 1009 752 eAEg
1008 716 1046 751 y-

290 770 414 814 ptum&
425 768 549 811 cyrenen
562 759 711 806 fugientes
725 768 819 789 novas
832 755 876 788 ibi
885 752 1048 788 seditiones

294 825 399 848 contra
413 814 578 845 Romanos
592 806 798 841 moliebantur
811 818 819 838 :
841 801 890 836 sed
904 802 921 836 ἒι
934 803 1049 836 Genti-

293 863 372 897 libus
384 857 564 906 tempestive
577 858 612 891 acl
621 858 785 891 Romanos
797 852 897 890 delati,
912 864 981 886 cum
996 850 1049 884 ali-

294 921 372 960 quot
385 910 514 944 millium
527 907 607 942 caede
620 903 742 952 repressi
755 901 831 937 sunt.

341 958 526 994 Graviffima
539 957 603 991 haec
617 953 753 989 Domini
766 963 872 986 manus
885 950 916 984 in
924 949 1050 997 Judaeos

293 1009 368 1056 justa
381 1006 439 1042 fuit
451 1004 710 1041 crucifixiChristi
723 1007 754 1037 &
767 1001 939 1047 contempti
948 1000 1051 1032 Euan-

295 1059 365 1108 gelii
378 1058 509 1092 vindicta
519 1081 529 1096 ‚
556 1053 720 1089 secundum
733 1048 922 1085 manifestam
935 1046 1052 1082 Christi

295 1108 529 1156 praedifflonem
555 1103 668 1139 Matth.
685 1115 737 1148 24.
768 1099 817 1134 sed
837 1110 938 1134 tamen
959 1097 1053 1131 nimia

296 1160 516 1193 Romanorum
536 1155 567 1188 in
579 1166 634 1187 eos
646 1151 806 1187 crudelitas
819 1151 896 1183 Deo
911 1160 975 1181 non
989 1147 1052 1193 pla-

297 1208 375 1242 cuit:
389 1206 460 1240 hinc
468 1199 804 1247 maximaetemporibus
812 1198 870 1232 illis
878 1197 974 1231 clades
982 1197 1052 1230 Ro-

297 1258 394 1291 manis
407 1254 530 1288 inflietae
543 1250 619 1286 sunt.
653 1244 1051 1300 Qn&ipseVespasianus

297 1310 329 1340 &
342 1305 435 1338 Titus
451 1304 545 1348 (licet
557 1301 628 1335 alias
641 1299 753 1347 optimi
765 1297 985 1344 Imperatores)
999 1294 1053 1328 fla-

298 1354 411 1402 gellum
419 1353 484 1386 Dei
498 1364 564 1385 non
578 1347 750 1385 evaserunt:
766 1359 835 1380 nam
848 1345 939 1392 patris
951 1347 1053 1390 Impe-

298 1405 378 1438 rium
392 1403 427 1436 ad
441 1413 554 1448 paucos
569 1411 683 1438 annos,
701 1398 750 1431 vix
758 1394 943 1433 duodecim,
963 1394 1051 1426 dura-

298 1454 350 1491 vit,
365 1457 394 1486 &
408 1450 462 1484 filii
480 1449 578 1484 multo
591 1446 802 1495 paucioribus:
821 1445 915 1477 Titus
929 1442 1055 1478 enimin

298 1501 463 1547 juventutis
476 1499 554 1533 flore
567 1511 647 1531 anno
660 1496 784 1542 Imperii
798 1492 929 1527 secundo
943 1490 992 1526 seu
1008 1489 1055 1525 fe-

298 1551 348 1584 bri
362 1547 411 1583 seu
425 1546 524 1582 fratris
539 1546 713 1581 Domitiani
727 1543 839 1577 insidiis
857 1541 987 1575 sublatus
1000 1539 1053 1579 est,

299 1610 426 1645 totaque
440 1611 514 1631 mox
523 1594 693 1642 Vespasiani
703 1593 788 1639 stirps
796 1592 827 1625 in
834 1590 942 1626 miserti
949 1594 980 1626 &
988 1590 1054 1625 vio-

300 1649 382 1683 lenta
396 1646 574 1681 Domitiani
586 1655 688 1678 morte
701 1642 848 1676 eradicata
860 1640 915 1675 est.

358 1698 448 1731 Dum
460 1696 578 1729 divinus
591 1691 678 1727 furor
690 1691 816 1740 Judaeos
835 1689 973 1724 infideles
986 1689 1056 1723 ubi-

301 1759 361 1794 que
378 1743 608 1792 persequeretur
618 1767 629 1783 ,
658 1753 779 1790 paterna
793 1740 929 1774 Domini
941 1737 1057 1774 miseri-

302 1796 406 1831 cordia
420 1793 612 1828 Christianos
625 1790 886 1839 amplectebatur:
905 1789 1012 1823 divino
1025 1801 1058 1823 e-

304 1846 369 1880 nim
388 1844 437 1878 isti
452 1844 580 1878 oraculo
593 1842 705 1877 moniti
727 1842 782 1886 (ut
795 1839 889 1874 habet
901 1838 1056 1885 Sufibius)

304 1895 492 1940 reliquerunt
508 1905 618 1926 omnes
637 1888 886 1937 Hierosolymam
901 1888 992 1935 paulo
1006 1901 1060 1922 an-

305 1954 337 1978 te
356 1942 551 1976 obsidionem
563 1965 572 1981 ‚
599 1945 629 1976 &
649 1940 762 1974 Pellam
790 1939 867 1973 ultra
886 1938 1061 1986 Jordanem

306 1991 517 2027 concesserunt
530 2016 539 2031 ‚
571 1990 625 2024 ubi
643 1991 673 2023 in
694 2002 767 2037 pace
786 2001 840 2036 per
858 1989 995 2023 Domini
1008 1988 1061 2022 de-

306 2053 403 2076 xtram
421 2042 453 2075 in
471 2039 620 2075 saeviffima
637 2038 686 2073 illa
704 2037 883 2086 tempestate
896 2037 1062 2075 conservati

308 2090 383 2125 sunt.

355 2137 551 2185 Vespasianus
565 2136 716 2175 Caesarum
725 2137 861 2172 decimus
875 2136 1066 2172 Alexandriae

311 2199 520 2221 commoratus
535 2187 579 2220 est
589 2212 599 2226 ,
624 2200 694 2221 cum
719 2188 867 2219 Vitellium
880 2187 994 2220 Romae
1007 2199 1065 2219 cae-

310 2235 375 2270 sum
389 2234 598 2282 comperisset:
613 2246 646 2268 ut
659 2237 689 2268 in
703 2235 813 2268 urbem
820 2236 915 2272 venit,
929 2236 1065 2268 Senatus,

310 2285 463 2332 populus,
484 2284 656 2330 praetoriani
670 2307 679 2321 ,
702 2282 803 2316 obviis
818 2281 895 2314 ulnis
912 2280 1065 2326 accepdre.

309 2335 456 2379 Princeps
470 2334 498 2366 ei
513 2332 644 2365 studium
658 2329 715 2365 fuit
731 2329 884 2377 Rempub.
902 2326 1066 2376 praedeces-

310 2380 413 2416 sorum
420 2382 499 2415 vitiis
513 2378 672 2427 collapsam
685 2379 864 2414 restaurare:
878 2377 983 2412 adhoc
991 2390 1066 2424 prae-

308 2431 447 2466 standum
456 2429 550 2464 multa
558 2431 585 2463 ei
598 2441 676 2476 opus
689 2439 750 2463 erat
761 2427 906 2475 pecuni233
919 2426 997 2461 hanc
1010 2439 1067 2460 un-

306 2482 461 2527 diquaque
480 2478 605 2513 coarasit
623 2477 716 2526 usque
741 2478 777 2511 ad
797 2477 924 2512 avaritiae
952 2480 983 2511 ὃ(
1002 2474 1066 2509 sor-

307 2531 391 2564 dium
411 2526 567 2562 infamiam
582 2553 592 2567 ,
616 2527 665 2561 sed
679 2526 854 2573 acquisitam
873 2525 993 2572 optime
1007 2527 1066 2559 im-

307 2579 429 2626 pendit,
445 2579 475 2611 in
489 2578 609 2624 privatis
623 2574 790 2624 sumptibus
805 2575 989 2623 parcissimus
1002 2599 1013 2614 ,
1034 2576 1066 2608 in

309 2628 443 2662 aedificiis
456 2627 604 2674 publiciS,
624 2624 806 2660 sublevanda
816 2625 923 2672 populi
936 2637 970 2659 ac
984 2622 1066 2659 sena-

309 2688 412 2711 torum
429 2675 621 2710 sacultatibus
633 2673 786 2722 lapsorum
801 2675 909 2720 inopia
923 2673 1067 2707 liberalis-

310 2725 400 2759 simus
411 2740 420 2766 3
433 2725 541 2760 abello
554 2725 660 2762 omni,
674 2722 821 2770 quantum
834 2722 952 2769 potuit,
972 2721 1066 2755 absti-

312 2788 402 2809 nens:
415 2775 562 2822 templum
570 2774 635 2821 paci
648 2771 916 2818 splendidissimum
924 2770 1066 2805 constru-

311 2825 372 2863 xit,
393 2825 423 2857 in
436 2825 627 2872 quolegem,
648 2821 818 2868 sacrataque
827 2821 934 2867 templi
948 2821 1066 2854 Hiero-

311 2871 483 2919 solymitani
496 2873 575 2912 vasa,
597 2872 897 2919 aliaqueJudaeorum
911 2869 1004 2916 spolia
1017 2883 1067 2904 re-

312 2920 427 2969 posuit,
448 2935 582 2970 quorum
602 2920 713 2969 figuras
733 2922 816 2954 arcui
835 2919 1010 2966 triumphali
1030 2920 1067 2952 ad

314 2972 423 3017 pedem
442 2972 557 3006 montis
579 2971 706 3006 Palatini
720 2970 750 3003 in
771 2970 854 3003 hunc
873 2968 967 3015 usque
984 2969 1066 3002 diem

317 3021 428 3054 Romoe
449 3021 637 3068 permanenti
653 3043 661 3056 ‚
686 3018 830 3065 inscripsit
843 3033 851 3053 :
877 3019 893 3054 a
908 3017 1067 3052 fundendo

320 3069 410 3101 etiam
429 3071 664 3115 provocantium
689 3067 831 3117 sanguine
852 3067 1044 3103 aversissimus
1058 3081 1067 3108 ;

320 3117 398 3160 jocis
410 3128 442 3150 ac
457 3119 589 3152 dicteriis
602 3118 694 3166 usque
702 3120 738 3153 ad
745 3118 953 3153 scurrilitatem
968 3117 1067 3151 indul-

323 3166 430 3212 gebat:
444 3179 509 3213 quae
522 3168 558 3201 dc
571 3180 611 3201 eo
624 3167 738 3203 habent
752 3166 1046 3218 emagdeburgenses
1058 3190 1068 3207 ‚

1019 89 1458 128 HISTORICI

1079 162 1249 198 ssarom'us,
1262 162 1294 193 &
1307 158 1356 192 alii
1368 157 1573 198 recentiores,
1595 159 1700 192 omnia
1713 170 1748 192 ex
1762 161 1836 191 See--

1079 214 1156 244 tom'o
1164 207 1318 255 desumpta
1330 206 1413 248 sunt;
1433 208 1495 240 His
1508 209 1588 241 Dio.
1602 207 1702 242 saltem
1717 210 1781 253 ejus
1795 209 1840 242 E-

1082 258 1492 308 pitomatoerphz'linus‚vix
1501 257 1665 303 quicquam
1679 258 1771 291 addit.
1784 259 1841 291 F-

1082 311 1150 344 tatis
1163 321 1244 343 anno
1259 306 1443 355 sexagesimo
1458 318 1563 342 nono,
1585 307 1707 352 imperii
1720 306 1842 340 duode-

1084 361 1168 393 cimo
1182 382 1190 395 ,
1210 361 1241 391 in
1256 358 1325 392 villa
1342 357 1476 390 natalitia
1491 369 1526 389 ex
1541 352 1708 402 dysenteria
1722 357 1843 402 expira-

1084 409 1143 443 vit:
1163 407 1200 440 ad
1218 418 1390 440 extremum
1403 407 1450 441 vix
1468 406 1553 439 leito
1567 405 1755 439 decumbens
1767 428 1775 443 ‚
1793 403 1843 438 sed

1085 468 1174 490 more
1182 453 1274 489 solito
1287 457 1411 503 negotia
1422 455 1542 502 publica
1553 456 1682 488 tra&ans
1697 466 1766 487 cum
1779 452 1843 487 hoc

1085 503 1400 554 effato,Imperatorem
1412 504 1646 552 oportetstantem
1658 505 1745 536 mori.
1754 502 1817 536 Etsi
1826 503 1843 536 a

1085 552 1205 588 furente
1212 555 1302 601 plebe
1314 554 1364 588 hic
1378 554 1438 587 illic
1452 577 1462 592 ,
1488 552 1698 586 ministrorum
1713 551 1842 586 ecclefiae

1085 605 1202 652 aliquot
1226 617 1266 637 eo
1285 604 1451 650 imperante
1477 602 1653 648 martyrium
1672 601 1740 648 passi
1763 600 1819 634 sint
1831 625 1842 640 ‚

1085 655 1196 688 nuliam
1205 651 1265 700 ipse
1278 664 1379 687 tamen
1393 652 1424 685 in
1444 651 1639 685 Christianos
1652 648 1843 698 persecutio-

1086 716 1158 737 nem
1169 702 1298 737 instituit
1306 717 1314 743 3
1328 698 1533 748 Philosoplios
1542 700 1618 735 vero
1626 700 1752 748 gentiles
1761 697 1843 747 quasi

1087 752 1401 799 populicorruptores
1414 751 1521 784 Roma
1536 753 1665 797 expulit.

1134 802 1228 834 Titus
1247 799 1400 835 Caesarum
1413 800 1607 836 undecimus,
1630 798 1684 833 sub
1699 797 1843 833 Consulis

1088 850 1216 882 nomine
1234 850 1292 884 una
1311 862 1380 883 cum
1399 860 1483 895 patre
1495 849 1612 883 tantum
1625 861 1691 882 non
1711 849 1841 894 impera-

1088 899 1147 933 vit:
1178 909 1247 932 ante
1266 896 1350 932 suum
1364 898 1528 944 imperium
1548 911 1657 945 magna
1673 898 1842 931 multorum

1089 946 1217 995 suspicio
1232 945 1289 982 fuit
1302 948 1340 981 de
1353 949 1418 990 ejus
1430 946 1527 985 vitiis,
1543 947 1683 986 avaritia,
1698 946 1825 980 libidine
1835 970 1844 985 ‚

1089 1001 1120 1033 &
1134 997 1329 1037 crudelitate;
1345 994 1392 1030 sed
1403 1007 1435 1029 ut
1443 994 1576 1042 primum
1590 994 1669 1029 solus
1682 996 1846 1042 imperium

1090 1047 1215 1094 adeptus
1229 1046 1282 1086 est,
1298 1046 1397 1080 statim
1411 1045 1601 1093 apparuitvir
1613 1045 1629 1079 a
1641 1043 1721 1078 vitiis
1733 1043 1849 1078 alienis-

1092 1097 1193 1131 fimus.
1233 1099 1394 1129 &Berenicen
1417 1095 1514 1143 Regis
1533 1097 1668 1143 Agrippae
1686 1091 1847 1134 sororem,

1093 1147 1252 1180 mulierem
1265 1144 1544 1192 praestantissimam,
1558 1145 1662 1178 uxoris
1681 1155 1851 1191 propemo-

1093 1196 1165 1228 dum
1187 1194 1269 1240 justae
1285 1196 1358 1228 loco
1373 1194 1480 1228 habuit
1495 1208 1503 1234 ;
1530 1192 1577 1227 scd
1596 1204 1629 1227 ut
1644 1194 1763 1240 populo
1778 1205 1849 1226 cum

1088 1244 1195 1291 Judaea
1208 1245 1326 1290 nuptias
1339 1242 1495 1290 displicere
1509 1242 1663 1277 inaudiflet
1678 1267 1687 1282 ‚
1713 1243 1783 1277 licet
1803 1243 1851 1275 in—

1092 1293 1308 1332 vitus‚invitam
1322 1292 1443 1327 dimisit.
1451 1291 1590 1326 Tantum
1604 1289 1705 1325 abfuit
1718 1291 1850 1326 acrude-

1091 1343 1189 1381 litate,
1203 1353 1236 1377 ut
1249 1340 1391 1376 Pontifex
1404 1344 1552 1376 maximus
1565 1341 1632 1375 fieri
1645 1342 1794 1380 voluerit,
1809 1353 1849 1373 eo

1093 1393 1220 1426 nomine
1233 1405 1271 1425 ne
1286 1392 1348 1425 ullo
1362 1391 1503 1439 sanguine
1516 1403 1621 1424 manus
1640 1391 1851 1424 commacula-

1093 1452 1149 1476 ret.
1176 1441 1222 1475 ΕΞ
1236 1452 1298 1474 erat
1311 1442 1342 1474 in
1360 1441 1569 1474 liberalitatem
1578 1439 1801 1486 propensione,
1816 1451 1851 1473 ut

1093 1490 1114 1524 si
1126 1503 1219 1538 quem
1233 1491 1314 1523 diem
1328 1488 1441 1536 absque
1453 1490 1485 1522 in
1501 1489 1632 1535 aliquem
1647 1487 1851 1521 beneficentia

1092 1538 1290 1585 transegisset,
1302 1539 1332 1572 in
1341 1537 1431 1572 coend
1438 1537 1578 1585 profiteri
1591 1535 1625 1571 sit
1638 1534 1756 1575 solitus,
1773 1540 1853 1569 ami-

1093 1592 1121 1622 cz'
1132 1589 1211 1621 diem
1220 1587 1415 1636 perdidimus.

1141 1636 1379 1684 Propensissimae
1397 1639 1462 1682 ejus
1481 1636 1512 1670 in
1528 1648 1637 1670 omnes
1656 1633 1783 1670 miseros
1798 1634 1853 1668 be-

1094 1687 1247 1735 nignitatis
1261 1686 1444 1734 prodendae,
1460 1684 1589 1734 insignes
1601 1686 1633 1719 in
1647 1688 1711 1730 ejus
1725 1685 1853 1719 biennio

1095 1737 1276 1772 calamitates
1290 1736 1420 1784 publicae
1432 1736 1562 1783 amplam
1576 1734 1768 1770 occasionem
1778 1747 1855 1780 prae-

1095 1786 1199 1822 budre.
1225 1789 1323 1821 Mons
1340 1784 1484 1822 Vesuvius
1498 1787 1529 1819 in
1538 1783 1703 1833 Campaniass
1715 1795 1764 1819 tot
1772 1783 1855 1818 subi-

1097 1837 1132 1871 to
1146 1836 1299 1876 flammas,
1315 1834 1395 1876 saxa,
1414 1834 1590 1883 cineresque
1603 1835 1757 1874 evomuit,
1772 1833 1854 1867 utvi-

1098 1888 1179 1922 cinas
1188 1887 1305 1934 aliquot
1319 1885 1409 1920 urbes
1418 1910 1428 1925 ,
1451 1882 1625 1932 multosque
1638 1883 1783 1918 mortales
1795 1882 1856 1916 ob-

1100 1938 1210 1976 ruerit,
1229 1946 1404 1984 tantamque
1416 1947 1490 1969 mox
1503 1934 1619 1982 pestem
1632 1932 1830 1968 concitaverit
1842 1955 1853 1971 ,

1102 1998 1134 2021 ut
1145 1988 1178 2021 in
1191 1987 1280 2021 Urbe
1295 1997 1387 2033 atque
1406 1983 1495 2018 Italici
1516 1984 1753 2032 quamplurimas
1766 1979 1858 2015 fami-

1102 2037 1153 2071 lias
1166 2036 1348 2084 perdiderit:
1363 2035 1441 2092 ignis
1454 2035 1545 2068 etiam
1559 2034 1596 2068 de
1609 2033 1692 2067 coelo
1705 2032 1777 2067 illud
1787 2032 1858 2064 Ro-

1103 2099 1159 2121 mae
1173 2086 1278 2121 medio
1291 2085 1466 2120 incendium
1481 2084 1619 2117 excitavit
1630 2107 1640 2121 ,
1663 2081 1748 2127 quod
1761 2080 1858 2112 tribus

1102 2137 1177 2171 totis
1190 2136 1298 2171 diebus
1314 2159 1323 2174 ,
1347 2135 1441 2167 varias
1455 2133 1550 2167 Urbis
1564 2131 1704 2177 regiones
1717 2152 1727 2168 ,
1747 2129 1858 2161 multa-

1103 2198 1163 2232 que
1176 2185 1295 2232 publica
1303 2182 1429 2216 aedificia
1441 2183 1471 2214 in
1481 2182 1595 2214 cineres
1605 2178 1856 2225 redegit:divina,

1103 2244 1136 2266 ut
1150 2244 1226 2276 puto
1238 2255 1248 2269 ‚
1271 2229 1565 2275 Hierosolymorum
1584 2228 1776 2261 incensorum
1791 2227 1859 2259 vin-

1103 2281 1184 2313 dic'm
1202 2280 1265 2313 baec
1281 2277 1346 2312 suit.
1373 2280 1540 2324 Utcunque
1556 2301 1564 2313 ‚
1593 2277 1668 2310 totis
1681 2275 1796 2309 viribus
1811 2276 1858 2308 in-

1103 2328 1210 2363 cubuit
1220 2330 1315 2363 Tttm,
1324 2338 1356 2360 ut
1370 2326 1489 2373 publica
1503 2325 1567 2359 liaec
1576 2323 1727 2372 dispendia
1741 2334 1859 2370 repara-

1103 2388 1159 2411 ret.
1188 2379 1278 2411 Dum
1297 2378 1328 2409 in
1341 2376 1387 2409 his
1400 2374 1443 2409 est
1457 2400 1467 2414 ,
1493 2376 1523 2408 in
1537 2387 1682 2423 magnum
1694 2374 1801 2422 populi
1814 2374 1859 2407 le-

1102 2439 1208 2462 vamen
1221 2439 1254 2460 ac
1268 2424 1407 2459 solatium
1417 2450 1426 2465 ,
1440 2422 1535 2459 fatum
1551 2424 1696 2472 oppreffit
1710 2424 1776 2458 vitae
1784 2435 1860 2470 qua-

1102 2475 1273 2523 dragesimo
1293 2476 1411 2522 primo,
1430 2475 1552 2522 imperii
1571 2474 1704 2508 secundo
1717 2497 1728 2512 ,
1744 2471 1795 2514 ‘seu
1809 2485 1860 2506 ve-

1102 2538 1185 2560 neno
1200 2526 1216 2560 a
1229 2523 1319 2559 fratre
1333 2527 1525 2563 Domitia-ao,
1541 2522 1589 2557 seu
1601 2521 1680 2556 febri
1695 2522 1710 2555 εἰ
1723 2523 1807 2556 Deo.

1139 2575 1342 2610 Domitianus
1355 2574 1557 2609 duodecimus
1565 2570 1715 2607 Caesarum
1730 2569 1860 2618 pravissi-

1103 2626 1145 2659 mi
1154 2625 1269 2669 juvenis
1278 2624 1471 2671 ingenii,tam
1484 2623 1558 2669 patri
1567 2634 1658 2669 quam
1666 2619 1747 2655 fratri
1756 2619 1858 2667 smpius

1859 806 1964 843 Titussu
1979 816 2010 833 ra

1859 856 1971 874 nmmum

1856 886 1919 924 spem
1945 887 2013 921 opti-

1859 936 1915 953 mus
1929 930 2007 963 Impe-

1861 974 1936 993 rator.

1869 1637 1980 1665 Vindic‘h:

1867 1676 2003 1714 Hterosoly-

1867 1726 1973 1746 morum.

1874 2587 1999 2614 Domitia-

1873 2636 1918 2653 nrti
1935 2637 1965 2653 cx
1979 2626 2024 2664 hy-

1103 2674 1221 2707 insidias
1235 2674 1422 2711 tetenderat,
1440 2670 1611 2718 praefestine
1625 2671 1744 2704 inhians
1761 2671 1856 2714 impe·
1868 2666 2024 2703 pocrftdma-

1095 2724 1162 2765 ,rio.
1177 2723 1264 2756 Utin
1277 2721 1415 2755 Throno
1425 2721 1498 2755 sedit
1511 2733 1575 2755 uno
1589 2732 1638 2755 aut
1651 2720 1747 2754 altero
1759 2729 1857 2756 anno,

1103 2784 1245 2819 magnam
1259 2772 1362 2805 omnis
1376 2772 1496 2806 virtutis
1510 2768 1591 2817 spem
1606 2768 1697 2807 fecit3
1713 2767 1855 2813 iniquita-

1102 2832 1165 2855 tem
1185 2821 1386 2866 judicantium
1409 2819 1488 2855 adeo
1511 2819 1610 2854 severe
1623 2815 1806 2863 castigabat,
1824 2826 1857 2850 ut

1102 2882 1163 2905 tam
1178 2872 1209 2904 in
1222 2871 1310 2906 Urbe
1319 2895 1329 2910 ,
1344 2870 1436 2918 quam
1449 2868 1620 2904 Provinciis
1635 2878 1675 2899 eo
1687 2866 1855 2911 imperante

1102 2919 1291 2965 magistratus
1312 2932 1421 2952 omnes
1445 2918 1535 2951 solito
1552 2916 1703 2963 aequiores
1728 2919 1759 2949 ὃ(
1784 2928 1856 2949 mo-

1102 2968 1250 3002 destiores
1262 2968 1431 3005 extiterint;
1446 2966 1526 2999 nulla
1533 2966 1673 3004 avaritiae,
1690 2962 1738 2999 sed
1747 2977 1856 3012 magna

1102 3017 1289 3051 liberalitatis
1307 3015 1388 3063 signa
1400 3015 1575 3062 aliquandiu
1589 3014 1719 3053 edebat,
1742 3014 1856 3048 adulte-

1103 3068 1238 3106 riorum,
1251 3072 1282 3103 δε
1296 3065 1397 3099 omnis
1411 3063 1579 3112 spurcitiei,
1592 3064 1730 3111 inprimis
1745 3064 1776 3098 in
1789 3066 1856 3098 Ve-

1103 3116 1244 3156 stalibus,
1270 3114 1384 3150 severus
1403 3113 1459 3149 fuit
1476 3114 1603 3154 vindex;
1623 3114 1732 3151 horam
1750 3113 1855 3159 quoti-

1104 3166 1153 3201 die
1170 3166 1306 3201 solitariae
1324 3165 1517 3201 meditationi
1531 3164 1706 3204 dedicabat,
1721 3161 1769 3197 sed
1788 3175 1854 3196 eam

1755 3221 1853 3247 totam

1871 2706 1973 2742 mfistm
1995 2716 2022 2733 e-

1871 2745 1939 2780 vasit
1955 2754 1991 2783 ty-

1871 2795 1977 2813 rannus.
