2048 3343
19 728 22 762 l

0 1210 3 1239 i
43 1207 164 1248 agir&

0 1252 1 1270 ἶ
44 1252 181 1278 Cleomenes

0 1282 14 1327 ll
38 1289 161 1330 perditam

43 1335 141 1370 sparte

0 1379 1 1383 ¹
39 1379 158 1410 ¹pistorem

40 1413 159 1448 restitum

41 1455 127 1483 emati-

7 1508 11 1601 l

451 90 518 118 ετ
574 79 1261 119 Cnnouotocxcr

207 161 264 198 ciis
281 155 325 194 &¹
337 152 524 192 civitatibus
546 153 597 190 vel
610 152 819 201 Rernmpub.
831 151 882 186 vel
894 151 964 196 Ty-

203 208 379 246 tannidum
394 205 571 250 Dynastiis.
599 205 790 239 AEtolorum
803 211 962 234 montana

203 257 385 294 colentium
396 279 406 296 ,
426 254 556 289 robusta
578 255 724 287 virorum
736 251 902 296 rapacium
913 246 963 282 so-

204 306 441 348 cietas,vicinis
453 302 606 338 omnibus
617 299 698 346 saepe
707 298 842 334 molesta
853 301 960 345 longo

204 367 362 403 tempore
381 354 504 400 viguit.
539 354 575 384 ln
594 344 831 396 Peloponneso
853 346 961 381 Achaei

206 406 317 440 multis
334 402 471 439 urbibus
484 426 494 441 ,
514 400 600 435 Arati
615 397 899 444 Sicyoniiprudenti
913 398 961 430 in-

207 454 328 491 dustria
347 457 381 488 δε
400 452 610 498 Philopoemenis
631 447 750 495 magnai
771 444 961 481 fortitudine

204 507 238 540 in
251 499 619 551 Rempub.c0njunctis
636 496 829 545 aliquandiu
839 496 962 531 florue-

203 566 238 589 re
258 568 266 589 z
286 550 533 589 Lacedaemonii
545 552 578 583 &
594 544 811 582 Athenienses
820 559 856 580 ex
866 544 964 594 priscii

203 603 307 652 gloria
317 600 425 638 adhuc
439 597 569 647 superbi
590 622 600 638 ,
627 597 725 631 nullis
735 595 764 631 se
783 595 900 642 sponte
913 595 964 628 vel

201 651 358 698 iubjicere
371 649 422 685 vel
432 647 557 683 sociare
568 645 746 682 volebant:
768 644 846 679 licet
859 642 965 678 Athe-

202 701 329 738 nienses
341 699 382 736 co
393 698 597 734 infirmitatis
606 692 859 732 deveniffent,ut
869 690 964 740 supra

202 763 272 787 tres
283 762 382 785 naves
394 747 509 796 easque
526 758 656 794 apertas
667 756 737 778 non
750 741 966 790 poffiderent,

202 814 265 837 nec
286 800 340 834 sua
359 809 454 833 extra
472 809 586 831 muros
605 805 725 829 contra
750 791 965 840 quoscunque

202 851 387 897 velpiratas
404 850 437 882 in
460 847 540 881 mari
560 871 570 885 ‚
596 844 648 878 vel
665 843 811 876 latrones
832 842 864 874 in
876 851 963 875 terra

203 900 302 934 tutari
315 900 461 934 valerent
477 892 741 930 :Lacedaemonii
753 903 882 928 autem,
899 891 962 936 pri·

203 949 257 985 sci
280 949 397 997 Lycurgi
426 941 597 992 disciplina
626 942 770 978 omnino
798 938 962 973 oblivioni

200 997 320 1034 tradita
332 1009 401 1030 non
413 1002 626 1032 numerarent
641 990 730 1037 supra
741 990 826 1023 cives
838 987 961 1034 septiuss

199 1058 343 1096 gentos,
359 1055 503 1093 quorum
525 1041 583 1076 soli
603 1050 736 1075 centum
749 1035 960 1081 poffidebant

199 1109 312 1146 agros,
323 1095 428 1130 caeteri
439 1101 596 1140 pauperes
605 1088 623 1123 a
632 1085 808 1123 ditioribus
819 1083 959 1133 oppreffi

200 1144 376 1195 generosos
388 1145 552 1186 majorum
572 1138 702 1186 spiritus
721 1136 958 1184 deposuerunt.

202 1198 276 1230 Rex
289 1195 354 1241 Agis
362 1189 553 1227 fortiffimus
563 1186 752 1222 adolescens
768 1185 810 1219 ad
821 1183 958 1233 priscam

200 1246 358 1279 virtutem
378 1238 561 1289 &gloriam
575 1236 733 1286 aspirans,
752 1233 957 1282 disciplinam

199 1294 370 1339 antiquam
390 1302 452 1339 pto
465 1287 590 1324 viribus
609 1285 775 1322 nitebatur
792 1296 958 1324 revocate,

199 1341 255 1378 sed
267 1343 339 1377 Rex
351 1340 431 1374 alter
441 1340 572 1375 Leonidas
582 1338 615 1370 in
630 1337 702 1371 aula
715 1331 847 1370 Antiochi
859 1332 957 1368 Alia-

199 1393 272 1427 ticis
293 1389 443 1426 moribus
460 1387 612 1423 imbutus
629 1399 691 1435 pro
711 1385 857 1434 praesenti
877 1382 957 1418 luxu

195 1440 312 1478 stabat.
346 1436 411 1491 Agis
437 1441 556 1490 Lycurgi
580 1436 687 1484 legem
712 1433 886 1475 renovavit
913 1432 955 1468 de

194 1493 281 1540 agris
291 1490 458 1537 aequaliter
471 1490 556 1521 inter
567 1498 685 1521 omnes
698 1486 785 1518 cives
797 1482 957 1518 dividun-

194 1542 297 1582 dis‚&
311 1539 515 1573 remittendis
525 1531 790 1572 debitis.Divifio
800 1544 954 1581 agrorum

195 1594 232 1627 ὃ(
246 1586 388 1624 remissio
402 1586 594 1622 debitorum
609 1582 955 1622 multitudinicivium‚

195 1641 255 1687 qui
280 1636 391 1673 nullos
414 1635 584 1671 habebant
603 1646 700 1684 agros
721 1636 756 1669 &
777 1633 954 1666 minimum

197 1691 287 1730 aeris,
299 1684 474 1736 gratissima
487 1683 550 1720 fuit
564 1710 575 1726 ,
593 1683 644 1718 sed
657 1682 836 1718 ditioribus
847 1683 956 1729 ingra-

199 1736 330 1774 tiffima.
362 1738 452 1771 Cum
465 1735 514 1770 his
524 1732 556 1768 se
573 1735 678 1781 jungit
690 1733 828 1769 Leonidas
840 1741 957 1766 contra

196 1789 295 1835 Agidis
306 1787 502 1821 novationes
515 1809 526 1826 ,
541 1782 663 1818 fortior
673 1783 768 1830 Agidis
776 1779 878 1815 factio
890 1788 956 1815 Leo-

197 1839 298 1871 nidam
308 1835 401 1884 pellit
413 1837 446 1868 in
458 1834 602 1874 exilium,
613 1833 746 1878 ejusque
756 1831 832 1865 loco
842 1830 957 1866 Cleom-

196 1883 311 1921 brotum
333 1885 465 1933 Regem
485 1894 575 1919 creat
602 1896 613 1917 ·.
642 1883 734 1929 Agidis
744 1877 956 1915 confiliariiin

197 1946 259 1970 aere
288 1934 396 1968 alieno
422 1931 583 1982 profundi
609 1932 800 1968 debitorum
828 1928 956 1964 tabulas

396 1981 406 1993 X

160 2002 165 2003 ν
196 1985 448 2032 quamprimum
472 1980 707 2018 rescindendas
725 1991 838 2014 curant
863 2004 874 2021 ‚
901 1977 956 2013 sed

194 2033 381 2069 multorum
394 2031 652 2068 latifundiorum
664 2031 792 2066 domiui
801 2040 957 2077 agrorum

196 2081 395 2119 divisionem
410 2080 694 2129 procrastinabant
705 2079 801 2114 :hinc
813 2076 958 2127 populus

194 2134 324 2168 alienos
334 2143 432 2181 agros
445 2129 634 2178 poffidendi
651 2129 704 2177 spe
715 2129 820 2176 lapsus
835 2131 954 2162 iterum

195 2184 431 2223 tumultuatur,
442 2184 477 2216 δε
487 2191 644 2215 revocato
654 2175 778 2215 Leonida
793 2179 957 2225 Agidemac

198 2232 410 2267 Cleombrotum
429 2232 550 2265 carceri
570 2228 760 2265 includunt.
794 2227 956 2261 Truditur

197 2282 391 2316 cleombrotus
421 2281 454 2314 in
478 2278 609 2314 exilium
649 2292 659 2312 ι
695 2282 761 2329 Agis
791 2275 857 2311 una
878 2288 955 2310 cum

199 2340 306 2362 matre
315 2332 348 2363 δε
361 2327 430 2363 avia
440 2326 614 2364 lestiffisnis
625 2325 771 2361 foeminis
783 2328 815 2359 in
828 2337 956 2360 carcere

200 2375 243 2410 ab
271 2379 381 2422 Ephoris
409 2376 655 2424 strangulantur.
699 2373 831 2409 Leonidas
859 2374 955 2421 Agidis

199 2437 340 2460 uxorem
364 2423 436 2458 filio
457 2424 515 2458 suo
539 2426 682 2460 Cleomeni
699 2425 792 2471 cogit
810 2423 955 2464 nubere,

199 2473 391 2509 adolescens
410 2475 551 2522 ingentis
575 2474 677 2508 animi
695 2474 825 2506 ardenti
850 2474 957 2506 uxoris

200 2536 315 2559 amore
336 2534 450 2570 captus
467 2548 477 2564 ,
504 2535 561 2570 per
580 2535 651 2557 eam
670 2522 702 2555 in
722 2522 839 2568 prioris
850 2521 957 2555 mariti

201 2575 295 2620 Agidis
317 2572 459 2620 Reipub.
477 2570 698 2607 reformandae
711 2570 816 2605 studia
829 2582 955 2617 pertra-

200 2621 300 2656 hitur.
337 2621 475 2657 Mortuo
494 2633 585 2670 patre
602 2620 813 2668 expeditione
823 2618 886 2654 una
896 2630 954 2654 aut

200 2670 302 2707 altera
316 2671 475 2706 Cleomenes
486 2674 519 2705 in
532 2671 618 2705 solio
635 2669 848 2705 confirmatus
861 2671 952 2715 Ephos-

198 2733 243 2756 ros
253 2721 683 2756 contrucidat'‚debitorum
697 2718 822 2753 tabulas
833 2718 954 2753 rescin-

199 2770 265 2810 dit,
279 2782 375 2817 agros
386 2768 553 2815 aequalitet
566 2769 695 2808 dividit,
703 2772 819 2818 Lycurgi
831 2768 954 2802 statutis

197 2820 299 2853 vitam
311 2818 577 2855 reddit,millibus
588 2820 714 2864 aliquot
726 2819 872 2851 virorum
883 2814 952 2850 for-

199 2868 284 2901 tium
302 2880 340 2902 ex
358 2869 478 2903 vicinia
488 2870 603 2903 eiectis
618 2879 670 2912 jus
682 2866 820 2901 civitatis
832 2865 952 2907 donat,

198 2918 372 2951 exercitum
401 2917 484 2952 bene
507 2929 662 2967 magnum
690 2914 814 2950 format
833 2914 874 2949 ad
886 2917 951 2963 pri-

199 2963 282 3000 scam
305 2965 506 3012 disciplinam
523 2993 533 3009 ,
563 2966 698 3001 Achaeos
718 2966 816 3000 toties
827 2965 952 3013 magnis

200 3013 319 3062 praeliis
338 3015 456 3056 vincit,
472 3028 508 3051 ut
527 3015 584 3063 ipfi
597 3017 640 3051 ad
654 3017 825 3064 Antigonum
837 3015 953 3049 Mace·

199 3065 324 3099 donem
347 3062 502 3110 fugerint.
542 3067 633 3114 Soepe
654 3067 762 3100 viStot
782 3067 953 3104 Cleomenes,

201 3125 277 3148 cum
292 3110 414 3146 Achaexs
429 3112 511 3148 serio
527 3117 592 3161 egit
611 3126 647 3149 ut
659 3115 778 3150 vellent
788 3117 895 3148 vivete
914 3115 948 3147 in

202 3174 284 3210 pace
300 3186 311 3204 ,
339 3160 420 3196 nihil
431 3162 516 3199 aliud
527 3162 544 3198 ὲ
556 3165 647 3213 Ῡίἃίς
657 3167 791 3215 exigens
801 3162 902 3212 quam
916 3174 952 3199 ut

1316 78 1495 122 L113.1.
1682 79 1766 131 '219

1009 163 1103 187 more
1140 155 1306 196 majorum
1342 153 1607 191 Lacedaemoniis
1638 154 1767 192 militiae

1012 203 1130 236 Graecae
1146 203 1367 251 principatum
1380 206 1617 242 concederent.
1636 207 1677 240 Et
1687 204 1767 243 vero

1009 247 1030 281 st
1058 251 1167 289 Achaei
1184 253 1216 286 in
1233 251 1448 298 oequiffimam
1469 254 1557 289 illam
1586 259 1620 290 &
1639 256 1765 291 Graeco

1008 302 1139 334 nomini
1156 300 1522 337 honorificentissimam
1535 305 1766 340 conditionem

1007 347 1249 391 consensissent,
1263 352 1296 384 in
1306 351 1464 398 proximo
1475 354 1635 389 Cleomenes
1645 354 1716 392 l'uit,
1728 364 1767 388 ut

1006 396 1181 443 collapsam
1194 402 1336 433 omnino
1350 402 1540 435 Graecorum
1553 401 1628 435 cum
1641 400 1765 437 simam

1008 455 1078 480 tum
1092 449 1246 482 virtutem
1257 448 1506 497 redintegraret,
1515 449 1568 484 sed
1581 451 1767 497 pravissima

1008 497 1094 530 Arati
1103 498 1244 532 ambitio
1256 521 1263 533 ,
1279 499 1449 547 nimiaque
1459 500 1545 548 apud
1558 500 1696 534 Achaeos
1706 513 1766 535 au-

1010 546 1148 581 steritas
1159 560 1218 594 pro
1230 547 1316 593 justo
1331 549 1484 583 Cleomenis
1499 550 1686 598 principatu
1703 548 1764 583 ser-

1008 593 1070 629 vile
1081 596 1308 632 Macedonum
1319 601 1435 645 jugum
1447 610 1588 632 attraxit.
1623 601 1658 633 ln
1670 611 1765 633 com-

1009 646 1103 678 muni
1121 646 1315 681 Achaeorum
1338 649 1497 684 Concilio
1516 646 1671 694 persunlit
1685 655 1764 684 Ara-

1009 702 1052 728 tus
1064 717 1074 733 ‚
1096 705 1133 729 ut
1143 698 1296 743 Antigonus
1305 708 1478 731 vocaretur
1487 699 1521 732 in
1533 710 1632 745 opem
1645 709 1764 733 contra

1010 742 1189 780 Cleomenem
1200 771 1210 786 ‚
1230 744 1345 782 tradita
1357 746 1389 779 iu
1400 750 1469 791 ejus
1485 759 1599 782 manus
1613 747 1763 796 (magno

1008 791 1083 827 fidei
1095 796 1248 841 pignore)
1266 797 1466 831 Acrocorintho
1478 822 1488 837 ‚
1509 796 1580 830 vera
1591 800 1695 832 totius
1707 803 1767 834 Pe-

1006 842 1183 889 loponnest
1194 854 1286 885 arce5
1306 857 1443 880 vocatus
1454 845 1540 880 adest
1555 858 1591 880 ex
1603 848 1769 882 Macedo-

1008 894 1062 924 nia
1072 894 1227 938 Antigonus
1238 905 1312 926 cum
1324 894 1452 941 ingenti
1463 897 1613 930 exercitu-
1636 899 1768 933 cleome-

1007 951 1053 974 nes
1076 940 1151 988 post
1178 951 1350 975 cruentam
1378 955 1522 990 pugnam
1551 946 1767 981 multitudine

1006 986 1151 1025 hostium
1172 988 1342 1038 oppressus
1362 1016 1372 1031 ‚
1398 993 1518 1037 paratis
1534 1005 1610 1028 ante
1630 996 1772 1030 navibus

1006 1035 1093 1085 fugit
1105 1042 1137 1073 in
1149 1043 1329 1088 AEgyptum
1345 1066 1354 1082 ,
1371 1042 1429 1075 ubi
1446 1039 1549 1075 amice-
1562 1053 1713 1089 acceptus
1724 1043 1770 1078 est

1007 1085 1024 1120 a
1047 1091 1190 1125 Ptolemaeo
1208 1096 1359 1137 mergere,
1386 1092 1442 1136 qui
1465 1089 1686 1136 pollicebatur
1699 1102 1769 1127 tam

1006 1137 1171 1173 terrestres
1180 1138 1282 1183 quam
1301 1142 1433 1174 navales
1452 1141 1566 1186 copias
1581 1140 1705 1187 quibus
1717 1145 1770 1175 r‘e-

1006 1187 1182 1223 duceretur
1197 1190 1230 1222 in
1255 1200 1394 1235 regnum
1424 1201 1432 1223 z
1463 1187 1516 1223 scd
1543 1190 1695 1224 veniente
1721 1188 1766 1225 ad

1004 1237 1166 1272 thronum
1183 1240 1360 1285 Philopatore
1376 1235 1586 1273 effoemtnato
1602 1239 1766 1286 Principe,

1004 1286 1067 1321 istae
1076 1286 1147 1334 spes
1159 1289 1303 1323 Cleomeni
1315 1286 1534 1322 decollarunt.
1562 1288 1651 1322 Cum
1666 1300 1765 1338 urge-

1004 1347 1052 1371 ret
1079 1336 1242 1373 redeundi
1267 1338 1301 1370 in
1328 1339 1469 1384 patriam
1494 1338 1695 1385 potestatem
1714 1339 1766 1374 vel

1004 1399 1080 1421 cum
1093 1385 1147 1421 sua
1159 1386 1226 1422 sola
1237 1384 1364 1420 familia
1376 1411 1385 1424 ‚
1403 1399 1444 1422 ne
1462 1388 1494 1420 id
1513 1390 1690 1435 impetrare
1703 1398 1769 1434 poq

1004 1437 1077 1472 tuit.
1104 1436 1220 1483 Sofibius
1238 1438 1318 1472 aulae
1340 1437 1523 1483 Philopatoris
1540 1435 1763 1485 gubernator,

1004 1485 1232 1521 animadverso
1244 1487 1311 1520 acri
1331 1488 1490 1521 Cleomenis
1501 1487 1637 1535 ingenio
1657 1512 1666 1524 ,
1696 1497 1769 1520 rne-

1003 1534 1119 1570 tuebat
1128 1546 1168 1570 ne
1178 1533 1201 1569 s1
1212 1547 1350 1583 regnum
1362 1534 1455 1570 suum
1467 1542 1701 1582 recuperaret(
1710 1537 1769 1569 leo-

1001 1584 1214 1632 menes‚probe
1225 1583 1374 1619 conscius
1384 1583 1584 1619 infirmitatis
1593 1585 1768 1633 AEgyptio-

1001 1647 1075 1672 rum
1086 1660 1095 1677 ,
1104 1647 1195 1669 arma
1207 1645 1323 1669 contra
1335 1637 1517 1670 Ptolemaeum
1527 1646 1688 1675 verteret;
1705 1636 1768 1668 ira-

1002 1697 1068 1733 que
1084 1685 1253 1722 dimittere
1270 1696 1339 1718 non
1358 1683 1451 1718 ausus
1463 1686 1595 1728 conjicit
1608 1685 1642 1716 in
1656 1695 1766 1718 carce-

1788 503 1876 533 Arata·

1784 545 1886 572 ambitio

1786 585 1923 617 Macedon&

1786 628 1905 666 Pelopon-

1784 671 1927 712 nesumJi-aeg'

1784 708 1828 740 die.

1002 1747 1085 1770 rem.
1120 1737 1181 1769 Vir
1203 1735 1432 1783 magnanimus
1452 1734 1535 1768 nihil
1553 1732 1635 1768 ultra
1651 1735 1784 1780 gratiae·

1004 1785 1182 1831 expedimus
1195 1808 1205 1824 ,
1227 1796 1266 1817 ne
1278 1795 1310 1816 in
1326 1784 1458 1818 carceris
1469 1783 1597 1829 pedore
1606 1781 1770 1816 consene-

1003 1833 1104 1869 sceret
1123 1857 1134 1873 ‚
1161 1831 1347 1867 custodibus
1367 1835 1449 1867 vino
1469 1832 1582 1881 sopitis
1604 1843 1680 1866 cum
1702 1829 1766 1866 suis

1003 1883 1152 1931 erupitin
1171 1882 1368 1916 Alexandriae
1382 1882 1480 1915 strata
1496 1905 1506 1923 ,
1533 1882 1678 1916 invitans
1689 1882 1765 1929 ple-

1003 1933 1080 1968 bem
1092 1933 1133 1966 ad
1144 1931 1325 1967 libertatem
1337 1943 1345 1964 τ
1357 1930 1411 1968 sed
1423 1928 1500 1966 cum
1512 1942 1615 1965 nemo
1623 1929 1765 1965 hortan-¹

1004 1996 1070 2018 tem
1083 1980 1229 2022 audiret,
1241 1993 1351 2026 neque
1362 1983 1459 2015 etiam
1472 1981 1649 2026 quisquam
1662 1980 1767 2014 aude-

1004 2030 1239 2067 retinvadere,
1254 2030 1322 2077 ipse
1341 2027 1489 2076 sociique
1510 2027 1766 2062 fibimanusin-

1003 2083 1160 2117 tulerunt.
1176 2081 1331 2114 Cleomenis
1342 2078 1481 2112 cadaver
1490 2076 1652 2113 Ptolemaios
1659 2075 1765 2112 affixit

1004 2133 1090 2166 cruci
1105 2146 1117 2175 ς
1132 2142 1243 2171 uxore,
1256 2138 1362 2163 matre
1373 2151 1384 2169 ,
1404 2126 1574 2176 liberisque
1587 2128 1762 2164 crudeliter

1004 2183 1139 2217 necatis.

1052 2233 1207 2276 Antigonus
1233 2226 1427 2262 mortalium
1454 2226 1581 2273 primus
1606 2226 1665 2274 qui
1684 2238 1759 2261 cum

1004 2281 1102 2315 armis
1114 2277 1304 2314 victricibus
1315 2279 1466 2326 Spartam
1478 2277 1622 2316 intravit,
1636 2276 1762 2310 civibus

1003 2329 1088 2378 pene
1101 2327 1262 2363 omnibus
1282 2328 1317 2361 in
1335 2325 1446 2374 praelio
1457 2325 1564 2366 caefis3
1581 2328 1638 2372 qui
1656 2323 1761 2371 super-

1004 2389 1096 2413 erant
1115 2389 1238 2425 paucos
1264 2377 1297 2410 in
1318 2376 1452 2421 pristina
1476 2374 1629 2407 libertate
1654 2375 1765 2407 vivere

1004 2427 1152 2476 permisit
1164 2452 1173 2460 .
1214 2427 1251 2459 In
1286 2426 1397 2472 paucis
1429 2423 1618 2457 admodum
1644 2421 1763 2456 diebus

1005 2487 1141 2511 cruenta
1163 2474 1349 2522 Illyriorum
1371 2474 1404 2506 in
1426 2471 1663 2506 Macedoniam
1680 2472 1762 2505 irru-

1006 2527 1078 2573 ptio
1089 2525 1262 2574 Antigonum
1273 2522 1440 2555 revocavit
1449 2522 1588 2554 domum
1602 2542 1611 2555 ,
1629 2521 1711 2554 adeo
1722 2531 1760 2554 ut

1004 2573 1027 2607 si
1040 2576 1202 2608 Cleomenes
1211 2569 1262 2606 vel
1275 2580 1378 2603 unum
1390 2568 1534 2602 triduum
1549 2570 1695 2616 praelium
1708 2569 1762 2608 dis

1004 2622 1147 2661 (tulisset,
1158 2620 1209 2655 vel
1219 2618 1348 2653 tamdiu
1359 2630 1433 2653 cum
1445 2618 1587 2664 reliquiis
1601 2620 1762 2653 exercitus

1003 2673 1036 2706 in
1050 2671 1195 2707 Laconia
1206 2666 1392 2709 delituifl'et‚
1404 2666 1524 2702 salvum
1536 2665 1595 2701 effe
1605 2667 1761 2714 potuisset

1004 2719 1296 2755 Lacedaemonium
1309 2729 1448 2765 reguum
1465 2742 1473 2756 ,
1489 2714 1586 2751 sedin
1600 2716 1762 2754 omnibus

1001 2771 1156 2805 humanis
1168 2767 1426 2817 praedominatur
1435 2778 1568 2800 numen.

1053 2822 1207 2865 Antigonus
1219 2818 1347 2863 Illyrios
1360 2828 1480 2865 magno
1492 2811 1601 2862 praelio
1611 2813 1759 2852 debella-

1003 2868 1051 2902 vit
1061 2892 1070 2908 ‚
1082 2866 1131 2902 scd
1145 2867 1225 2901 dum
1237 2868 1267 2900 in
1280 2879 1387 2914 pugna
1401 2868 1500 2900 nimia
1513 2866 1604 2900 vocis
1615 2876 1761 2900 conten-

1003 2918 1095 2952 tione
1109 2916 1229 2951 milites
1246 2915 1395 2950 hortatur
1407 2940 1416 2952 ‚
1437 2913 1530 2963 ruptfi
1545 2912 1626 2949 venii
1636 2927 1673 2948 ea
1685 2914 1757 2949 san-

1001 2967 1108 3015 guinis
1122 2968 1218 3014 copia
1228 2964 1359 2999 ebulliit
1372 2990 1380 3005 ‚
1396 2975 1431 2997 ut
1443 2965 1555 3011 paucis
1566 2962 1678 3011 postea
1689 2963 1758 2998 die-

1003 3018 1063 3051 bus
1072 3017 1279 3063 expiraverit,
1293 3014 1357 3048 line
1369 3012 1478 3048 liberis
1490 3015 1605 3050 relicto
1623 3015 1755 3061 Regno,

1002 3067 1041 3101 ad
1066 3077 1166 3113 quern
1190 3076 1295 3099 unum
1320 3062 1485 3111 spectabat
1502 3088 1512 3104 ‚
1540 3065 1665 3112 Philippo
1691 3071 1757 3099 De-

1001 3118 1108 3152 metrii.

1039 3167 1175 3217 illyrium,
1183 3158 1287 3201 hodie
1296 3163 1584 3205 Dalmatiaweteris
1594 3161 1757 3199 Slavoniae

1187 3214 1190 3215 ⁷
1340 3213 1396 3264 {e
1425 3225 1446 3262 :-
1533 3213 1538 3215 ⁴
1669 3222 1756 3259 pars,

1783 2070 1832 2099 M
1842 2080 1879 2100 ere

1781 2113 1914 2144 Cleomenn

1773 2162 1849 2192 perir.
1856 2168 1859 2170 ·

1781 2237 1884 2275 Ilsagna

1781 2279 1841 2313 Dos
1838 2279 1901 2307 ontis

1771 2318 1890 2360 ῙονησηιιΕ

1772 3154 1878 3194 Romani

1770 3206 1854 3228 contra
1861 3198 1900 3240 Il:
