2048 3343
88 3129 201 3158 Tertium.

462 102 528 130 ετ
585 91 744 130 Cirss
781 100 930 131 otto
967 101 1052 128 Lo
1087 101 1161 128 or
1200 104 1268 130 oi

214 166 409 207 Oxoniensi.
435 166 534 202 Certe
548 177 599 202 tot
615 165 828 214 manuscripta
848 167 961 200 Graeca

211 235 249 257 ex
263 217 473 254 Bibliothecis
485 218 639 258 Gallicis,
658 216 862 252 Germanicis
875 237 882 250 ‚
899 215 962 247 Hi-

212 269 359 316 spanicis,
370 271 396 302 ἅ
413 267 608 301 Britannicis
621 291 630 305 ‚
643 265 791 313 inprimis
808 276 883 298 cum
894 264 963 296 aliis

212 314 426 360 Sacrosanffis
454 316 623 362 Scripturis
648 314 860 349 consonantia
884 311 963 355 sint,

210 366 344 403 fundare
355 364 482 414 possunt
490 365 665 398 lectionem
676 363 829 399 diversam
839 361 856 395 a
869 373 943 396 com
951 382 966 387 -

211 417 317 452 muni.

261 480 292 512 3.
319 462 381 498 Etsi
391 462 578 497 communis
593 461 691 497 leetio
705 463 817 496 Graeca
828 461 965 496 retinea-

212 525 281 550 tur,
299 512 396 547 verba
415 522 526 546 tamen
544 513 663 559 exponi
676 511 803 558 possunt
824 524 892 545 non
914 512 965 544 in-

214 561 390 598 commode
413 561 451 595 dc
469 561 671 609 temporibus
696 573 764 594 non
791 560 961 607 judicum,

215 611 268 648 sed
281 610 674 656 antecedentibusjudices
689 623 696 643 i
725 621 812 644 certe
823 611 857 644 in
873 618 965 643 textu

214 663 335 697 Graeco
347 662 514 694 communi
527 662 602 694 anni
622 659 853 707 quadringenti
865 658 965 706 quin-

212 713 370 759 quaginta
382 709 576 744 antecedunt
592 709 775 743 miffionem
786 705 941 752 Judicum
954 730 964 746 ‚

211 758 249 795 &
272 760 312 794 ab
333 757 369 794 ea
386 771 441 806 per
456 770 584 792 comma
604 758 856 804 distinguuntur.
883 755 966 790 Vide

213 809 253 844 ad
268 809 390 844 versum
403 821 462 842 20.
474 808 584 854 capitis
601 819 652 853 13.
665 807 739 840 Aet.
751 816 845 840 notas
861 807 895 840 in
912 807 964 839 Bi-

211 858 289 893 *bliis
313 857 427 892 nostris
452 858 666 904 Anglicanis;
703 854 766 889 ista:
792 856 966 889 retinentes

212 908 389 942 lectionem
412 918 625 941 communem
643 914 813 949 exponunt
830 902 967 950 expresse

212 957 251 991 de
271 958 364 991 annis
384 955 399 989 ἶι
420 967 498 990 nato
517 956 608 1000 Isaac-o
625 954 661 987 ad
679 951 853 1000 septimum
872 954 965 997 losuae.

210 1007 411 1052 Anglicanas
432 1001 583 1050 intelligo
608 1012 704 1036 notas
723 1001 841 1045 primas
853 1001 965 1033 Gene-

212 1054 337 1094 venses3
357 1053 448 1100 qnod
461 1053 500 1087 ad
518 1063 617 1085 novas
640 1050 793 1095 largiores
816 1060 915 1095 nuper
930 1061 966 1082 e-

211 1104 296 1138 ditas
314 1129 324 1144 ,
350 1115 386 1137 ut
402 1101 476 1135 alibi
488 1097 564 1144 saepe
579 1096 766 1145 displicent,
779 1097 886 1131 italiic
897 1110 966 1132 non

214 1155 362 1201 placent;
382 1161 456 1184 nam
473 1150 505 1182 in
523 1148 610 1181 notis
621 1147 658 1182 ad
682 1158 694 1180 ι
713 1147 794 1193 Reg.
806 1152 837 1180 6.
847 1143 925 1182 vers.
940 1159 968 1180 ι.

214 1201 298 1235 reete
307 1208 478 1233 numerant
490 1208 638 1244 tempora
647 1220 655 1235 ‚
673 1194 723 1230 sed
735 1206 967 1230 commentan-

213 1259 260 1284 tes
271 1248 424 1282 inlocum
438 1248 597 1282 Αᾶοτιιιῃ
609 1258 669 1294 prae
681 1245 841 1285 manibus,
853 1246 965 1281 viden-

213 1308 267 1332 tur
278 1297 335 1332 sibi
346 1297 561 1332 contradicere
574 1321 584 1335 ‚
611 1309 687 1330 nam
704 1296 751 1330 ibi
772 1308 874 1330 annos
888 1308 967 1343 qua-

215 1347 409 1395 dringentos
425 1347 664 1394 qninquaginta
675 1357 846 1391 exponunt
860 1345 901 1378 de
911 1345 967 1392 Ju-

214 1396 363 1436 dicibus,
381 1395 470 1444 quod
491 1407 566 1429 cum
586 1396 710 1429 calculo
730 1394 768 1428 ad
791 1406 803 1428 1
828 1396 911 1442 Reg.
933 1398 967 1427 6.

213 1459 281 1481 non
294 1446 402 1493 potest
414 1443 594 1480 consistere.
613 1446 706 1485 Quin
716 1447 747 1478 &
760 1443 823 1478 hoc
838 1454 966 1490 praeter-

214 1494 307 1530 misso
325 1494 413 1530 valde
431 1495 578 1529 videntur
590 1493 814 1528 inconsiderati
827 1495 859 1527 in
869 1491 919 1526 sua
932 1491 968 1526 ad

215 1545 296 1582 Act.
313 1556 365 1590 13.
378 1543 457 1579 nota
468 1570 476 1584 ,
488 1544 532 1578 ibi
544 1545 630 1578 enim
643 1555 791 1590 tempora
803 1546 863 1578 Mo
875 1557 909 1581 is,
919 1545 968 1575 Io-

210 1596 264 1642 fi‘ae
275 1618 285 1632 ,
311 1597 342 1628 &
357 1596 492 1628 Samuelis
513 1595 546 1628 in
561 1593 709 1641 Apostoli
725 1592 848 1627 calculo
864 1592 968 1626 inclu-

217 1643 313 1678 dunt,
325 1656 392 1690 quae
405 1655 512 1676 tamen
524 1643 701 1691 Apostolus
712 1642 848 1689 expresse
859 1642 970 1676 exclu-

218 1692 266 1726 dit
286 1717 294 1732 ‚
322 1705 396 1726 narn
415 1690 628 1738 supponendo
645 1692 796 1739 judicum
820 1703 970 1738 tempora

217 1742 264 1775 ibi
278 1742 434 1786 exprimi,
449 1743 576 1774 initium
589 1742 635 1775 ob
648 1741 810 1788 Apostolo
820 1740 858 1775 fit
867 1753 971 1788 neque

218 1788 237 1825 ὲ
249 1792 333 1838 Alos}
344 1815 353 1831 ‚
377 1803 481 1838 neque
494 1789 590 1838 Iosiia*‚
608 1788 657 1825 sed
669 1790 813 1835 κληςκχίᾳ
824 1791 926 1837 Josuae
940 1805 970 1836 7.

217 1853 324 1886 neque
336 1839 415 1873 ultra
429 1840 615 1886 proceditur
632 1838 731 1887 qudm
751 1840 787 1874 ad
807 1839 969 1888 guberna-

219 1890 318 1922 tionis
330 1886 520 1922 subSamuele
531 1890 725 1936 principium
733 1890 767 1929 ‚fi
777 1902 883 1923 autem
893 1890 970 1923 anni

218 1935 420 1985 principati'is
430 1940 524 1979 lidosis
538 1938 762 1986 quadraginta,
783 1942 816 1973 &
828 1942 908 1986 Iofiiae
921 1938 971 1973 se-

220 1998 311 2033 ptem
322 1997 396 2021 ante
406 1988 577 2032 κλκξκχίαν,
597 1991 628 2022 &
640 1988 776 2022 Samuelis
792 1989 843 2022 vel
856 1990 973 2037 viginti

222 2035 397 2075 addantur,
413 2034 613 2071 necessarium
625 2039 684 2072 erit
699 2037 870 2073 extendere
880 2042 976 2084 Apo-

222 2085 472 2120 stolinumeruin
483 2086 519 2120 ad
531 2088 730 2134 quingentos
737 2086 975 2135 septemdecim.

274 2147 308 2178 4.
335 2137 559 2170 Annotatores
583 2138 759 2184 Anglicani
776 2137 893 2183 primi,
921 2137 976 2184 qui

222 2195 334 2218 contra
349 2183 504 2218 secundos
518 2188 552 2219 &
565 2188 678 2220 tertios
695 2184 842 2232 tempora
853 2183 904 2219 laic
913 2198 982 2232 nn->

224 2243 350 2267 merant
365 2233 405 2267 ab
416 2235 523 2280 Iſsiaco,
534 2233 712 2281 sequuntur
723 2236 756 2269 in
770 2234 833 2269 hoc
843 2234 960 2267 lunium
969 2259 977 2272 ‚

225 2283 282 2329 qui
293 2283 325 2316 in
336 2282 450 2317 Bibliis
461 2281 522 2318 suis
534 2296 568 2318 ac
580 2283 728 2319 Tremellii
740 2284 778 2319 ad
791 2296 832 2327 13.
844 2285 920 2318 A&-
930 2284 979 2317 vi-

227 2331 379 2366 cesimum
397 2332 510 2367 eodem
528 2334 631 2368 modo
647 2335 789 2368 rationes
808 2332 978 2367 suasinsti-

228 2380 389 2425 tuit,quas
399 2381 521 2428 prolixe
534 2381 981 2417 defenditparallelorumlib.

231 2439 246 2461 1
267 2429 380 2462 Parall.
394 2440 450 2471 93.
472 2431 639 2465 Ludovicus
650 2432 688 2466 de
701 2433 766 2467 Diu
776 2431 813 2466 ad
825 2432 981 2465 Actorum

230 2487 273 2518 13.
286 2476 488 2517 vicefimurn,
499 2477 610 2514 eadem
623 2481 709 2515 vadit
719 2481 778 2515 vicl.
806 2481 900 2514 Alios
911 2493 983 2528 per-

228 2525 354 2560 multos
366 2535 526 2572 praetereo.

281 2583 310 2617 5.
336 2575 427 2607 Anni
448 2573 478 2608 hi
493 2575 723 2622 quadringenti
749 2576 986 2622 quinquaginta

230 2635 299 2658 non
311 2622 468 2670 quadrant
488 2624 856 2671 temporibusJudicum
869 2649 878 2664 ‚
902 2623 983 2658 defi-

231 2674 319 2707 ciunt
343 2673 424 2705 totis
448 2685 577 2707 centum
597 2676 689 2707 annis
703 2698 712 2710 ‚
746 2671 848 2708 modo
868 2673 986 2707 stemus

232 2722 402 2768 Scripturae
414 2722 537 2756 calculo
552 2736 562 2755 1
577 2724 661 2770 Reg.
678 2728 708 2755 6.
722 2735 751 2755 v.
768 2734 779 2755 1
793 2723 906 2756 ‚Ratio
920 2722 986 2756 haec

233 2769 296 2804 fuit
307 2783 363 2804 cur
373 2782 439 2804 tam
457 2769 620 2810 Lutherus,
635 2771 730 2818 quam
744 2775 840 2810 Beza,
854 2776 885 2805 &
896 2774 987 2815 Caje-

233 2830 314 2854 tanus
326 2821 439 2853 locum
453 2819 539 2854 liunc
560 2821 720 2854 ACtorum
733 2818 892 2853 affirment
911 2833 986 2853 cor-

235 2880 367 2914 ruptum
380 2893 388 2908 ‚
407 2869 547 2916 legendo
567 2880 682 2903 contra
700 2870 850 2903 omnium
878 2881 986 2902 exem-

239 2919 373 2962 plarinm
388 2917 497 2955 fidem,
507 2930 540 2952 ut
554 2931 654 2965 nuper
662 2916 988 2961 diximus‚a3212noo-i'oi;

241 2977 298 3011 pro
309 2967 499 3010 τετξεικοσ-ιόις
511 2993 520 3009 ,
542 2967 591 3002 sed
614 2980 678 3002 tarn
691 2980 784 3015 grave
796 2969 986 3001 incommo-

241 3012 317 3047 dum
335 3029 392 3050 nos
416 3031 481 3052 non
497 3019 635 3065 premit,
664 3020 718 3065 qni
738 3018 810 3051 illos
829 3030 931 3050 annos
949 3016 987 3051 ad

242 3066 513 3109 temporajudices
524 3067 743 3101 antecedentia
756 3065 930 3101 referimus.

294 3112 438 3147 Tertium
460 3117 548 3160 Vosfii
565 3129 793 3164 argumentum
811 3116 855 3150 est
867 3116 989 3149 multos

243 3171 387 3196 veterum
407 3162 541 3200 deserere
560 3167 719 3202 calculum
750 3178 762 3201 ι
778 3167 861 3214 Reg.
875 3171 908 3200 6.
934 3177 991 3200 ex-

1325 94 1503 134 L1n.L
1700 108 1750 140 49

1008 163 1143 218 pressum
1167 178 1175 202 ε
1210 166 1341 203 istorum
1368 168 1596 217 septemdecim
1622 168 1758 205 diversas

1009 217 1178 250 tententias
1209 229 1389 251 enumerat.
1434 218 1529 267 Resp.
1573 233 1601 255 1.
1626 221 1757 253 Totum

1009 263 1072 298 hoc
1095 277 1324 313 argumentum
1337 289 1347 305 ‚
1370 270 1401 300 δι
1421 280 1536 303 omnes
1561 273 1628 314 ejus
1653 279 1758 316 partes

1011 310 1080 347 sunt
1096 313 1221 360 Jesuitae
1235 313 1358 350 Serrarii
1372 338 1381 350 ,
1408 318 1500 359 cujus
1512 330 1636 353 nomen
1646 328 1757 353 tamen

1011 362 1117 407 Vossius
1128 361 1180 398 liic
1197 363 1381 411 supprimit.
1408 375 1438 398 2.
1457 366 1568 412 Vosstus
1587 378 1640 401 aut
1653 371 1759 400 Serra-

1009 424 1063 444 rim
1079 413 1162 447 inter
1179 424 1300 447 veteres
1325 425 1445 459 ponere
1470 426 1540 448 non
1569 414 1682 449 debuit
1708 415 1759 449 vel

1012 458 1207 495 Melchiorem
1225 466 1335 496 Canum
1346 487 1356 502 ,
1377 463 1427 496 vel
1442 462 1558 506 Glycam
1569 486 1578 499 ‚
1597 464 1647 496 vel
1665 464 1762 497 Nice-

1007 506 1139 555 phorum,
1154 522 1205 544 aut
1216 509 1404 557 hujusmodi
1415 512 1505 546 alios.
1537 525 1565 558 3.
1584 512 1712 546 Omnes
1727 512 1764 546 hi

1011 557 1239 606 septemdecim
1276 561 1407 596 levIculi
1436 561 1589 606 ponderis
1616 559 1688 595 sunt
1699 586 1709 600 ,
1741 560 1763 594 ii

1013 620 1254 656 componantur
1265 622 1339 644 cum
1350 609 1476 644 mundo
1489 610 1664 645 doctorum
1676 621 1766 644 vete-

1014 670 1084 691 rum
1098 670 1132 691 ac
1150 661 1344 700 recentium,
1365 660 1419 708 qui
1441 671 1453 693 1
1471 660 1554 707 Reg.
1567 664 1602 694 6.
1621 661 1764 706 integri-

1013 717 1115 740 tatem
1128 706 1317 745 defendunt.
1342 719 1375 754 4,
1395 709 1474 743 Non
1488 713 1606 744 mirum
1625 708 1668 743 est
1680 707 1764 755 quia

1012 754 1095 790 reeta
1106 757 1212 804 regula
1223 757 1387 798 recedunt,
1399 758 1431 792 in
1443 759 1532 793 mille
1543 759 1628 793 avias
1639 756 1764 792 aberra-

1013 818 1044 839 re
1056 829 1064 842 ,
1078 805 1162 839 certe
1175 807 1230 853 qui
1243 807 1408 853 Scripturae
1419 806 1468 841 h‘i‘c
1477 820 1626 843 normam
1643 819 1657 841 1
1677 807 1765 854 Reg-

1013 858 1046 889 6.
1065 853 1257 901 sequnntur,
1283 867 1400 890 omnes
1424 854 1545 905 absque
1572 857 1764 903 exceptione

1013 903 1106 936 unius
1118 928 1127 942 ‚
1150 901 1210 936 unz‘i
1225 907 1255 936 &
1267 902 1379 937 eadem
1391 903 1441 937 via'i
1452 905 1544 951 planz'i
1554 909 1584 939 &
1594 905 1665 939 sana
1676 905 1767 939 ince-

1011 950 1104 984 dunt.
1139 960 1167 994 5.
1186 952 1330 984 Serrarins
1345 952 1442 995 hujus
1454 956 1636 1001 argumenti
1648 955 1764 988 auctor

1010 1010 1087 1034 eum
1100 1011 1269 1033 numerum
1281 1000 1485 1046 ampleffitur
1498 1026 1508 1043 ,
1526 1005 1581 1048 qui
1595 1005 1764 1050 Vossiojure

1013 1049 1130 1082 merito
1147 1048 1287 1082 omnino
1305 1048 1469 1096 displicet,
1482 1063 1557 1084 nam
1572 1050 1647 1085 licet
1656 1054 1701 1085 Vo
1723 1052 1766 1084 ius

1012 1099 1103 1132 annis
1122 1095 1175 1132 hic
1197 1109 1329 1132 centum
1350 1099 1470 1132 aberrat
1491 1099 1508 1132 d
1529 1112 1605 1134 vero
1624 1124 1634 1140 ‚
1656 1110 1768 1134 tamen

1013 1159 1087 1181 cum
1105 1147 1250 1180 serrarius
1267 1148 1391 1182 aberrat
1403 1146 1552 1182 ducentis
1570 1176 1578 1187 ‚
1607 1161 1665 1196 pro
1683 1161 1767 1196 qua-

1014 1196 1192 1244 dringentis
1201 1198 1374 1244 offitoginta
1389 1208 1400 1230 ι
1416 1197 1501 1244 Reg.
1513 1203 1545 1232 6.
1573 1199 1683 1245 legens
1697 1197 1769 1231 sex-

1013 1257 1126 1280 centos
1137 1247 1318 1292 ostaginta‚
1328 1246 1421 1294 Vcssi‘o
1435 1248 1559 1292 placere
1573 1260 1639 1281 non
1651 1245 1767 1292 potest.

1016 1300 1047 1329 6.
1073 1296 1120 1329 Ex
1132 1295 1289 1330 omnibus
1299 1293 1529 1341 septemdecim
1543 1297 1599 1344 qui
1614 1309 1626 1329 1
1640 1297 1721 1342 Reg.
1731 1301 1765 1332 6.

1014 1356 1042 1378 v.
1057 1357 1084 1380 1.
1097 1345 1322 1379 contradicunt
1334 1371 1344 1384 ,
1364 1345 1504 1380 omnino
1515 1347 1643 1381 nullum
1656 1345 1768 1390 Voffius

1015 1393 1117 1441 potest
1128 1393 1240 1442 sequi:
1256 1393 1427 1441 profitetur
1438 1395 1571 1443 quidem
1584 1394 1670 1429 suam
1688 1406 1764 1429 cum

1015 1456 1080 1477 uno
1089 1470 1097 1482 ,
1118 1447 1148 1477 δι
1159 1432 1286 1478 τειηῑῖιῐη
1296 1457 1363 1478 uno
1375 1446 1497 1492 Sulpiti'o
1508 1448 1615 1479 Severo
1624 1456 1767 1479 concor·

1015 1493 1101 1527 diam
1113 1516 1121 1529 ‚
1146 1490 1194 1527 sed
1213 1493 1299 1527 certe
1315 1492 1435 1542 Sulpiti'i
1450 1494 1684 1543 Chronologia
1696 1505 1766 1527 non

1017 1542 1096 1577 solet
1109 1541 1170 1576 effe
1180 1553 1326 1576 accurata
1336 1556 1416 1583 ‚nec
1425 1544 1535 1578 multae
1545 1544 1762 1582 auetoritatis,

1017 1590 1142 1626 transeo
1155 1590 1206 1626 hic
1217 1603 1356 1626 errorem
1367 1605 1466 1640 quem
1474 1593 1586 1639 judico
1595 1594 1767 1640 Typogra-

1018 1641 1150 1689 phicum
1160 1667 1168 1680 ,
1186 1640 1285 1688 ipsum
1299 1653 1409 1688 putare
1423 1641 1584 1688 templum
1595 1641 1768 1676 conditum

1018 1704 1084 1726 non
1095 1703 1183 1724 anno
1194 1690 1455 1738 quingentesimo
1472 1690 1677 1739 octogesimo
1688 1717 1697 1731 ‚
1714 1688 1770 1724 sed

1018 1739 1281 1789 quingentesimo
1296 1739 1518 1787 oetogefinio,
1541 1740 1608 1775 haec
1625 1741 1711 1774 enim
1724 1737 1771 1773 est

1017 1801 1122 1839 aperta
1140 1789 1357 1823 contradiffio
1374 1813 1384 1828 ‚
1410 1788 1459 1824 sed
1478 1793 1530 1835 ajo
1548 1792 1592 1824 Vo
1615 1791 1673 1823 ium
1692 1800 1769 1822 cum

1018 1839 1141 1886 Sulpitio
1151 1851 1356 1886 nequaquam
1368 1839 1565 1873 concordare
1576 1862 1586 1877 ‚
1599 1849 1673 1872 nam
1684 1850 1773 1884 quo-

1020 1888 1252 1935 modocunque
1269 1888 1371 1922 sumas
1391 1888 1507 1935 Sulpi'tii
1521 1886 1712 1922 sententiam
1723 1897 1773 1921 et-

1016 1941 1085 1984 jam
1099 1948 1134 1971 nt
1145 1935 1196 1971 hic
1208 1936 1327 1982 &Vossto
1338 1938 1490 1971 recitatur
1500 1962 1509 1979 ,
1531 1937 1582 1971 seu
1598 1935 1773 1971 secundum

1022 1988 1169 2034 vulgatos
1203 1986 1323 2034 Sulpitii
1346 1987 1492 2026 codices,
1517 1987 1576 2033 qui
1601 1995 1775 2020 numerant

1022 2039 1222 2084 quingentos
1237 2037 1408 2082 oetoginta
1420 2037 1496 2070 oeto
1508 2059 1517 2075 ,
1536 2034 1587 2069 seu
1599 2033 1775 2070 secundum

1024 2083 1235 2120 emendatos&
1250 2084 1353 2118 Carolo
1363 2084 1479 2135 sigonio
1491 2085 1546 2132 qui
1556 2083 1670 2131 legunt
1681 2085 1778 2132 quin-

1025 2145 1143 2183 gentos
1155 2134 1264 2169 decem
1273 2159 1284 2175 ‚
1301 2134 1342 2168 ab
1353 2145 1491 2180 utroque
1501 2134 1565 2168 hoc
1575 2134 1702 2167 calculo
1713 2130 1774 2167 dis-

1025 2184 1113 2219 cedit
1133 2183 1264 2229 Voffius‚
1288 2184 1344 2231 qui
1365 2182 1535 2229 profitetur
1557 2181 1587 2216 se
1606 2180 1778 2216 defendere

1026 2234 1227 2281 quingentos
1237 2233 1407 2280 ofioginta
1420 2231 1522 2266 solum
1532 2255 1540 2268 ‚
1557 2232 1611 2266 etsi
1625 2231 1719 2265 simul
1729 2228 1780 2265 fa-

1027 2293 1128 2317 teatur
1146 2295 1248 2316 annos
1261 2282 1453 2316 servitutum
1468 2279 1606 2328 superare
1622 2279 1781 2328 quadrin-

1028 2343 1146 2381 gentos
1157 2333 1329 2379 octoginta
1340 2331 1503 2376 judicum,
1513 2331 1604 2365 annis
1615 2331 1783 2371 nndecim3

1029 2382 1086 2429 qui
1099 2380 1199 2415 additi
1213 2379 1375 2427 prioribus
1385 2394 1454 2415 non
1468 2381 1665 2427 quingentos
1679 2380 1781 2412 octo-

1030 2432 1121 2480 ginta
1140 2453 1148 2466 ‚
1182 2429 1232 2464 scd
1252 2431 1451 2477 quingentos
1477 2431 1655 2474 nonaginta
1679 2438 1782 2460 unum

1031 2477 1198 2515 manifeste
1217 2478 1372 2513 efficiunt.
1409 2479 1479 2523 Qui
1499 2478 1624 2525 plenius
1648 2473 1784 2510 refutata

1032 2529 1141 2564 videre
1160 2529 1229 2561 vult
1255 2529 1368 2562 omnia
1392 2527 1482 2572 Voffii
1505 2535 1690 2572 argumenta
1715 2536 1784 2570 quae

1033 2578 1196 2610 mutuavit
1207 2574 1224 2607 οἷ
1234 2575 1362 2619 Jcsuitis
1372 2575 1498 2607 Serrario
1508 2598 1517 2613 ‚
1529 2574 1622 2607 Caino
1631 2597 1641 2612 ‚
1654 2577 1684 2606 &
1698 2576 1786 2606 Peta-

1033 2625 1093 2660 vio,
1103 2623 1191 2657 adeat
1203 2623 1364 2657 Henricum
1379 2619 1514 2668 Philippi,
1522 2626 1553 2655 &
1564 2621 1740 2655 Torni'ellum
1750 2624 1786 2656 in

1033 2673 1097 2707 suis
1112 2673 1149 2705 ad
1158 2672 1369 2718 quaessionem
1381 2672 1464 2705 lianc
1476 2668 1761 2706 dissertationibus

1082 2721 1134 2754 Ad
1146 2721 1272 2765 [soſsium
1291 2721 1399 2766 aliqua
1417 2720 1506 2754 addit
1523 2719 1652 2767 CapeHus
1671 2721 1784 2754 Chro-

1034 2771 1176 2818 nologiae
1188 2770 1274 2805 sacrae
1286 2770 1369 2816 apud
1379 2769 1566 2804 VValtonum
1577 2782 1644 2816 pag.
1653 2781 1702 2803 10.
1713 2783 1782 2817 quae

1034 2821 1071 2854 de
1082 2818 1242 2866 jubilatis,
1262 2823 1296 2853 &
1308 2820 1401 2853 annis
1414 2819 1588 2852 Sabbaticis
1609 2818 1717 2854 habet,
1730 2820 1779 2852 ni-

1034 2869 1076 2903 hil
1090 2866 1211 2902 faciunt
1223 2868 1259 2903 ad
1271 2882 1337 2902 rem
1355 2867 1533 2915 praesentem
1543 2893 1552 2907 ,
1579 2879 1615 2902 ut
1629 2869 1779 2902 omittam

1034 2916 1136 2965 ipsum
1154 2931 1207 2964 per
1220 2918 1397 2952 additiones
1413 2918 1479 2951 suas
1497 2927 1705 2951 centenorum
1725 2919 1782 2951 ali-

1033 2979 1116 3014 quot
1126 2980 1284 3001 annorum
1294 2968 1332 3001 ad
1343 2980 1444 3001 veram
1459 2970 1487 2999 &
1499 2978 1658 3013 receptam
1673 2966 1785 3000 Chro-

1034 3017 1199 3064 nologiam
1218 3030 1354 3051 omnem
1374 3016 1556 3063 legitimum
1578 3014 1666 3049 usum
1679 3029 1787 3050 anno-

1035 3079 1105 3101 rum
1125 3066 1370 3100 Sabbaticorum
1393 3070 1423 3099 ὃς
1454 3063 1665 3110 Jiibilaeorum
1682 3077 1787 3099 exter-

1037 3118 1158 3150 minare
1170 3140 1179 3155 ,
1207 3115 1258 3149 hic
1270 3128 1379 3150 autem
1396 3126 1495 3148 unum
1507 3113 1602 3148 habet
1613 3127 1788 3159 argumen-

1014 3177 1106 3240 ltum
1121 3166 1289 3213 proprium
1303 3163 1391 3213 quod
1404 3176 1473 3198 non
1490 3163 1532 3199 est
1542 3165 1763 3245 omittendsunli
1778 3188 1791 3203 ,

1406 3214 1443 3247 G
1715 3215 1741 3245 ci
1759 3213 1788 3245 i-

1806 2732 1830 2757 C
1826 2732 1896 2768 apelli

1803 2772 1893 2798 malum
1901 2782 1941 2798 ai·-

1798 2819 1939 2849 gumentum

1798 2852 1914 2881 retundi-

1800 2900 1847 2922 tur.
