2048 3343
708 131 1040 169 Ot’En1s

369 150 449 185 272⁴

1103 130 1589 174 H1sToR1c1

371 209 469 243 altera
481 205 712 254 plerorumque
725 203 992 244 pontificiorum,
1003 203 1059 251 qui
1072 207 1134 252 Gog
1182 206 1352 253 velCroesus
1361 207 1398 242 ad
1409 207 1596 244 Antiochum
1605 210 1786 260 Epiphanem
1797 238 1806 255 ‚
1832 228 1936 264 neque

371 268 438 292 eam
452 252 601 295 Ezekielis
620 253 719 301 quam
737 256 853 288 Ioannis
871 254 910 290 de
928 267 994 289 uno
1013 256 1131 289 eAnti-
1178 257 1266 290 enim
1284 258 1340 291 ille
1351 256 1390 291 dc
1402 257 1498 305 stirpe
1515 261 1618 310 Gygis‚
1637 274 1696 296 uec
1707 263 1746 298 de
1761 277 1860 312 gente
1872 270 1947 300 [ψ’

367 306 474 342 chriflo
495 314 677 351 exponunt.
705 305 793 343 Dico
808 303 1006 353 plerorumque
1022 328 1031 341 ,
1057 305 1132 352 quia
1177 304 1227 339 dia
1239 317 1332 341 ortus
1344 306 1387 341 est
1398 331 1408 344 ‚
1427 321 1486 342 nec
1495 321 1638 356 unquam
1650 311 1702 345 ille
1712 311 1773 347 fuit
1782 302 1937 361 Princeps

367 355 498 403 'Jesuitae
510 352 635 401 Alcasar
645 379 655 394 ‚
676 353 694 387 ὰ
705 348 817 402 Laptde
828 378 837 393 ,
849 358 880 389 &
893 352 1000 390 Ribera
1013 379 1023 394 ‚
1051 366 1126 388 curn
1175 366 1267 392 terrae
1280 360 1398 408 Magog
1411 356 1461 392 seu
1471 358 1664 405 Scytharum
1676 386 1684 400 ,
1699 363 1750 395 vel
1761 372 1849 398 terrae
1859 369 1938 398 Me-

364 404 528 453 prioribus
539 402 679 451 eousque
689 407 835 451 jungunt
846 430 856 446 ‚
874 415 911 439 ut
923 408 986 455 Gog
997 402 1127 443 Ezekie-
1167 402 1237 451 sich
1253 409 1286 439 ὃ(
1300 406 1417 447 Tubal,
1429 408 1480 442 seu
1491 407 1657 444 lberorum
1669 414 1700 445 δι’
1709 411 1932 448 Albanorum.

363 455 401 488 lis
419 450 605 490 Antiochum
632 452 693 489 esse
719 455 903 490 concedant
931 452 1125 490 Antichristi

362 506 477 540 Ioannis
487 515 616 552 typum.

207 574 300 602 cmm
412 558 447 589 In
461 555 561 602 priori
572 552 715 589 libenter
727 552 956 602 acquiescerem
970 576 978 588 ‚
1005 550 1080 599 quia
1090 551 1125 584 in

207 625 311 642 commu·
364 602 400 639 ea
409 603 489 652 pene
501 616 618 639 omnes
638 604 765 639 nostros
785 603 928 650 reperio,
949 613 1007 634 nec
1020 613 1123 648 quen-

205 667 257 684 nem
266 658 329 683 Pro·
364 667 460 703 quarn
473 656 553 690 novi
564 655 622 702 qui
633 654 733 688 ullum
746 663 856 687 contra
864 662 935 684 eam
945 662 1117 698 argumen-

204 697 342 731 testantium
366 714 438 739 tum
449 704 582 748 afferat3
603 717 667 751 ego
686 714 796 736 autem
816 698 956 734 minime
967 701 1121 735 omnium

198 738 328 807 {53an
364 766 477 790 contra
490 756 598 789 Patres
619 756 654 786 &
668 750 780 786 fratres
797 751 831 784 in
852 761 1022 797 quoquam
1043 763 1119 784 amo

202 786 328 858 'fendepizda
362 817 494 844 novare3
504 803 553 837 hic
563 813 673 836 tamen
684 799 702 833 εὶ
712 814 764 836 me
775 801 952 847 impetrare
964 811 1035 833 non
1047 799 1116 846 pos-

201 860 311 899 offirun-
361 855 429 890 sum
455 854 536 901 quin
562 851 630 886 haec
663 848 870 886 doctioribus
895 848 1117 897 perpendenda

200 908 249 932 Wr-
359 915 557 952 proponam·
742 944 749 949 .

247 970 274 991 ι.
408 951 533 987 Primo.
563 946 734 986 «Antiocho
745 946 981 999 EpiphaniG‘ogi
991 961 1116 983 nomen

353 1015 423 1038 non
442 1001 570 1036 videtur
588 1001 733 1036 omnino
751 998 958 1046 applicabile.
994 1001 1025 1033 A
1048 1011 1115 1045 tna-

350 1065 422 1100 gno
434 1076 444 1092 ‚
458 1050 561 1086 fateor
571 1076 581 1092 ‚
594 1050 672 1084 Iunii
682 1050 818 1096 ingenio
836 1052 871 1084 ὃς
880 1047 1028 1083 doftrinz'i
1040 1062 1114 1095 pro-

348 1102 476 1138 fectum
497 1101 541 1136 est
559 1124 569 1138 ,
603 1099 693 1148 quod
713 1098 806 1146 Syriae
825 1101 858 1132 &
879 1099 1014 1133 minoris
1035 1098 1114 1133 Afiae

348 1153 502 1200 Regnum
514 1176 524 1190 ,
550 1149 567 1184 a
578 1154 654 1200 Gyge
668 1147 834 1196 Lydorum
844 1149 950 1196 Rege,
960 1149 1045 1193 Croefi
1052 1162 1112 1183 avo

349 1205 404 1238 vel
416 1214 541 1249 proavo
553 1225 562 1240 ‚
587 1201 757 1248 Gogicnm
774 1197 873 1232 hodie
890 1198 983 1232 atam
998 1200 1112 1234 multis

352 1251 499 1290 dicatur,
528 1261 562 1284 ut
585 1250 658 1284 urbs
680 1252 803 1300 Gygarta
822 1253 853 1282 &
874 1248 961 1282 lacus
982 1251 1108 1298 ngaeus.

346 1302 428 1335 ΗΜ
439 1299 539 1339 mihi,
551 1299 604 1333 etsi
617 1298 634 1333 a
645 1297 815 1347 permultis
829 1297 1022 1332 doctiffimis
1033 1300 1111 1333 viris

347 1349 411 1384 fide
425 1348 671 1396 lnnizimplicitfi
684 1351 695 1392 (
710 1347 815 1381 utalia
825 1349 964 1394 plurima
975 1352 1041 1392 ejus
1053 1349 1111 1382 viti

344 1402 556 1442 commenta)
586 1410 839 1446 concoquantur
850 1422 860 1436 ‚
889 1395 993 1431 aveto
1008 1399 1110 1432 aliena

345 1450 511 1485 videntur.
541 1444 626 1482 Nam
642 1447 749 1495 primo
768 1446 842 1481 curn
856 1449 947 1498 Gyges
958 1448 1031 1482 Rex
1044 1448 1103 1494 Ly-

342 1499 400 1534 diae
426 1495 563 1539 Evkieli
587 1509 771 1532 coaetaneus
788 1497 884 1531 fuerit
897 1521 906 1536 ‚
936 1497 1108 1532 verifimile

342 1561 412 1584 non
422 1547 464 1582 est
477 1559 543 1582 tarn
556 1546 692 1595 propere
702 1559 824 1581 nornen
837 1558 913 1581 eum
925 1546 1017 1581 suum
1030 1547 1108 1582 Afiae

342 1599 482 1633 minoris
498 1599 623 1644 populo
636 1595 774 1643 potuisse
790 1598 983 1643 imponere‚'
1010 1596 1107 1645 idque

345 1647 434 1696 apud
445 1647 576 1696 Judaeos
589 1648 644 1695 qui
661 1646 699 1682 de
709 1646 773 1680 hoc
785 1648 860 1693 Gyge
870 1659 908 1680 ne
920 1645 1021 1682 fando
1032 1649 1088 1695 qui

346 1699 420 1733 dem
435 1710 580 1745 unquam
597 1696 748 1732 videntur
762 1695 925 1731 audivisse.

395 1748 503 1794 Qod
516 1747 554 1781 ad
566 1747 676 1781 lacum
691 1750 837 1798 Cygnum,
854 1757 983 1793 apparet
997 1746 1029 1780 id
1045 1759 1106 1781 no-

344 1810 421 1832 men
434 1809 645 1846 nequaquam
658 1797 704 1831 illi
715 1794 902 1842 impositum
924 1794 942 1829 ἓι
955 1799 1032 1846 nge
1043 1799 1104 1841 Ly-

345 1848 408 1886 d0;
429 1850 573 1881 Homerus
593 1849 683 1882 enim
701 1847 815 1881 multis
827 1843 943 1879 seculis
955 1858 1029 1881 ante
1051 1850 1107 1891 Gy-

336 1910 410 1946 gem
429 1897 522 1930 illurn
544 1908 656 1931 natum
677 1895 771 1947 Gygaei
791 1893 878 1929 lacus
899 1897 1072 1936 meminit,
1094 1893 1112 1929 a

345 1948 491 1993 Gigante
502 1945 634 1994 quidem
648 1945 762 1979 Briarei
772 1944 869 1979 fratre
881 1945 1050 1980 Centauro

390 2001 661 2041 Centimanumque
681 1995 813 2043 Gygem
825 2020 836 2035 ,
850 1992 1084 2044 fimibovemque

481 2058 578 2078 Ulrunl

344 2093 450 2129 dictus
462 2091 589 2128 fortasse
604 2094 692 2128 lacus
704 2094 757 2128 ille
766 2105 870 2141 prope
887 2093 1012 2128 Sardeis
1022 2091 1086 2128 fuit
1095 2118 1106 2134 ,

345 2145 397 2178 secl
411 2142 426 2176 ὲ
438 2143 518 2192 Lydo
531 2143 837 2191 Iuniinequaquam.
885 2141 890 2145 ’

385 2193 487 2238 Qod
501 2192 540 2225 ad
553 2191 882 2242 urbemGygarta,esto
895 2206 959 2227 vox
970 2191 1037 2227 haec
1048 2206 1104 2227 ex-

339 2252 480 2288 ponatur
497 2240 677 2275 secundum
695 2241 773 2274 lunii
790 2242 933 2276 lubitum
952 2246 1015 2292 G⁰g
1026 2254 1104 2275 carta

338 2288 418 2323 urbs
433 2292 529 2334 ΘΗΜ,
541 2289 653 2323 eadem
665 2301 734 2336 quae
746 2289 912 2335 Hierapolis
925 2316 934 2328 ,
946 2287 1100 2334 Scythopo-

339 2341 383 2375 lis,
395 2342 428 2373 &
443 2334 519 2373 nfbs
534 2342 664 2389 Magog,
676 2339 727 2372 seu
738 2337 776 2370 ad
786 2338 986 2384 Euphratem
998 2337 1101 2385 Edessa

339 2391 371 2421 &
385 2386 522 2433 Bambyce
534 2388 617 2422 dicta
634 2401 641 2420 :
666 2387 719 2422 seu
729 2387 767 2421 ad
779 2387 892 2434 pedem
901 2386 1032 2427 Libani,
1045 2388 1100 2420 ubi

334 2437 465 2471 idolum
487 2440 617 2471 Decreta
646 2438 697 2471 vel
723 2438 899 2486 eAtargatis
921 2437 1100 2471 colebatur.

335 2487 396 2521 Ista
408 2488 522 2521 omnia
532 2488 607 2521 licet
618 2486 702 2520 Iunio
713 2486 858 2521 conccfl'a
868 2510 877 2523 ,
894 2487 972 2521 nihil
986 2487 1099 2521 viden-

338 2549 391 2571 tur
403 2536 441 2570 ad
452 2549 519 2571 rcrn
533 2535 720 2584 praesentem
734 2534 858 2570 facere:
885 2539 997 2572 civitas
1010 2538 1097 2571 enirn

339 2591 459 2638 fldagog
471 2585 570 2634 longe.
581 2586 664 2620 ultra
678 2585 843 2633 Lydorum
855 2585 935 2620 fines
947 2586 1048 2634 posita
1059 2585 1099 2626 ,a

339 2638 467 2684 Scythis
488 2635 528 2670 ςὸ
549 2635 794 2683 penetrantibus
814 2649 938 2671 nomen
950 2639 1097 2686 accepit,

339 2699 545 2736 nequaquam
555 2685 570 2719 a
581 2689 667 2735 GJge.

390 2736 538 2772 Praetcrea
559 2738 636 2783 quid
651 2734 724 2786 Gygi
741 2747 815 2769 cum
829 2735 978 2782 Principe
992 2732 1103 2780 lideſs’k

340 2789 372 2820 δε
384 2785 496 2820 Tiihal?
508 2786 635 2820 Gentes
648 2785 709 2819 illae
722 2786 835 2831 procul
846 2784 883 2818 ad
896 2786 1097 2831 Septentrio-

339 2848 412 2869 nem
427 2837 533 2878 (Iberi
544 2839 578 2870 δε
591 2833 712 2869 Albani
723 2837 737 2876 )
750 2847 914 2882 nunquam
928 2835 1094 2882 Lydorum

340 2885 464 2932 Regno
487 2895 662 2933 paruerunt
683 2897 691 2916 ε
717 2883 837 2918 fatetur
864 2885 963 2918 Iunius
990 2884 1098 2930 Lydos

339 2944 490 2981 tempore
509 2937 598 2977 Croefi
609 2935 689 2968 ultra
707 2935 816 2981 Halyn
836 2933 973 2968 fluvium
995 2933 1095 2981 longe

342 2982 382 3016 ab
395 2983 534 3019 Albania
550 2990 579 3019 ‚Sc
595 2982 694 3018 lberifi
707 2987 919 3018 terminatos:
940 2984 990 3018 sed
1003 2994 1095 3032 putat

343 3043 464 3077 patrem
487 3037 569 3082 Craefi
579 3033 747 3078 Halyattem
759 3033 892 3068 ulterius
908 3035 1019 3082 Regni
1031 3036 1096 3078 Ly-

342 3080 404 3113 dici
426 3081 506 3117 fines
531 3082 721 3118 extendiffe:
752 3095 963 3119 veruntamen
976 3084 1095 3118 nullius

340 3130 479 3164 auctoris
515 3134 707 3168 testimonio
732 3133 796 3169 hoc
822 3134 913 3168 suum
940 3135 1093 3181 placitum

342 3176 472 3230 prohat.
501 3182 592 3224 Qiu
604 3187 634 3216 ὅ(
647 3183 711 3218 hoc
728 3186 826 3218 etiam
848 3186 876 3218 ei
894 3186 994 3231 gratis
1006 3196 1089 3218 con-

342 3227 443 3271 cesso,
461 3227 545 3279 nihil
557 3240 665 3267 tamen
678 3234 728 3270 vel
746 3237 834 3284 Gyges
853 3235 903 3271 vel
914 3234 1090 3278 Habentes,

1177 454 1277 500 Ipsius
1296 455 1471 492 Alexandri
1490 458 1677 494 dominatio
1698 472 1767 495 non
1787 460 1850 497 fuit
1867 474 1936 498 tam

1173 504 1459 551 Septentrionalis.

1222 553 1391 589 Antiochus
1408 557 1539 603 quidem
1552 560 1688 609 Magnus
1702 556 1859 607 Epiphanis
1876 574 1934 608 pa-

1173 611 1233 653 ter,
1246 604 1398 651 Lydiam,
1417 610 1448 640 &
1460 618 1609 642 caeteram
1623 607 1812 656 pleramque
1822 611 1932 646 Afiam

1172 653 1334 688 minorem
1372 656 1556 703 aliquandiu
1582 654 1718 703 possedit
1736 683 1747 699 ‚
1772 659 1826 693 sed
1846 661 1936 705 post-

1172 715 1269 748 quam
1289 701 1304 738 a
1329 704 1506 751 Scipionibus
1530 705 1651 740 fractus
1669 717 1760 744 erat,
1792 708 1862 743 totfi
1886 712 1932 744 cis

1168 753 1316 787 Taurum
1331 754 1403 788 Asia
1415 757 1526 789 cedere
1535 757 1669 790 coaetus
1680 756 1740 794 est,
1760 757 1803 792 ita
1816 769 1851 792 ut
1863 763 1931 804 ejus

1168 799 1256 836 filius
1269 801 1433 849 Epiphanes
1443 803 1491 840 vel
1502 805 1597 853 ipsius
1611 807 1718 853 Lydiae
1728 807 1847 843 nedum
1858 809 1928 843 lbe-

1166 852 1269 907 ἤρειδε
1290 853 1435 890 Albaniae
1447 856 1652 890 Dominium
1670 869 1840 906 nunquam
1853 860 1931 892 atti-

1163 911 1262 947 gerit.

1214 952 1294 984 Non
1316 952 1475 999 negamus
1493 952 1627 1000 Scythas
1639 954 1671 987 in
1682 954 1772 990 bello
1789 956 1928 992 Medico

1164 999 1279 1034 diebus
1287 1003 1430 1043 Cyaxario
1443 1001 1480 1035 ad
1492 1001 1692 1049 Euphratem
1708 1007 1738 1037 δι
1759 1005 1927 1041 Libanum

1162 1061 1370 1084 excurrentes
1390 1075 1398 1087 ,
1425 1050 1536 1085 urbem
1557 1051 1573 1086 ὲ
1593 1051 1622 1086 se
1635 1052 1679 1086 ibi
1691 1051 1742 1086 vel
1757 1055 1925 1091 inventam

1162 1100 1212 1133 vel
1233 1100 1404 1134 conditam
1422 1098 1478 1134 suo
1499 1103 1635 1136 nomine
1656 1105 1777 1155 Magog
1797 1103 1926 1146 dixisse⁷

1161 1163 1259 1196 quam
1283 1151 1378 1198 Syriae
1396 1150 1502 1198 Reges
1530 1152 1641 1197 ejectis
1660 1153 1789 1200 Scythis
1809 1165 1927 1190 tenue-

1161 1211 1254 1233 runt:
1281 1202 1372 1234 nulla
1383 1210 1493 1235 tamen
1508 1203 1593 1235 ratio
1612 1201 1655 1236 est
1674 1215 1730 1236 cur
1746 1203 1797 1238 isti
1815 1204 1925 1252 Reges

1159 1248 1206 1283 ob
1226 1252 1296 1295 ejus
1318 1250 1418 1284 solius
1439 1249 1530 1285 urbis
1549 1252 1735 1287 dominium
1756 1277 1765 1290 ‚
1793 1252 1868 1288 curn
1888 1256 1923 1289 in

1160 1298 1291 1346 Scythia
1303 1298 1466 1334 vetz‘itc‘rifi
1477 1304 1595 1352 Magog
1608 1326 1618 1340 ,
1641 1302 1688 1335 vel
1700 1303 1784 1336 Iunio
1794 1302 1922 1349 Judice,

1159 1350 1286 1383 nullum
1299 1362 1442 1397 unquam
1459 1351 1571 1397 pedem
1593 1350 1814 1398 possederint,
1833 1354 1922 1399 prin-

1159 1400 1246 1446 cipes
1265 1410 1349 1434 terrae
1373 1403 1494 1450 Magog
1508 1400 1733 1446 celebre-murt
1762 1403 1923 1448 imprimis

1159 1448 1199 1481 ab
1221 1446 1362 1489 Ezekiele
1379 1452 1436 1494 qui
1455 1450 1520 1484 haec
1537 1450 1576 1483 de
1595 1452 1656 1499 G⁰g
1670 1453 1703 1484 &
1716 1454 1921 1501 Magogante

1157 1498 1350 1543 Scytharum
1373 1499 1462 1532 illam
1494 1499 1715 1533 excursionem
1742 1505 1774 1534 &
1806 1503 1921 1536 condi-

1154 1560 1220 1582 tam
1236 1548 1435 1595 Hierapolin
1454 1547 1654 1594 prophetarit
1667 1571 1676 1583 ‚
1703 1547 1814 1583 saltem
1829 1562 1921 1585 ante-

1155 1610 1252 1645 quam
1275 1597 1333 1630 ulli
1351 1595 1539 1642 Judaeorum
1560 1609 1629 1631 eam
1646 1596 1763 1633 urbem
1785 1597 1842 1633 sub
1855 1613 1922 1635 110-

1155 1649 1244 1681 mine
1257 1649 1374 1698 Magog
1389 1657 1633 1694 cognoverunt.

1208 1697 1311 1744 Qod
1330 1707 1438 1731 antem
1461 1696 1583 1743 jesuita
1595 1695 1721 1744 Alcassr
1738 1697 1770 1731 in
1792 1696 1919 1733 confir-

1154 1749 1336 1781 mationem
1356 1747 1481 1780 lunianae
1494 1744 1659 1781 sententiae
1679 1757 1795 1795 urget,
1821 1750 1916 1783 «Λη-

1153 1794 1282 1830 tiochum
1304 1796 1435 1847 Magogi
1453 1798 1634 1843 Principem
1655 1809 1696 1832 eo
1712 1798 1849 1832 nomine
1868 1799 1921 1832 in-

1153 1848 1268 1893 primis
1283 1848 1481 1882 celebratum
1501 1846 1586 1894 apud
1603 1846 1725 1895 judaeos
1736 1872 1746 1888 ‚
1776 1846 1866 1894 quod
1878 1847 1917 1881 ad

1154 1897 1284 1947 stlagogi
1306 1897 1433 1931 idolum
1455 1901 1583 1932 Derceto
1607 1898 1781 1943 Dagonem
1808 1899 1918 1931 virum

1155 1948 1207 1980 vel
1219 1944 1329 1994 potius
1340 1945 1514 1981 foeminam
1527 1945 1725 1993 semipiscem
1738 1945 1917 1980 colendum

1155 1998 1310 2031 extremis
1328 1998 1402 2031 illos
1421 1995 1586 2043 suppliciis
1609 1995 1805 2042 compulerit
1822 2018 1832 2034 ,
1859 2007 1919 2028 ne-

1154 2059 1314 2094 quaquam
1335 2047 1550 2080 admittimus.
1575 2045 1663 2079 Nam
1681 2042 1758 2079 esim
1768 2043 1852 2088 apud
1863 2043 1915 2078 hi-

1154 2096 1289 2130 storicos
1302 2107 1408 2143 pateat
1421 2107 1487 2130 tarn
1500 2097 1653 2141 Syrorum
1667 2092 1763 2143 quarn
1781 2092 1916 2139 Judaeo-

1152 2158 1223 2180 rum
1245 2148 1336 2181 Deos
1354 2144 1540 2181 Antiochum
1558 2142 1782 2181 colivetuiffe,
1804 2140 1913 2175 nesci-

1152 2208 1223 2230 mus
1239 2209 1308 2243 quo
1320 2196 1398 2230 teste
1407 2194 1542 2244 Magogi
1552 2198 1680 2228 Derceto
1691 2191 1733 2224 ab
1746 2189 1808 2223 hoc
1820 2192 1911 2237 regio

1151 2246 1260 2278 edicito
1281 2255 1464 2288 exemptam
1491 2241 1671 2275 docebunt.
1705 2240 1912 2287 Utcunque,

1148 2292 1239 2335 quod
1260 2292 1433 2336 semipifcis
1453 2291 1539 2324 illius
1560 2290 1665 2323 cultus
1687 2290 1833 2336 unquam
1851 2290 1912 2336 Ja-

1147 2336 1407 2386 daeisimperatus
1419 2338 1535 2379 fuerit,
1555 2339 1777 2372 nullumnovi
1795 2351 1911 2385 praeter

1147 2390 1334 2435 eAlcasarem
1347 2389 1477 2436 quitale
1496 2389 1672 2436 quicquam
1686 2385 1833 2422 affirmet.
1857 2391 1912 2422 Jo-

1146 2452 1213 2471 vem
1226 2438 1356 2486 quidem
1374 2437 1541 2486 Obmpium
1558 2436 1574 2472 a
1592 2437 1713 2484 judoeis
1730 2441 1759 2471 ὃ(
1772 2439 1911 2471 Samari-

1146 2489 1232 2522 tanis
1254 2489 1420 2522 mandavit
1443 2486 1610 2522 Antiochus
1629 2488 1692 2521 coli
1710 2501 1718 2522 ε
1742 2485 1795 2520 sed
1814 2487 1907 2534 quod

1147 2540 1205 2572 ulli
1223 2540 1376 2584 Syrorum
1397 2541 1524 2573 Derceto
1544 2538 1715 2572 colendam
1728 2535 1909 2582 proposue-

1145 2591 1199 2629 rit,
1212 2588 1361 2622 nondum
1375 2586 1568 2636 :iquoquam
1579 2587 1686 2621 sumus
1703 2586 1822 2619 εάοᾶἰ.

1191 2637 1351 2672 Secundo.
1379 2639 1505 2671 Bellum
1519 2638 1688 2685 Gogicum
1701 2636 1824 2682 geritur
1836 2633 1906 2681 post

1142 2688 1323 2722 Iudaeorum
1346 2687 1593 2720 conversionem
1619 2686 1658 2720 ad
1684 2683 1783 2719 fidem
1804 2684 1904 2718 Chri-

1145 2738 1279 2771 stianam
1297 2740 1327 2769 ὃζ
1348 2735 1488 2770 reditum
1516 2735 1629 2770 decem
1660 2734 1826 2772 tribuum,
1852 2745 1905 2766 ea-

1144 2799 1281 2834 rumque
1310 2786 1624 2832 redintegrationem
1646 2797 1719 2819 cum
1737 2782 1850 2816 Iudaeis
1868 2784 1903 2817 in

1144 2849 1245 2870 unum
1269 2836 1424 2883 Regnum
1440 2860 1450 2876 ‚
1477 2835 1597 2870 nedum
1620 2836 1654 2868 in
1677 2844 1774 2865 unam
1787 2831 1904 2865 Eccle-

1143 2885 1240 2920 siam:
1265 2887 1369 2932 Atqui
1389 2885 1455 2920 haec
1471 2908 1480 2924 ‚
1498 2886 1604 2918 nullus
1620 2881 1766 2919 dubitat,
1794 2880 1903 2914 nostra

1143 2935 1439 2982 oernpommedum
1452 2930 1584 2968 Antiochi
1594 2928 1748 2977 Epiphanu
1760 2932 1902 2978 lequun-

1143 2996 1203 3019 tur.
1231 2986 1283 3017 De
1297 2984 1419 3028 Majori
1438 2984 1547 3017 omnis
1568 2980 1703 3028 quaestio
1723 2979 1788 3016 est,
1812 2979 1850 3013 de
1862 2978 1899 3013 ea

1142 3033 1222 3068 nihil
1235 3032 1338 3067 audeo
1351 3030 1570 3078 peremptorie
1582 3031 1805 3078 pronunciare.
1832 3032 1898 3063 Ve-

1142 3082 1268 3119 rifimile
1289 3093 1398 3115 tamen
1416 3081 1541 3115 videtur
1560 3082 1672 3128 capitis
1683 3077 1897 3127 trigesimise-

1142 3135 1234 3180 ptimi
1254 3131 1417 3166 historiam
1444 3144 1514 3177 quae
1535 3144 1582 3165 res
1608 3129 1708 3178 gestas
1737 3128 1893 3174 capitibus

1139 3199 1154 3229 3
1164 3184 1194 3217 8.
1208 3187 1239 3217 &
1253 3197 1306 3227 39.
1319 3180 1479 3215 antecedit
1489 3206 1497 3221 ,
1509 3181 1592 3215 dicta
1604 3180 1717 3214 omnia
1735 3180 1894 3224 importa-

1137 3245 1177 3268 re.
1206 3232 1335 3268 Ultima
1355 3231 1539 3267 ludaeorum
1567 3228 1732 3267 conversio
1758 3224 1894 3308 &gaulo

1800 3286 1888 3308 xom,
