2048 3343
310 109 388 140 114
652 88 960 127 OPERrs

1019 82 1489 126 HrsT‘oR1c1

307 169 392 202 circa
402 164 430 199 se
441 169 553 200 tenens
563 188 573 204 ‚
587 161 802 200 virfsubdolus
813 163 966 197 inimicos
977 159 1055 196 urbe
1104 161 1222 198 auxilii,
1234 160 1285 195 sed
1299 160 1377 195 dum
1387 161 1611 208 promissorum
1621 164 1856 211 praestationem
1907 160 1909 162 ’

307 219 340 251 vi
353 216 446 263 pellit
462 239 472 254 ‚
491 217 526 249 &
544 215 579 248 in
593 224 727 250 caeteros
746 215 893 249 volentes
908 211 1057 246 nolentes

1107 222 1232 258 peteret
1251 211 1498 246 Atheniensium
1516 212 1661 259 legatus,
1686 215 1858 263 responde—

309 275 434 300 exercet
450 264 636 312 imperium,
665 265 720 297 Bis
731 263 808 297 urbe
820 262 926 310 pulsus
937 261 1057 308 Pifistra-
1105 272 1158 295 tur
1167 258 1213 294 fas
1231 273 1299 295 non
1308 259 1370 295 effe.
1388 263 1530 309 Spartanis
1549 272 1624 296 ante
1639 264 1857 310 plenilunium

309 326 354 349 tus
363 314 462 349 toties
474 313 589 354 rediit,
603 313 698 348 semel
710 313 830 347 armatii
841 324 940 346 manu
953 335 963 352 ,
985 312 1061 344 alias

309 364 394 399 solus
408 366 550 398 ineurru
560 364 742 398 comitante
755 361 858 396 nobili
877 360 985 396 scorto
1003 359 1061 392 ha-

309 414 382 448 bitu
394 413 566 454 Mamm,
585 411 671 447 certe
682 410 912 447 frendentibus
922 408 1062 444 inimicis

310 474 460 501 mortuus
469 463 512 497 est
522 463 678 509 capularis
687 460 782 496 senex
795 463 828 495 in
839 457 975 508 plurima
986 468 1062 503 pace

278 524 281 527 '
309 513 478 548 Dominus
500 512 702 546 Athenarum
716 536 724 549 ,
749 510 822 557 post
835 510 864 544 se
875 509 1062 553 relinquens

155 716 279 742 Demara—

154 754 262 792 tusfugit

153 794 186 822 ad
203 797 262 821 Da-

152 840 223 865 rium.

151 1410 285 1442 Mardonia

148 1497 242 1534 pestate

153 1535 202 1569 disi
206 1531 262 1563 effla

149 1575 223 1611 Perse
229 1585 262 1603 ex

153 1614 249 1645 Gracia

147 1658 263 1696 fiagiunt.

156 2541 265 2581 Redeunt

158 2585 263 2620 annose-

157 2626 238 2663 quenti
246 2627 272 2651 in.

158 2668 202 2695 ..Ᾰ
200 2668 291 2694 nicam.

310 561 490 610 tyrannidis
501 559 707 596 successorem
718 558 822 593 filium
836 556 991 602 Htppiam,
1004 554 1061 602 qui

311 624 388 646 curn
403 611 591 659 aliquandiu
608 608 782 656 imperasset
795 630 807 648 ,
831 602 911 639 urbe
930 603 1060 639 tandem

311 662 432 706 effeetus
439 660 478 695 ad
489 658 594 696 Persas
605 656 768 703 confugit.
857 690 859 693 ,

361 714 538 745 Demaratus
567 705 719 754 regnabat
755 705 872 750 S-partae
904 700 968 737 una
986 714 1059 736 cum

310 759 467 795 Cleomene
479 782 488 795 ‚
507 755 584 790 curn
600 754 711 790 Darius
720 754 752 787 in
763 754 925 788 Graeciam
935 750 1061 785 mififfet

310 810 366 856 qui
379 820 493 842 terram
503 810 536 839 δέ
545 816 664 850 aquam
677 802 846 851 poscerent
854 825 862 838 ,
873 801 995 835 caeteris
1006 812 1061 833 ne-

309 857 462 905 gantibus
475 880 485 895 ,
508 856 567 888 uni
589 856 753 904 vfigznetae
771 851 954 889 dederunt,
981 860 1063 895 qua-

333 916 442 952 ropter
456 907 488 939 in
498 916 554 939 eos
572 903 697 937 ducunt
709 899 923 935 Athenienses
935 901 1063 945 copias,

309 954 389 990 facit
410 954 440 989 se
459 953 534 989 bell-i
551 951 674 986 socium
693 952 771 985 alter
787 952 973 998 Spartarum
992 948 1063 981 Rex

309 1002 500 1041 Cleomenes,
526 1002 620 1036 alteri
657 1003 820 1035 Demarato
845 999 970 1033 bellum
993 1009 1063 1032 non

308 1054 438 1100 placet,
457 1061 657 1100 quapropter
675 1062 791 1085 omnes
809 1048 944 1084 adhibet
967 1047 1062 1082 Cleo-

307 1115 405 1136 menes
422 1101 609 1141 machinas,
639 1111 676 1134 ut
696 1104 890 1148 Demaratum
915 1108 1063 1150 moveret

306 1165 411 1199 regno
436 1164 445 1185 :
482 1149 655 1199 assequitur
680 1160 796 1184 votum
822 1163 831 1183 :
858 1160 933 1183 narn
959 1144 1065 1192 Pythia

307 1200 501 1235 mun-eribus
521 1210 679 1246 corrupta:
695 1199 815 1246 probat
837 1197 971 1233 oraculo
988 1195 1062 1243 spu-

307 1246 394 1284 rium
412 1250 472 1284 esse
491 1253 683 1284 Demaratum
698 1274 708 1288 ‚
732 1261 793 1283 nec
811 1246 896 1296 posse
916 1244 1063 1294 legitime

307 1309 420 1333 tenere
430 1299 609 1346 Regnum:
635 1297 693 1332 hac
705 1298 760 1332 ille
777 1296 928 1332 incensus
946 1305 1063 1330 contu-

309 1347 406 1383 melifi
421 1345 507 1395 fugit
518 1347 555 1382 ad
565 1345 667 1382 Persas
676 1346 784 1382 hostes
796 1348 916 1395 patriae.

361 1396 452 1433 Cum
461 1395 596 1446 singulis
605 1396 719 1432 diebus
732 1397 824 1431 Darii
833 1395 962 1430 auribus
973 1395 1065 1428 into·

279 1469 289 1475 -
310 1459 426 1483 natent
442 1445 592 1481 odiosum
609 1447 802 1481 Graecorum
824 1457 951 1480 nomen
963 1468 972 1481 ‚
997 1456 1066 1478 non

310 1496 538 1542 modoservus
558 1495 596 1530 ad
617 1496 650 1530 id
661 1495 880 1536 constitutus,
898 1493 949 1529 sed
967 1495 1065 1528 etiarn

310 1546 388 1580 hinc
400 1545 535 1593 Hippias,
547 1546 639 1579 illinc
650 1547 831 1580 Demaratus
840 1557 900 1592 pro
911 1546 968 1579 viae
978 1543 1067 1578 duci-

311 1595 371 1629 bus
391 1594 491 1629 semet
512 1593 707 1636 offerentes,
732 1607 803 1629 non
823 1595 965 1641 amplius
980 1605 1066 1628 cun-

309 1643 462 1680 &andum
476 1653 561 1677 ratus
580 1642 694 1684 Persa,
721 1643 915 1679 Mardonium
933 1642 991 1677 sibi
1007 1655 1065 1691 ge·

308 1705 422 1729 nerum
442 1692 601 1728 adornare
617 1692 711 1738 jubet
726 1693 898 1741 ingentem
921 1691 1076 1729 class'em‚'

309 1743 483 1791 copiasque
515 1742 680 1778 terrestres
713 1744 882 1778 maximas.
925 1745 1065 1778 Conve-

308 1793 423 1827 niendi
442 1793 536 1826 locus
554 1792 595 1826 ad
615 1791 873 1836 Hellespontum
892 1792 1064 1832 indicitur,

310 1841 557 1875 transfretantur
569 1842 615 1875 ibi
629 1853 668 1875 ex
688 1840 759 1875 Asia
776 1842 811 1876 in
822 1842 988 1889 Europam
998 1852 1064 1875 ter-

310 1890 426 1925 restres
437 1890 554 1936 copiae‚
565 1889 716 1935 procedit
729 1892 796 1937 pari
810 1888 896 1938 passu
907 1891 1065 1926 exercitus

309 1949 464 1986 uterque,
477 1936 530 1972 sed
543 1938 622 1972 dum
642 1938 680 1973 ad
693 1937 803 1973 Athon
811 1939 906 1975 staret
920 1939 1024 1975 clasfis
1034 1944 1065 1975 δι

307 1990 341 2033 in
354 1986 552 2022 Macedoniz'i
561 1986 740 2034 figerentur
748 1989 846 2024 castra
857 2016 866 2029 ‚
877 2001 968 2025 tanta
979 2002 1064 2025 tem-

307 2035 437 2084 pestatis
452 2037 501 2071 vis
511 2038 635 2084 ingruit
646 2061 657 2077 ‚
682 2048 719 2072 ut
730 2037 769 2072 ad
780 2037 847 2073 saxa
858 2038 1065 2075 alliderentur

308 2087 472 2134 pleraeque
491 2099 589 2121 naves
605 2110 616 2125 ‚
639 2087 852 2136 virorumque
872 2091 1014 2137 perirent
1025 2090 1065 2125 ad

309 2135 414 2169 millia
424 2136 554 2182 viginti.
566 2136 659 2170 'Non
670 2138 789 2173 melior
800 2137 977 2173 castrorum
992 2137 1064 2174 for-

312 2193 393 2218 tuna
401 2181 464 2217 fuit
478 2206 489 2223 ,
520 2184 645 2218 invadit
660 2186 764 2220 ηοᾶιι
778 2196 870 2221 tanta
895 2188 1064 2223 Thracum

313 2244 430 2267 manus
442 2254 452 2268 ‚
475 2240 512 2265 ut
536 2233 650 2266 omnia
666 2235 813 2268 tumultu
836 2236 957 2281 repleta
981 2237 1043 2271 sint
1055 2261 1065 2277 ‚

312 2283 410 2316 multi
427 2280 624 2316 caederentur
636 2306 647 2322 ‚
681 2282 746 2330 ipse
765 2283 942 2318 Mardonius
964 2284 1064 2319 ferret

311 2331 461 2366 vulnera:
487 2328 595 2377 aspera
608 2330 689 2365 adeo
701 2331 767 2367 haec
776 2330 839 2367 visa
847 2332 922 2368 sunt
935 2334 1063 2368 Mardo-

311 2383 360 2414 nio
376 2379 515 2415 fortunae
525 2379 715 2426 spiramina,
732 2392 770 2416 ut
782 2382 988 2417 necessarium
1006 2397 1064 2432 pu-

312 2428 384 2464 tfirit
394 2453 403 2469 ,
415 2426 533 2474 rejefita
547 2430 579 2463 in
592 2430 862 2478 tempusfaustius
873 2434 1064 2469 Graecorum

314 2479 401 2517 curii,
413 2479 515 2513 redire
525 2478 674 2514 domum.

362 2527 457 2562 Nihil
468 2526 537 2562 haec
544 2526 682 2568 fortunae,
691 2530 847 2577 iniquitas
857 2531 991 2566 Darium
999 2543 1066 2566 tur-

313 2577 423 2616 bavit;
444 2575 726 2625 annoinsequenti
741 2583 880 2624 majores
890 2582 944 2615 ille
955 2583 1066 2629 copias

300 2638 527 2674 -comparans‚
544 2639 602 2674 pro
614 2627 774 2661 Mardonia
784 2628 979 2672 duces-misit
997 2633 1065 2664 Da-

313 2677 365 2710 tim
377 2673 502 2710 Persam
516 2699 525 2713 ‚
546 2676 686 2723 Hippiam
697 2700 706 2716 ,
723 2680 756 2709 δι
768 2679 960 2711 Demaratum
972 2679 1066 2712 Grae-

316 2739 383 2759 cos.
409 2722 512 2759 Rectd
523 2725 587 2764 illi,
607 2724 751 2758 devitato
760 2721 860 2762 Atho,
878 2739 932 2773 per
942 2727 1065 2761 medias

312 2774 435 2809 vadunt
446 2773 621 2821 Cycladas:
639 2777 765 2813 Naxon,
778 2777 812 2807 δε
823 2774 845 2809 si
856 2788 926 2824 quae
937 2777 1003 2811 aliae
1014 2790 1064 2811 re-

311 2828 464 2870 gern'non
474 2821 702 2871 agnoscerent,
718 2825 751 2858 in
761 2822 812 2857 via
831 2827 999 2861 mittentes
1009 2825 1064 2860 sub

309 2876 439 2920 jugum.
472 2874 510 2906 In
529 2871 651 2906 Euboea
674 2874 782 2907 minus
802 2871 854 2920 spe
874 2873 937 2909 fuit
958 2888 1065 2924 nego—

311 2924 413 2960 tium,
430 2920 524 2957 facile
542 2924 666 2969 capitur
678 2919 846 2965 Erythra,
863 2926 967 2970 plenis
986 2925 1063 2960 hinc

313 2972 390 3004 velis
405 2971 548 3006 tenditur
560 2973 594 3006 in
616 2974 763 3007 Atticam
777 2998 786 3012 ‚
804 2985 1015 3019 exponuntur
1025 2974 1065 3008 ad

313 3017 540 3055 Marathonem
554 3023 670 3069 copia,
681 3020 792 3070 Hzppia
799 3024 1064 3070 praemonstrante

313 3066 420 3099 viam:
449 3072 735 3114 ponunturinlate'i
755 3073 886 3118 planitie
899 3074 1018 3113 castra,
1047 3070 1065 3106 ὲ

313 3116 446 3157 regione
466 3116 495 3150 se
516 3119 603 3153 locat
623 3121 869 3157 Atheniensium
889 3124 1008 3171 myrias
1032 3125 1064 3156 δι’

312 3163 531 3201 Plataeenfium
543 3169 644 3205 mille.
661 3172 770 3209 Fidem
782 3170 924 3209 fecerant
935 3175 1064 3210 Lacones

1108 311 1166 344 iter
1178 310 1319 358 ingredi.
1346 311 1436 345 Dum
1458 310 1537 345 redit
1558 310 1702 346 Athenas
1716 315 1842 362 legatus
1851 337 1861 350 ‚

1109 360 1141 392 in
1154 358 1206 393 via
1224 359 1362 394 obvium
1379 359 1475 394 habet
1487 372 1661 395 cornutum
1679 365 1777 400 Pana;
1804 364 1860 411 qui

1113 408 1189 441 licet
1200 420 1400 454 quereretur,
1417 409 1456 444 ab
1468 409 1715 445 Atheniensibus
1726 413 1824 447 nimis
1833 411 1862 446 se

1109 456 1264 491 ha&enus
1273 459 1357 493 inter
1368 460 1459 493 Deos
1473 459 1654 506 neglecffturn
1666 485 1676 501 ,
1688 463 1862 508 pollicetur

1107 515 1216 539 tamen
1228 507 1260 539 in
1272 505 1438 553 praesentiz'i
1448 507 1624 556 benignam
1638 523 1751 557 opem:
1761 510 1861 557 sparsa

1109 553 1167 588 hac
1177 554 1288 589 divina
1299 569 1378 591 voce
1390 569 1443 604 per
1451 556 1547 591 castra
1562 583 1571 597 ,
1588 559 1668 592 mira
1680 561 1800 594 milites
1810 562 1861 594 in-

1109 603 1184 639 vasit
1195 604 1232 638 ad
1244 618 1388 653 pugnam
1401 604 1547 640 alacritas
1558 630 1568 642 ‚
1591 619 1688 654 quam
1708 608 1793 642 sovit
1809 611 1860 643 in-

1107 654 1218 699 primis
1228 655 1365 689 Milttadis
1377 656 1490 702 virtus.
1501 656 1625 690 Decem
1636 655 1652 691 a
1662 659 1787 705 populo
1796 659 1860 692 ele-

1082 733 1084 739 .
1107 704 1151 737 eti
1163 716 1254 738 erant
1264 704 1372 741 duces,
1381 717 1479 752 penes
1490 718 1574 752 quos
1584 706 1717 740 viciffim
1729 707 1860 755 singulis

1109 752 1220 787 diebus
1232 752 1358 788 summa
1378 752 1452 789 esset
1471 756 1597 802 imperii
1617 781 1627 796 ‚
1660 756 1778 791 horum
1790 770 1861 805 pars

1109 801 1215 835 media
1227 803 1420 838 abhorrebat
1435 802 1453 838 ὲ
1465 804 1571 853 pugn&
1583 818 1591 838 t
1613 806 1718 840 media
1730 807 1860 841 Miltia-

1110 848 1175 883 dem
1196 849 1330 897 sequens
1347 853 1462 887 avebat
1479 855 1578 900 praelii
1593 856 1720 891 aleam:
1731 857 1861 891 tandem

1109 896 1185 932 cum
1196 898 1396 942 Polymarchm
1404 902 1443 935 ad
1451 902 1603 937 Mltiadis
1612 904 1782 951 aceeffiffet
1790 919 1862 954 par-

1110 959 1155 982 tes
1168 971 1178 985 ‚
1194 948 1377 984 decernitur
1387 948 1448 984 effe
1458 952 1674 1000 pugnandum
1694 966 1769 990 curn
1781 968 1862 1004 prae·

1111 995 1250 1032 sentibus
1262 1001 1381 1046 copiis,
1407 1013 1476 1034 non
1493 1002 1576 1035 ultra
1587 1004 1758 1049 expectato
1769 1009 1862 1040 Laco-

1110 1060 1180 1080 num
1198 1048 1342 1083 adventu
1362 1059 1371 1081 t
1398 1049 1452 1083 die
1474 1051 1575 1097 praelii
1601 1052 1752 1087 Miltiadis
1771 1064 1863 1089 erant

1110 1097 1292 1143 imperandi
1309 1100 1411 1139 vices,
1438 1099 1613 1136 educitille
1632 1104 1761 1149 copias3
1786 1105 1865 1138 Pla-

1110 1145 1238 1181 taeenses
1250 1149 1283 1181 in
1301 1160 1402 1182 cornu
1415 1148 1539 1184 sinistro
1558 1173 1569 1190 ,
1600 1150 1816 1188 Athenienses
1829 1155 1864 1188 in

1109 1196 1224 1230 dextro
1240 1195 1423 1245 frequentes
1448 1199 1578 1236 locans,
1598 1200 1741 1235 mediam
1761 1205 1863 1237 aciem

1112 1246 1263 1280 rariorem
1277 1245 1411 1283 habuit,
1427 1247 1645 1295 disponuntur
1655 1250 1767 1285 contra
1785 1253 1863 1286 Bar-

1113 1294 1182 1329 bari
1207 1297 1242 1330 in
1269 1298 1337 1331 acie
1357 1309 1493 1333 numero
1519 1298 1704 1347 superantes
1730 1301 1866 1336 Graecos

1113 1344 1317 1391 plusdecies:
1340 1345 1427 1393 signa
1444 1359 1566 1383 canunt
1590 1376 1599 1388 ‚
1636 1362 1812 1396 erumpunt
1830 1352 1866 1385 in

1114 1393 1238 1429 hostem
1261 1395 1369 1430 Graeci
1388 1396 1478 1430 cursu
1498 1421 1507 1434 ‚
1539 1399 1706 1446 excipiunt
1731 1400 1866 1434 immoti

1113 1442 1225 1478 Persae:
1235 1442 1383 1479 funditur
1394 1445 1498 1480 media
1506 1446 1755 1482 Atheniensium
1767 1450 1866 1490 acies,

1114 1491 1167 1527 sed
1179 1504 1355 1542 utrumque
1367 1507 1469 1530 cornu
1479 1495 1572 1544 fugat
1582 1497 1770 1544 opposit08‚
1796 1511 1865 1545 quo

1113 1541 1200 1577 Γαᾶο
1214 1544 1413 1578 contrahunt
1425 1542 1493 1579 sein
1505 1559 1620 1587 unum,
1630 1541 1800 1592 Persasque
1810 1547 1867 1595 qui

1114 1593 1253 1627 mediam
1289 1593 1479 1640 premebant
1514 1597 1615 1630 aciem
1627 1620 1638 1637 ,
1663 1595 1866 1630 concludunt

1881 365 1994 402 Deserta

1880 404 1897 432 ὲ
1904 409 2010 439 Laceda-

1881 451 1966 476 moniis

1881 488 2005 520 Atheni-1

1880 530 1945 565 enses
1950 533 2007 562 Ρη

1878 570 1992 606 adjuvat.
1998 595 2001 601 ,

1881 794 2013 831 Splendida

1883 837 1940 866 2²11]
1941 839 2012 870 tiadie

1882 874 1915 902 ad
1921 882 1962 906 M
1959 891 2013 910 ara-

1880 926 1888 944 1
1894 917 1978 949 honen»

1879 961 1994 993 vinaria.

1114 1641 1364 1691 conciduntque
1383 1645 1533 1690 penitus;
1559 1645 1641 1692 quin
1660 1648 1692 1679 ὃ(
1709 1655 1778 1679 tota
1788 1647 1868 1680 Bar-
1909 1668 1916 1675 =

1114 1689 1266 1726 batorum
1279 1692 1374 1726 turba
1385 1702 1473 1741 terga
1489 1704 1618 1729 vertens
1634 1693 1757 1741 trepide
1778 1693 1867 1743 fugit

1113 1740 1151 1775 ad
1174 1753 1293 1780 naves,
1321 1739 1502 1790 sequuntur
1526 1745 1656 1785 Graeci,
1682 1743 1866 1779 incendunt

1112 1802 1192 1836 quas
1203 1788 1331 1838 possunt
1343 1804 1450 1834 naves,
1461 1794 1612 1840 quasdam
1625 1793 1817 1829 subtrahunt
1830 1797 1865 1829 in

1113 1841 1205 1874 littus
1219 1864 1231 1881 ,
1272 1841 1431 1891 Cynegirua
1465 1855 1563 1877 unam
1598 1856 1712 1878 navem
1750 1843 1861 1878 dextrz‘i

1880 1847 1991 1889 Cynegiri

1113 1888 1287 1936 prehendit
1298 1903 1339 1924 eo
1350 1890 1448 1938 usque
1460 1915 1470 1929 ‚
1486 1892 1564 1927 dum
1575 1903 1741 1940 amputata
1749 1893 1863 1940 bipen-
1881 1894 2001 1920 vinus&

1113 1941 1146 1972 ni
1165 1951 1278 1974 manus
1289 1940 1415 1975 caderet
1426 1942 1460 1975 in
1477 1954 1580 1983 mare,
1601 1943 1742 1989 privatus
1753 1942 1863 1977 dextra
1877 1935 2003 1974 sp‘fflum·

1111 1987 1266 2023 admovet
1285 1992 1360 2026 navi
1380 1989 1556 2033 sinistram,
1582 1991 1640 2026 hac
1657 2004 1794 2039 quoque
1814 2005 1865 2026 re-

1111 2036 1196 2073 scissa
1214 2037 1322 2087 infigit
1343 2039 1459 2075 dentes
1486 2065 1497 2081 ‚
1533 2053 1594 2077 nec
1613 2039 1699 2089 prius
1727 2041 1864 2077 dimittit

1111 2087 1206 2136 quam
1225 2092 1328 2136 capite
1353 2100 1523 2125 truncatus
1549 2090 1673 2125 caderet
1691 2091 1862 2129 exanimis.

1112 2139 1237 2186 Captus
1247 2138 1292 2172 est
1299 2140 1402 2173 oculis
1413 2140 1445 2172 in
1455 2137 1581 2174 fervore
1591 2150 1706 2186 pugnae
1719 2138 1784 2173 sine
1796 2140 1861 2175 alio

1110 2187 1222 2221 dolore
1241 2187 1374 2221 Graecus
1401 2188 1533 2232 quidam
1553 2187 1668 2228 miles,
1693 2187 1862 2233 cujusdam

1109 2233 1240 2280 spestri‚
1261 2244 1296 2268 ut
1315 2233 1438 2279 ajebat,
1457 2235 1564 2271 afflatu
1580 2250 1588 2271 :
1614 2237 1695 2272 vidit
1707 2249 1821 2272 contra
1831 2238 1863 2273 se

1111 2283 1192 2317 stare
1204 2284 1372 2329 ingentem
1384 2285 1545 2330 quendam
1558 2287 1663 2322 virum
1674 2310 1682 2326 ,
1692 2288 1747 2334 qui
1756 2289 1864 2324 menti

1112 2331 1226 2367 umbra
1244 2342 1354 2367 totum
1370 2333 1462 2368 suurn
1482 2346 1671 2384 contegeret
1693 2337 1840 2387 clypeum
1853 2362 1866 2379 ,

1114 2381 1153 2416 ad
1172 2385 1263 2427 cujus
1281 2381 1483 2429 praesentiam
1511 2383 1652 2421 cecidiss‘e
1679 2387 1866 2423 exanimem

1116 2444 1219 2466 unum
1230 2443 1266 2466 cx
1279 2431 1372 2467 sociis
1383 2437 1414 2468 &
1428 2432 1532 2470 semet
1543 2435 1720 2470 oculorum
1733 2434 1787 2469 usu
1799 2437 1866 2483 pri-

1116 2491 1240 2517 vatum.

1162 2532 1253 2566 Licet
1270 2531 1302 2565 in
1313 2529 1422 2578 praelio
1433 2529 1639 2578 perdidissent
1653 2529 1754 2567 Persae
1769 2533 1808 2568 ad
1819 2531 1867 2568 se-

1114 2592 1157 2614 na
1175 2591 1304 2615 tantum
1325 2581 1427 2613 millia
1441 2604 1450 2619 ‚
1473 2580 1569 2627 usque
1588 2580 1670 2615 adeo
1685 2592 1793 2617 tamen
1809 2595 1866 2618 eos

1116 2631 1284 2675 perterruit
1298 2629 1486 2663 Graecorum
1499 2631 1580 2664 mira
1594 2628 1770 2669 fortitudo,
1781 2643 1816 2667 ut
1826 2632 1867 2667 ad

1113 2690 1233 2712 novam
1253 2690 1395 2726 pugnam
1416 2690 1481 2712 non
1498 2679 1559 2714 ausi
1571 2680 1674 2714 redire
1686 2706 1697 2719 ‚
1710 2683 1742 2715 in
1755 2681 1864 2715 Asiam

1115 2739 1212 2774 quam
1230 2729 1371 2773 primum
1391 2740 1584 2764 remearent.
1618 2728 1739 2764 Verum
1765 2730 1863 2765 hacce

1113 2775 1251 2819 vistorizi
1262 2801 1270 2812 ,
1284 2787 1416 2811 utnovo
1428 2778 1546 2812 titione
1555 2802 1564 2817 ,
1578 2781 1715 2821 majores
1725 2780 1757 2812 in
1769 2779 1864 2814 Dario

1113 2826 1231 2860 irarum
1240 2825 1378 2862 flammae
1389 2826 1523 2861 accensae
1531 2825 1622 2860 sunt:
1646 2826 1744 2874 triplo
1758 2832 1863 2874 majo-

1113 2886 1164 2909 res
1173 2888 1269 2922 quam
1287 2878 1373 2922 prius
1388 2888 1531 2923 unquam
1546 2900 1555 2915 ‚
1570 2876 1604 2909 in
1614 2875 1745 2911 Graecos
1758 2879 1863 2926 parari

1108 2923 1203 2968 jubet
1225 2926 1306 2959 vires
1323 2938 1332 2957 z
1369 2926 1532 2972 AEgyptus
1556 2925 1679 2960 interea
1710 2927 1841 2962 rebellat
1851 2951 1862 2967 ,

1113 2983 1251 3019 utraque
1261 2972 1327 3007 haec
1337 2973 1414 3007 dum
1428 2983 1516 3007 vexat
1527 2974 1671 3009 animum
1684 2987 1760 3011 cura
1770 3001 1779 3017 ,
1804 2988 1863 3011 co-

1113 3033 1197 3069 gunt
1208 3021 1372 3069 quiescere
1382 3021 1446 3056 fata
1456 3048 1463 3061 ,
1477 3023 1531 3070 qui
1543 3023 1575 3057 in
1586 3025 1722 3072 triginta
1734 3025 1784 3061 sex
1797 3028 1863 3061 im-

1114 3072 1192 3118 perii
1203 3073 1295 3105 annis
1305 3068 1470 3119 quievisset
1484 3085 1666 3121 nunquam.

1160 3121 1379 3155 Democratiis
1395 3119 1517 3166 semper
1529 3121 1658 3159 solenne
1669 3122 1750 3160 fuit,
1774 3123 1861 3170 opti·
1880 3138 1954 3167 foeda

1114 3169 1166 3205 me
1177 3173 1215 3206 de
1224 3169 1254 3206 se
1264 3171 1387 3206 meritis
1398 3170 1562 3218 pessimam
1575 3172 1693 3209 referre
1704 3173 1860 3255 gratiarnl:

1778 3224 1833 3256 M
1849 3239 1862 3245 -

1882 3179 2001 3212 Atheni-
