2048 3343
290 104 346 142 150

291 171 337 194 ter
349 162 381 194 δε
393 170 429 192 ex
442 154 602 191 occasione
615 154 737 188 aliarum
749 152 849 187 litium
864 153 895 186 in
906 150 1050 200 quaestio-

292 221 364 242 nem
379 217 483 249 vocata
497 204 571 239 sunt.
599 204 696 239 Certe
710 201 910 250 eAugustt'nm
928 201 1052 235 tandem

291 269 430 291 errorem
453 257 566 303 Pelagii
590 254 628 287 de
653 251 917 299 praedestinatione
941 250 1052 298 prima-

292 308 372 342 rium
383 305 478 340 totius
492 307 556 348 ejus
570 301 718 337 haereseos
731 300 964 336 fundamentum
976 311 1053 334 con-

292 357 389 391 stituit
398 380 407 395 ‚
421 359 452 389 δι
465 365 568 388 tamen
580 353 610 386 in
623 353 720 398 capite
735 352 776 386 de
790 349 1053 398 praedestinatione

294 417 453 452 nunquam
470 401 614 449 processit
635 402 778 448 ‘Pelagius
797 400 873 434 ultra
888 410 971 434 tuam
983 409 1054 433 tuo-

294 467 425 502 rumque
433 453 595 487 au&0rum
610 448 802 484 sententiam:
827 447 1054 483 Posterioribus

294 505 423 551 quidem
440 502 526 537 libris
539 500 671 535 docebat
684 500 871 533 electionem
888 497 1006 531 tantum
1019 509 1055 529 ex

295 553 357 588 fide
372 577 380 590 ‚
407 563 440 586 ut
452 550 537 585 antea
551 549 682 584 diximus
697 561 732 582 ex
750 550 814 592 ejus
827 546 1055 580 commentario

296 604 328 637 in
336 602 495 650 epistolam
502 599 538 634 acl
546 599 710 633 Romanos
723 612 730 631 :
742 596 827 643 quod
836 595 856 628 fi
864 595 987 642 probari
997 606 1055 641 po-

296 652 353 686 test
368 649 501 685 docuisse
519 661 589 682 cuni
606 647 792 681 electionem
812 657 848 678 ex
862 644 1008 690 operibus
1024 646 1056 678 ὅτ.

296 702 429 736 meritis,
444 699 529 746 quod
543 698 586 731 tui
600 697 742 730 auctores
759 692 915 732 fecerunt,
931 704 1056 727 tumne-

298 763 359 798 que
372 751 437 789 ille,
452 760 552 793 neque
566 743 723 793 quisquam
737 744 809 781 alius
818 743 995 776 mortalium
1003 754 1057 788 pe-

299 804 366 845 jora
377 810 512 845 unquam
525 796 556 828 in
569 794 630 828 hoc
644 793 772 827 articulo
781 792 886 827 docuit
894 790 1057 826 secundum

300 849 442 883 omnium
451 845 620 880 do<storum
634 842 822 878 sententiam.

349 897 492 931 Alterum
507 892 667 942 Augustini
685 893 788 926 locum
803 890 872 926 vide
886 891 917 925 in
932 889 1061 938 epistolii

301 946 337 981 ad
350 950 484 984 Siarum,
498 944 569 979 cum
584 943 600 977 a
615 942 702 976 variis
713 942 846 989 Synodis
860 942 995 989 Pelagius
1009 940 1061 974 da-

301 1008 421 1031 mnatus
432 993 542 1032 fuisset,
564 994 676 1026 Romae
685 1003 786 1026 tamen
799 991 916 1024 multos
928 990 1062 1024 habebat

303 1044 459 1094 sequaces:
481 1045 514 1077 hi
526 1043 619 1077 trium
633 1052 716 1076 erant
729 1052 894 1088 generum;
916 1040 1009 1087 primi
1022 1052 1061 1073 eo

307 1095 472 1142 flagrabant
480 1106 549 1140 erga
557 1093 666 1140 Pelagii
679 1091 825 1138 dogmata
836 1090 915 1130 zelo,
925 1100 958 1123 ut
965 1102 999 1123 ea
1006 1101 1063 1135 pu-

308 1144 390 1179 blice
404 1141 603 1178 defenderent
618 1155 627 1181 ς
652 1140 700 1174 alii
720 1140 871 1174 cautiores
889 1139 921 1173 in
934 1138 1063 1186 publico

311 1194 437 1228 silebant
453 1217 463 1232 ,
484 1190 532 1226 sed
551 1191 692 1238 privatim
704 1214 713 1228 ,
740 1199 887 1236 quantum
905 1197 1064 1236 poterant,

311 1247 376 1289 ejus
388 1240 503 1277 causam
516 1239 759 1288 pi·omovcbant;
772 1239 821 1272 alii
834 1238 968 1285 denique
982 1247 1065 1271 metu

314 1292 505 1327 censurarum
528 1288 658 1334 ecclefiae
678 1299 739 1321 tam
755 1287 878 1334 publice
896 1298 988 1333 quam
1003 1286 1064 1331 pri-

314 1343 404 1377 vatim
419 1340 543 1374 silebant
551 1363 561 1378 ,
579 1350 644 1372 non
655 1349 757 1371 tamen
769 1335 910 1370 animitus
923 1337 987 1380 ejus
1003 1334 1065 1369 hae-

313 1393 405 1427 retica
418 1390 562 1437 dogmata
574 1387 762 1431 rejiciebant.
789 1386 911 1420 Primos
923 1383 1066 1433 Angusti-

313 1454 368 1476 nws
380 1435 570 1475 existimabat
582 1436 695 1471 merito
709 1436 867 1470 damnatos
880 1459 890 1474 ,
915 1439 947 1469 &
961 1434 1067 1467 incita-

314 1490 409 1525 batad
421 1500 548 1522 omnem
563 1497 669 1520 contra
682 1497 736 1519 eos
747 1483 937 1518 severitatem
946 1498 955 1524 ;
965 1482 1066 1518 secun—

315 1542 372 1574 dos
386 1538 509 1573 volebat
525 1535 681 1583 inquiri&
695 1531 866 1581 compesci3
884 1534 992 1568 tertios
1006 1533 1066 1567 exi-

314 1588 456 1624 stimabat
463 1583 569 1620 versari
582 1586 612 1618 in
624 1584 762 1632 periculo
776 1583 995 1624 damnationis,
1015 1582 1065 1617 acl-

314 1651 416 1686 eoque
427 1633 818 1673 instruendosaccurateme
829 1633 983 1668 erroribus
993 1632 1066 1671 istis,

315 1701 394 1735 quos
407 1697 508 1721 tutam
521 1683 778 1720 leviteraestimas‚
794 1684 826 1716 in
839 1694 988 1717 aeternum
998 1694 1065 1729 per-

315 1739 405 1773 irent.
448 1738 524 1770 Sunt
540 1734 687 1782 (inquit)
708 1733 832 1780 quidam
845 1731 1001 1778 justiffime
1015 1732 1066 1766 da-

316 1787 423 1826 mnati,
436 1786 490 1833 qui
503 1785 555 1818 has
569 1784 742 1830 impietates
762 1782 859 1816 adhuc
875 1781 1000 1816 liberiiis
1014 1781 1067 1816 de-

314 1836 478 1872 fendendas
486 1844 606 1882 putant:
620 1831 686 1867 sunt
693 1831 903 1880 quioccultisis
912 1842 1069 1879 penetrant

315 1887 496 1924 domos‚&‚
505 1884 591 1931 quod
601 1886 632 1916 in
646 1893 752 1930 aperto
765 1882 893 1916 clamare
909 1892 1068 1921 metuunt,

317 1937 349 1970 in
366 1936 481 1970 secreto
495 1931 641 1967 seminare
655 1944 720 1966 non
734 1929 890 1978 quiescunt
908 1945 916 1965 :
937 1928 1003 1966 sunt
1015 1931 1068 1978 qui

319 1984 452 2020 omnino
460 1982 769 2029 filuerunt‚utmagn0
776 1981 889 2015 timore
896 1979 1067 2027 compreffi,

317 2034 404 2082 quod
417 2032 510 2068 corde
523 2033 655 2066 retinent
668 2055 677 2070 ‚
704 2043 760 2064 ore
774 2029 915 2077 profiteri
935 2043 1000 2064 non
1015 2042 1067 2063 au-

316 2086 421 2123 deant3
437 2078 756 2129 proindealiiseverius
770 2079 951 2116 coercendi,
968 2080 1066 2113 aliivi-

316 2132 457 2181 gilantiuS
470 2130 669 2177 investigandi
681 2154 690 2168 ‚
718 2130 767 2163 alii
780 2129 927 2163 tractandi
942 2129 1068 2177 quidem

317 2182 432 2220 lenius,
451 2179 499 2214 sed
515 2193 579 2213 non
595 2177 723 2226 segniter
736 2176 800 2212 sunt
814 2178 966 2218 docendi,
989 2189 1034 2219 ut,
1049 2177 1068 2211 fi

317 2244 382 2265 non
394 2231 513 2264 timent,
525 2241 563 2261 ne
574 2230 711 2274 perdant3
722 2240 787 2261 nori
799 2239 901 2261 tamen
912 2228 1068 2274 negligan-

317 2292 377 2318 tur,
392 2291 430 2311 nc
443 2288 575 2324 pereant.

154 2340 248 2376 Prosper
271 2335 304 2368 (5⁶
366 2329 495 2376 prosperi
513 2326 563 2360 vix
580 2326 633 2359 alia
647 2324 690 2358 est
704 2324 794 2358 etiam
809 2322 846 2355 de
862 2323 1068 2369 Semipelagia-

154 2379 293 2414 Fulgentius
320 2379 363 2411 nis
378 2375 521 2410 sententia
539 2374 577 2406 ab
596 2371 730 2419 ipsorum
749 2371 786 2404 de
805 2369 1068 2416 praedestinatione

153 2416 307 2484 ῑὲἶῑτῖἶὲέῒ
321 2438 457 2461 errorem
466 2449 474 2464 ‚
491 2422 542 2457 etsi
556 2424 659 2466 Voffim
675 2421 749 2455 istos
762 2420 834 2453 velit
846 2431 1002 2465 nunquam
1015 2418 1070 2452 ha-

155 2497 295 2534 mipelagia-

154 2547 250 2565 norum.

321 2477 403 2510 bitos
416 2487 473 2521 pro
485 2473 646 2511 haereficis,
660 2470 725 2505 imo
739 2470 769 2503 in
783 2469 924 2503 doctrina
936 2468 1071 2515 ipsorum

320 2528 356 2560 de
370 2522 634 2571 praedestinatione
647 2531 803 2567 nunquam
817 2529 972 2601 reputatos
984 2518 1070 2553 hete-

320 2576 470 2609 rodoxos.
492 2571 573 2606 Vide
587 2573 756 2618 prosperum
763 2568 850 2602 adver
865 2580 898 2601 us
906 2568 1072 2611 Caffianum

320 2624 618 2672 Scmzpelazgianorum
625 2620 778 2666 optimum
786 2618 818 2651 in
825 2617 911 2651 omni
917 2618 1072 2654 virtute,in

322 2674 426 2720 primis
440 2673 471 2705 in
484 2670 702 2704 retractatione
715 2665 887 2701 excessuum
906 2665 923 2700 a
940 2664 1028 2701 sociis
1041 2667 1073 2700 in

322 2721 415 2770 gratia
428 2720 649 2768 praeveniente:
666 2716 869 2750 nihilominus
882 2715 927 2749 ob
941 2728 1071 2756 errores,

320 2785 399 2819 quos
407 2769 467 2818 ipse
475 2768 597 2803 tenebat
606 2780 675 2801 eum
684 2766 810 2813 appellat
817 2776 877 2798 tam
885 2763 976 2811 prosa
983 2778 1073 2813 quam

321 2820 417 2856 versu,
431 2819 602 2865 viperamin
609 2815 811 2851 damnationis
820 2814 973 2861 periculo,
987 2815 1074 2862 quod

324 2868 408 2904 ausus
420 2866 518 2902 fuisset
531 2878 629 2900 taxare
641 2865 815 2900 doctrinam
828 2863 987 2898 reverendi
999 2862 1073 2898 senis

324 2919 509 2967 «Augustini
522 2941 531 2955 ,
559 2917 611 2963 qui
624 2912 829 2949 basiliscorum
841 2914 1074 2961 ‘Pelagianorum

325 2969 420 3015 capita
432 2966 669 3001 conculcaverat.
692 2966 736 2997 Ita
749 2963 914 3006 Caffianum
926 2973 1046 2996 monet:

375 3032 408 3061 In
418 3041 472 3074 qno
469 3027 599 3072 fiamque
599 3027 679 3070 finus
683 3027 835 3072 spirarum
842 3033 975 3070 torqueat
985 3022 1075 3063 orbes,

425 3081 451 3109 E
454 3088 464 3108 t
470 3077 571 3121 fallax
580 3073 676 3108 multi
688 3084 816 3123 contegat
821 3083 885 3106 arte
896 3083 997 3121 caput:

374 3130 546 3159 Currentem
555 3127 671 3157 attritos
674 3123 761 3172 sitper
767 3123 877 3171 aspidas
886 3126 923 3162 (ῥ’
930 3119 1076 3167 basiliscos,

425 3173 694 3218 ‘Declinaresbnem
704 3176 809 3221 vipera
822 3185 878 3207 non
888 3175 1006 3221 poterit.

571 84 666 123 DE
724 82 1539 127 Pnfflnzs1-1NA110N1-:‚

1378 150 1483 185 Etiam
1497 149 1547 184 fic.

1135 201 1286 247 Dumque
1303 199 1385 233 doces
1402 211 1550 246 qnantum
1569 199 1672 233 valeat
1683 213 1762 236 mens
1774 201 1846 237 hbe-

1247 261 1284 283 ra
1292 273 1302 288 ‚
1315 248 1455 294 monstras
1463 273 1471 286 ,

1187 301 1259 334 Velle
1270 309 1359 332 tuum
1371 297 1488 332 tibtmet
1493 298 1636 343 fhfficere,
1649 310 1683 333 ut
1693 310 1800 348 pereas.

1089 361 1143 394 De
1158 360 1297 408 periculo
1316 371 1458 394 errorum
1476 361 1541 404 ejus
1560 358 1599 394 fic
1617 361 1726 407 pergit.
1763 361 1848 394 Huic

1092 410 1107 453 (
1121 409 1250 456 inquit)
1276 406 1430 443 sententiae
1447 407 1550 455 potest
1568 409 1704 455 praebere
1720 407 1850 443 consen-

1091 457 1154 491 sum
1163 481 1172 494 ,
1185 459 1239 505 qui
1253 455 1281 491 se
1293 457 1310 491 a
1325 457 1455 492 Christo
1469 470 1535 490 non
1547 459 1610 491 vult
1620 456 1678 492 effe
1690 456 1830 492 salvatum
1839 483 1851 498 ,

1091 508 1122 540 in
1135 507 1240 553 primis
1253 506 1284 540 in
1300 506 1468 554 quaestione
1480 505 1598 545 nostra,
1616 509 1700 551 cujus
1715 508 1849 554 (inquit)

1092 554 1368 603 praedestinationis
1382 553 1517 602 quisquis
1539 554 1583 589 est
1601 556 1799 604 impugnator
1819 570 1853 590 a-

1092 605 1273 653 pertiffimus
1287 603 1331 639 est
1338 606 1504 653 ‘Pelagium
1511 605 1649 638 elationis
1658 607 1787 650 adjutor.
1809 607 1853 642 Et

1093 654 1185 701 paulo
1198 653 1292 701 supra.
1318 655 1401 689 Vere
1420 655 1560 702 (inquit)
1576 655 1629 701 qui
1643 654 1697 688 ista
1710 653 1851 696 sentiunt,

1094 703 1189 738 fidem
1203 716 1268 737 non
1282 716 1466 751 acceperunt
1476 728 1486 743 ‚
1500 714 1551 737 aut
1565 716 1656 750 quam
1663 716 1852 752 acceperant,

1094 753 1293 800 perdiderunt
1300 776 1308 789 ‚
1322 752 1477 801 sequendo
1486 753 1671 788 vanissimam
1682 755 1852 804 Pelagiano-

1095 815 1166 836 rum
1178 800 1359 849 superbiam.

1142 853 1246 886 Miror
1253 851 1375 894 Voffium
1387 852 1496 886 audere
1503 851 1652 887 adducere
1659 851 1854 901 Prospemm,

1096 911 1130 935 ut
1143 902 1313 936 eximantur
1336 903 1563 951 Semipelagiani
1576 914 1613 935 ex
1631 903 1773 950 catalogo
1791 902 1856 938 hae-

1098 951 1284 991 reticorum3
1299 963 1369 985 nam
1383 963 1454 985 eum
1462 952 1563 998 legere
1572 950 1615 985 est
1628 948 1802 986 suadentem
1810 953 1857 987 E-

1098 998 1226 1048 piscopo
1233 1001 1396 1040 Romano,
1416 1011 1450 1034 ut
1466 999 1672 1034 curaretistos
1686 1000 1791 1036 iisdem
1804 1014 1857 1036 ex-

1098 1051 1392 1084 communicationis
1406 1054 1437 1085 &
1454 1050 1536 1084 exilii
1551 1049 1669 1097 legibus
1686 1047 1858 1095 subjacere,

1099 1099 1211 1146 quibus
1223 1101 1374 1149 Pelagiani
1388 1099 1606 1148 premebantur
1616 1123 1626 1139 ,
1645 1099 1859 1140 certificans,fi

1099 1149 1303 1183 tolerarentur
1316 1154 1347 1184 &
1363 1150 1612 1196 permitterentur
1631 1149 1665 1182 in
1678 1161 1751 1196 pace
1766 1150 1858 1185 ullam

1100 1197 1146 1233 vel
1162 1199 1321 1232 minimam
1333 1197 1481 1233 haereseos
1494 1199 1650 1247 Pelagianae
1657 1210 1790 1246 partem,
1804 1211 1859 1234 ne-

1100 1245 1314 1292 dumejusdem
1325 1248 1486 1283 dimidium
1496 1248 1643 1287 retinere,
1657 1259 1858 1284 renovaturos

1101 1294 1182 1342 ipsos
1194 1306 1296 1330 totum
1315 1295 1399 1331 istius
1420 1298 1510 1332 lernae
1531 1297 1636 1331 chaos.
1671 1298 1795 1333 Notum
1813 1297 1859 1332 est

1103 1346 1238 1393 (inquit)
1256 1346 1296 1379 ita
1309 1345 1336 1380 se
1349 1343 1480 1380 falsitatis
1493 1346 1576 1380 istius
1583 1345 1696 1381 habere
1703 1346 1859 1388 versutias,

1102 1406 1135 1429 ut
1148 1394 1169 1428 fi
1182 1396 1218 1428 iis
1232 1396 1321 1428 liceat
1339 1405 1488 1441 praetextae
1502 1395 1708 1430 corredffionis
1722 1397 1856 1444 imagine

1101 1444 1226 1492 aliquod
1237 1443 1292 1478 sibi
1304 1441 1469 1478 faventium
1482 1443 1592 1477 radicis
1604 1442 1659 1477 suae
1672 1456 1798 1491 germen
1805 1458 1858 1479 ex-

1101 1495 1219 1541 cipere,
1240 1502 1338 1527 totam
1353 1490 1380 1526 se
1394 1490 1479 1539 poffe
1492 1492 1524 1525 in
1538 1491 1647 1538 exigua
1659 1491 1701 1527 sui
1717 1504 1800 1540 parte
1812 1506 1859 1529 re-

1100 1556 1218 1591 parare:
1231 1542 1286 1576 ubi
1294 1542 1378 1575 enim
1385 1553 1449 1575 non
1457 1541 1535 1576 aliud
1543 1540 1637 1575 habet
1644 1541 1860 1591 summaquam

1101 1594 1222 1640 portio,
1243 1604 1309 1626 non
1322 1590 1366 1625 est
1384 1590 1564 1625 devotionis
1577 1590 1687 1625 dedisse
1698 1604 1795 1640 prope
1806 1603 1860 1627 to-

1101 1655 1166 1678 tum
1176 1667 1186 1682 ‚
1199 1640 1248 1676 sed
1256 1639 1368 1675 fraudis
1375 1639 1528 1675 retinuisse
1535 1640 1579 1674 vel
1587 1640 1762 1682 minimum,
1771 1642 1859 1690 quod

1103 1706 1140 1728 ne
1155 1692 1389 1739 hypocritarum
1404 1689 1580 1725 obtineatur
1594 1689 1707 1725 insidiis
1721 1716 1731 1732 ‚
1757 1691 1860 1726 confi-

1102 1743 1214 1781 dimus,
1223 1739 1322 1789 quod,
1338 1740 1412 1775 ficut
1428 1740 1471 1774 illi
1485 1740 1576 1787 lupos
1587 1738 1718 1789 abegere
1730 1740 1861 1776 manife-

1102 1793 1183 1831 stos,
1197 1792 1238 1825 ita
1249 1791 1300 1825 hic
1313 1790 1440 1837 depellat
1452 1790 1601 1824 occultos.
1626 1791 1669 1824 Et
1680 1790 1763 1826 idem
1776 1793 1859 1825 ‘Pro-

1098 1847 1160 1894 sper
1177 1841 1214 1875 ad
1231 1840 1406 1885 Qaeffinum.
1442 1838 1743 1875 Praedestinationem
1763 1853 1859 1875 nemo

1104 1891 1286 1927 Catholicus
1299 1900 1404 1938 negat,
1425 1901 1491 1923 eam
1504 1889 1800 1935 praedestinationem
1812 1890 1860 1924 iri-

1104 1940 1275 1988 telligebat‚
1289 1953 1380 1988 quam
1394 1937 1454 1986 ipse
1467 1938 1536 1986 post
1549 1938 1751 1988 Augustinum
1765 1939 1860 1973 doce-

1104 1990 1170 2024 bat:
1186 1990 1254 2024 alias
1266 1988 1564 2037 praedestinationem
1577 1991 1612 2023 ad
1625 1989 1755 2037 gloriam
1769 1990 1806 2023 cx*
1819 2001 1858 2022 0-

1104 2039 1228 2088 peribus
1243 2040 1342 2073 nullus
1357 2038 1517 2073 haereticus
1535 2050 1670 2086 unquam
1689 2038 1809 2073 vocavit
1825 2038 1858 2072 in

1104 2090 1243 2124 dubium.
1267 2088 1416 2136 Denique
1430 2087 1469 2122 fic
1478 2087 1614 2135 loquitur
1625 2090 1768 2135 Prosper,
1781 2098 1858 2132 prae-

1104 2139 1340 2174 destinationem
1353 2148 1416 2172 tam
1429 2138 1559 2184 impium
1566 2135 1610 2171 est
1622 2149 1747 2182 negare,
1762 2134 1856 2183 quam

1105 2188 1158 2237 ipfi
1171 2189 1275 2235 gratiae
1294 2189 1457 2221 contraire.

1151 2238 1208 2270 lsta
1225 2248 1289 2269 non
1303 2234 1426 2268 fuerunt
1445 2235 1475 2266 in
1494 2232 1658 2280 Augustino
1671 2237 1702 2267 &
1713 2235 1855 2280 ‘Prospero

1103 2285 1268 2329 singularia.
1297 2283 1473 2328 Fulgentius
1484 2281 1593 2314 eadem
1608 2281 1689 2315 vadit
1700 2282 1758 2316 via.
1788 2283 1857 2316 Cu-

1104 2335 1150 2376 jus
1166 2331 1302 2377 (inquit)
1315 2328 1586 2376 praedestinationis
1598 2331 1753 2365 veritatem
1765 2329 1858 2378 siquis

1105 2381 1269 2416 detrectat,
1284 2378 1385 2413 cordis
1398 2379 1573 2414 credulitate
1585 2379 1721 2426 recipere
1736 2379 1783 2416 vel
1796 2381 1859 2414 oris

1106 2426 1294 2464 confessione
1309 2425 1447 2475 proferre
1460 2452 1471 2468 ‚
1495 2426 1517 2461 fi
1535 2438 1604 2462 ante
1620 2429 1763 2463 ultimum
1775 2429 1859 2464 diem

1107 2480 1172 2514 vitae
1186 2476 1354 2526 praesentiS‚
1373 2478 1538 2524 impietatis
1550 2479 1786 2518 contumaciam,
1800 2478 1860 2525 quii

1109 2530 1185 2563 Deo
1198 2530 1269 2562 vivo
1283 2531 1313 2563 &
1326 2539 1400 2562 vero
1411 2526 1534 2561 rebellis
1551 2526 1650 2561 existit
1662 2552 1671 2568 ,
1697 2540 1761 2562 non
1774 2527 1860 2574 abje-

1108 2579 1199 2617 cerit,
1219 2574 1415 2612 manifestum
1429 2575 1483 2616 est,
1497 2588 1568 2610 eum
1581 2589 1645 2610 non
1660 2578 1811 2624 pertinere
1823 2578 1860 2612 ad

1108 2639 1217 2662 eorum
1232 2638 1407 2666 numerum,
1416 2638 1496 2673 quos
1504 2626 1593 2659 Deus
1605 2627 1637 2659 in
1650 2626 1778 2662 Christo
1793 2638 1862 2662 ante

1109 2677 1215 2711 mundi
1227 2675 1483 2710 constitutionem
1495 2675 1587 2723 gratis
1602 2675 1696 2723 elegit
1710 2700 1720 2713 ‚
1740 2680 1772 2711 &
1785 2689 1861 2724 prae-

1108 2726 1270 2761 destinavit
1280 2726 1317 2759 ad
1328 2737 1467 2773 regnum.

1157 2775 1242 2809 Idem
1256 2776 1424 2823 Fulgentius
1436 2798 1444 2810 ‚
1466 2773 1513 2809 vel
1522 2796 1532 2810 2
1549 2783 1582 2808 ut
1594 2775 1658 2808 vult
1669 2774 1837 2823 Spalatenfis
1850 2798 1860 2814 ‚

1110 2824 1291 2874 Augustinus
1299 2826 1335 2858 de
1342 2823 1402 2858 fide
1410 2824 1445 2858 ad
1453 2827 1576 2857 Petrum
1586 2836 1647 2870 cap.
1655 2836 1700 2868 39.
1708 2823 1796 2869 ponit
1803 2823 1862 2857 do-

1111 2876 1240 2909 &rimam
1251 2873 1523 2921 praedestinationis
1532 2897 1541 2911 ‚
1554 2883 1645 2919 prout
1657 2870 1718 2918 ipse
1730 2885 1796 2906 eam
1810 2885 1862 2906 ex-

1111 2923 1259 2971 posuerat,
1268 2924 1346 2956 inter
1358 2923 1502 2969 dogmata
1510 2920 1591 2955 fidei.
1605 2921 1784 2956 Firmiffime
1798 2922 1863 2966 (in-

1112 2973 1201 3020 quit)
1222 2971 1311 3006 crede
1323 2975 1355 3006 &
1368 2972 1538 3004 nullatenus
1551 2969 1655 3004 dubita
1669 2970 1861 3017 praedestina-

1111 3023 1241 3057 tionem,
1254 3033 1321 3068 quae
1334 3018 1377 3054 est
1385 3019 1561 3067 praeparatio
1570 3023 1626 3054 &c-
1655 3020 1778 3055 Αυᾶοι·
1790 3021 1860 3066 Ηγ-

1112 3070 1288 3119 pognostici
1300 3070 1353 3103 lib.
1362 3075 1392 3103 6.
1404 3081 1468 3115 cap.
1481 3070 1535 3102 ult.
1560 3067 1860 3103 Praedestinationem

1114 3120 1247 3168 (inquit)
1262 3131 1386 3170 negare,
1402 3130 1494 3166 quam
1509 3117 1588 3164 apud
1600 3119 1707 3151 Deum
1719 3117 1777 3152 effe
1789 3118 1860 3151 bre-

1112 3170 1186 3208 viter
1200 3169 1397 3217 probavimus
1403 3192 1414 3209 ,
1438 3167 1579 3202 immanis
1599 3164 1783 3214 blasphemia
1806 3165 1860 3200 est.

1742 3216 1861 3255 Nequa-
